{"gold_per_floor":[211,186,197,41,55,88,88,122,167,167,221,221,221,241,241,342,342,361,371,371,386,396,396,396],"floor_reached":24,"playtime":1119,"items_purged":[],"score":258,"play_id":"abde6e37-75b7-48e2-87b2-76d77ab2c663","local_time":"20190130233850","is_ascension_mode":true,"campfire_choices":[{"floor":7.0,"key":"REST"},{"floor":10.0,"key":"REST"},{"data":"Streamline","floor":13.0,"key":"SMITH"},{"floor":15.0,"key":"REST"},{"floor":23.0,"key":"REST"}],"neow_cost":"NONE","seed_source_timestamp":128693100174833,"circlet_count":0,"master_deck":["Strike_B","Defend_B","Defend_B","Defend_B","Defend_B","Zap","Dualcast","Go for the Eyes","Cold Snap","Streamline+1","Cold Snap","FTL","Rebound","Sweeping Beam","Hologram","Electrodynamics","Machine Learning","Tempest+1","Turbo+1","Heatsinks+1","Aggregate","Glacier","Hologram","Sunder","Coolheaded"],"special_seed":0,"relics":["Cracked Core","Boot","Letter Opener","Dream Catcher","Art of War","Astrolabe"],"potions_floor_usage":[],"damage_taken":[{"damage":1.0,"enemies":"Cultist","floor":1.0,"turns":3.0},{"damage":10.0,"enemies":"2 Louse","floor":3.0,"turns":2.0},{"damage":1.0,"enemies":"Small Slimes","floor":5.0,"turns":3.0},{"damage":22.0,"enemies":"Gremlin Nob","floor":6.0,"turns":4.0},{"damage":26.0,"enemies":"3 Sentries","floor":8.0,"turns":6.0},{"damage":0.0,"enemies":"Looter","floor":14.0,"turns":2.0},{"damage":29.0,"enemies":"Hexaghost","floor":16.0,"turns":8.0},{"damage":11.0,"enemies":"Spheric Guardian","floor":18.0,"turns":3.0},{"damage":0.0,"enemies":"3 Byrds","floor":19.0,"turns":2.0},{"damage":19.0,"enemies":"Snake Plant","floor":21.0,"turns":4.0},{"damage":28.0,"enemies":"Shelled Parasite and Fungi","floor":22.0,"turns":5.0},{"damage":39,"enemies":"Slavers","floor":24,"turns":2}],"seed_played":"-2108570918883065527","potions_obtained":[{"floor":3.0,"key":"FocusPotion"},{"floor":6.0,"key":"PowerPotion"},{"floor":8.0,"key":"SpeedPotion"},{"floor":22.0,"key":"EssenceOfSteel"}],"is_trial":false,"path_per_floor":["M","$","M","$","M","E","R","E","T","R","?","?","R","M","R","B",null,"M","M","?","M","M","R","E"],"character_chosen":"DEFECT","items_purchased":["Cold Snap","Boot"],"campfire_rested":4,"item_purchase_floors":[2,4],"current_hp_per_floor":[74,74,64,64,63,41,63,37,37,59,59,64,64,64,80,51,73,62,62,62,43,15,39,0],"gold":396,"neow_bonus":"HUNDRED_GOLD","is_prod":false,"is_daily":false,"chose_seed":false,"campfire_upgraded":1,"win_rate":0,"timestamp":1548851930,"path_taken":["M","$","M","$","M","E","R","E","T","R","?","?","R","M","R","BOSS","M","M","?","M","M","R","E"],"build_version":"2019-01-23","purchased_purges":0,"victory":false,"max_hp_per_floor":[75,75,75,75,75,75,75,75,75,75,75,80,80,80,80,80,80,80,80,80,80,80,80,80],"card_choices":[{"not_picked":["Rebound","Turbo"],"picked":"Go for the Eyes","floor":1.0},{"not_picked":["Hello World","Storm"],"picked":"Streamline","floor":3.0},{"not_picked":["Heatsinks","Fusion"],"picked":"Cold Snap","floor":5.0},{"not_picked":["Redo","Streamline"],"picked":"FTL","floor":6.0},{"not_picked":["Leap","Force Field"],"picked":"Rebound","floor":8.0},{"not_picked":["Hologram","Barrage"],"picked":"Sweeping Beam","floor":10.0},{"not_picked":["Ball Lightning","Tempest"],"picked":"Hologram","floor":14.0},{"not_picked":["Coolheaded","Skim"],"picked":"Electrodynamics","floor":15.0},{"not_picked":["Core Surge","Biased Cognition"],"picked":"Machine Learning","floor":16.0},{"not_picked":["Hologram","Leap+1"],"picked":"Aggregate","floor":18.0},{"not_picked":["Doom and Gloom+1","Rebound"],"picked":"Glacier","floor":19.0},{"not_picked":["Lockon","Genetic Algorithm"],"picked":"Hologram","floor":21.0},{"not_picked":["Hello World","Streamline"],"picked":"Sunder","floor":22.0},{"not_picked":["Beam Cell","Gash+1"],"picked":"Coolheaded","floor":23.0}],"player_experience":583544,"relics_obtained":[{"floor":6.0,"key":"Letter Opener"},{"floor":8.0,"key":"Dream Catcher"},{"floor":9.0,"key":"Art of War"}],"event_choices":[{"damage_healed":0.0,"max_hp_gain":0.0,"max_hp_loss":0.0,"gold_gain":54.0,"event_name":"Golden Wing","player_choice":"Gained Gold","floor":11.0,"gold_loss":0.0,"damage_taken":0.0},{"damage_healed":0.0,"max_hp_gain":5.0,"max_hp_loss":0.0,"gold_gain":0.0,"event_name":"Big Fish","player_choice":"Donut","floor":12.0,"gold_loss":0.0,"damage_taken":0.0},{"damage_healed":0.0,"max_hp_gain":0.0,"max_hp_loss":0.0,"gold_gain":0.0,"event_name":"Vampires","player_choice":"Ignored","floor":20.0,"gold_loss":0.0,"damage_taken":0.0}],"is_beta":false,"boss_relics":[{"not_picked":["Empty Cage","Velvet Choker"],"picked":"Astrolabe"}],"items_purged_floors":[],"is_endless":false,"potions_floor_spawned":[3,6,8,22],"killed_by":"Slavers","ascension_level":5}