{"gold_per_floor":[211,386,400,36,49,81,81,92,116,116,142,152,152,15,15,15],"floor_reached":16,"playtime":995,"items_purged":["Doubt","Defend_R"],"score":154,"play_id":"3006ad8b-669d-462c-af0c-6e3f519b1ff0","local_time":"20190805121200","is_ascension_mode":true,"campfire_choices":[{"data":"Feed","floor":7.0,"key":"SMITH"},{"data":"Flame Barrier","floor":10.0,"key":"SMITH"},{"data":"Barricade","floor":13.0,"key":"SMITH"},{"data":"Blind","floor":15.0,"key":"SMITH"}],"neow_cost":"NONE","seed_source_timestamp":2214083252381200,"circlet_count":0,"master_deck":["Strike_R","Strike_R","Strike_R","Strike_R","Strike_R","Defend_R","Defend_R","Defend_R","Bash","Sword Boomerang","Iron Wave","Feel No Pain","True Grit","Feed+1","Flame Barrier+1","Barricade+1","Uppercut","Blind+1"],"special_seed":0,"relics":["Burning Blood","Sling","Smiling Mask","Blood Vial","Regal Pillow"],"potions_floor_usage":[],"damage_taken":[{"damage":11.0,"enemies":"Jaw Worm","floor":1.0,"turns":5.0},{"damage":11.0,"enemies":"Cultist","floor":3.0,"turns":4.0},{"damage":0.0,"enemies":"Small Slimes","floor":5.0,"turns":3.0},{"damage":19.0,"enemies":"Gremlin Nob","floor":6.0,"turns":4.0},{"damage":8.0,"enemies":"3 Louse","floor":8.0,"turns":5.0},{"damage":6.0,"enemies":"3 Sentries","floor":11.0,"turns":10.0},{"damage":2.0,"enemies":"Lots of Slimes","floor":12.0,"turns":5.0},{"damage":78,"enemies":"Slime Boss","floor":16,"turns":15}],"seed_played":"6156024821252954504","potions_obtained":[{"floor":5.0,"key":"Swift Potion"},{"floor":8.0,"key":"SpeedPotion"},{"floor":11.0,"key":"Dexterity Potion"}],"is_trial":false,"path_per_floor":["M","?","M","$","M","E","R","M","T","R","E","M","R","$","R","B"],"character_chosen":"IRONCLAD","items_purchased":["Sling","Feel No Pain","True Grit","Blind"],"campfire_rested":0,"item_purchase_floors":[4,4,4,14],"current_hp_per_floor":[67,67,62,62,68,55,55,57,57,57,63,73,73,73,73,0],"gold":15,"neow_bonus":"HUNDRED_GOLD","is_prod":false,"is_daily":false,"chose_seed":false,"campfire_upgraded":4,"win_rate":0,"timestamp":1565028720,"path_taken":["M","?","M","$","M","E","R","M","T","R","E","M","R","$","R","BOSS"],"build_version":"2019-07-18","purchased_purges":2,"victory":false,"max_hp_per_floor":[80,80,80,80,80,80,80,84,84,84,88,92,92,92,92,92],"card_choices":[{"not_picked":["True Grit","Corruption"],"picked":"Sword Boomerang","floor":1.0},{"not_picked":["Blood for Blood","Sword Boomerang"],"picked":"Iron Wave","floor":3.0},{"not_picked":["Entrench","Flex"],"picked":"Feed","floor":5.0},{"not_picked":["Searing Blow","Armaments","Corruption"],"picked":"SKIP","floor":6.0},{"not_picked":["Iron Wave","Havoc"],"picked":"Flame Barrier","floor":8.0},{"not_picked":["Warcry","Thunderclap"],"picked":"Barricade","floor":11.0},{"not_picked":["Perfected Strike","Anger"],"picked":"Uppercut","floor":12.0}],"player_experience":145004,"relics_obtained":[{"floor":6.0,"key":"Smiling Mask"},{"floor":9.0,"key":"Blood Vial"},{"floor":11.0,"key":"Regal Pillow"}],"event_choices":[{"damage_healed":0.0,"max_hp_gain":0.0,"max_hp_loss":0.0,"gold_gain":175.0,"event_name":"Liars Game","player_choice":"AGREE","floor":2.0,"gold_loss":0.0,"damage_taken":0.0,"cards_obtained":["Doubt"]}],"is_beta":true,"boss_relics":[],"items_purged_floors":[4,14],"is_endless":false,"potions_floor_spawned":[5,8,11],"killed_by":"Slime Boss","ascension_level":8}