{"gold_per_floor":[118,118,37,52,12,42,42,59,59,91,91,91,9,37,37,138,138,149,149,167,267,267,267,267,297,297,323,339,339,387,103,103,203,203,223,234,15,25,36,36,64,75,75,90,90,42,42,42,42,42],"floor_reached":50,"playtime":3843,"items_purged":[],"score":601,"play_id":"5ff4e591-4295-4cc2-8da3-4cf1136fd7c2","local_time":"20190503173235","is_ascension_mode":true,"campfire_choices":[{"data":"Rupture","floor":7,"key":"SMITH"},{"data":"Combust","floor":12,"key":"SMITH"},{"data":"Infernal Blade","floor":15,"key":"SMITH"},{"floor":23,"key":"REST"},{"floor":32,"key":"REST"},{"floor":40,"key":"REST"},{"floor":47,"key":"REST"},{"floor":49,"key":"RECALL"}],"neow_cost":"NONE","seed_source_timestamp":1876204934940200,"circlet_count":0,"master_deck":["Strike_R+1","Strike_R+1","Strike_R+1","Strike_R+1","Strike_R+1","Defend_R+1","Defend_R+1","Defend_R+1","Defend_R+1","Bash","Fire Breathing+1","Feel No Pain+1","Combust+1","Infernal Blade+1","Rupture+1","Corruption+1","Rage","Ghostly Armor","Juggernaut+1","Body Slam+1","Seeing Red","Intimidate","Shockwave+1","Mayhem+1"],"relics":["Black Blood","NeowsBlessing","Self Forming Clay","War Paint","Frozen Egg 2","Strawberry","FossilizedHelix","Darkstone Periapt","Du-Vu Doll","Omamori","Singing Bowl","Bronze Scales","Lizard Tail","Happy Flower","Gambling Chip","Paper Frog"],"potions_floor_usage":[21,27,27,33,33,38,39,39,44,50],"damage_taken":[{"damage":0,"enemies":"Jaw Worm","floor":1,"turns":1},{"damage":0,"enemies":"Cultist","floor":4,"turns":1},{"damage":0,"enemies":"3 Sentries","floor":6,"turns":1},{"damage":0,"enemies":"2 Louse","floor":8,"turns":3},{"damage":31,"enemies":"Lagavulin","floor":10,"turns":7},{"damage":21,"enemies":"3 Sentries","floor":14,"turns":4},{"damage":17,"enemies":"Slime Boss","floor":16,"turns":6},{"damage":19,"enemies":"2 Thieves","floor":18,"turns":4},{"damage":20,"enemies":"3 Byrds","floor":20,"turns":4},{"damage":30,"enemies":"Colosseum Slavers","floor":21,"turns":4},{"damage":23,"enemies":"Colosseum Nobs","floor":21,"turns":6},{"damage":36,"enemies":"Gremlin Leader","floor":25,"turns":7},{"damage":23,"enemies":"Slavers","floor":27,"turns":4},{"damage":6,"enemies":"Snecko","floor":28,"turns":6},{"damage":28,"enemies":"Champ","floor":33,"turns":9},{"damage":16,"enemies":"Orb Walker","floor":35,"turns":5},{"damage":35,"enemies":"3 Darklings","floor":36,"turns":6},{"damage":45,"enemies":"Maw","floor":38,"turns":8},{"damage":17,"enemies":"Jaw Worm Horde","floor":39,"turns":4},{"damage":51,"enemies":"Giant Head","floor":41,"turns":9},{"damage":27,"enemies":"Writhing Mass","floor":42,"turns":6},{"damage":7,"enemies":"Maw","floor":44,"turns":7},{"damage":122,"enemies":"Awakened One","floor":50,"turns":10}],"seed_played":"7114069332715619016","potions_obtained":[{"floor":8,"key":"Ancient Potion"},{"floor":14,"key":"Dexterity Potion"},{"floor":16,"key":"SpeedPotion"},{"floor":21,"key":"LiquidBronze"},{"floor":25,"key":"Explosive Potion"},{"floor":36,"key":"Explosive Potion"},{"floor":42,"key":"Strength Potion"}],"is_trial":false,"path_per_floor":["M","?","$","M","$","E","R","M","T","E","?","R","$","E","R","B",null,"M","?","M","?","?","R","?","E","T","E","M","?","T","$","R","B",null,"M","M","$","M","M","R","E","M","T","M","?","$","R","?","R","B"],"character_chosen":"IRONCLAD","items_purchased":["Feel No Pain","Infernal Blade","Rage","Mayhem+1","PowerPotion","FearPotion","Regen Potion","Happy Flower","Energy Potion"],"campfire_rested":4,"item_purchase_floors":[3,5,13,31,31,31,37,37,46],"current_hp_per_floor":[80,80,80,80,80,80,80,80,80,55,80,80,80,72,72,61,87,78,78,68,35,35,61,61,35,35,22,26,26,26,26,52,36,89,85,62,62,44,39,68,29,14,14,19,19,19,49,49,49,0],"gold":42,"neow_bonus":"THREE_ENEMY_KILL","is_prod":false,"is_daily":false,"chose_seed":false,"campfire_upgraded":3,"win_rate":0,"timestamp":1556929955,"path_taken":["M","?","$","M","$","E","R","?","T","E","?","R","?","E","R","BOSS","M","?","M","?","?","R","?","E","T","E","M","?","?","$","R","BOSS","M","M","$","M","M","R","E","M","T","M","?","?","R","?","R","BOSS"],"build_version":"2019-01-23","purchased_purges":0,"victory":false,"max_hp_per_floor":[80,80,80,80,80,80,80,80,80,80,80,80,80,87,87,87,87,87,87,87,87,87,87,87,87,87,87,87,87,87,87,87,89,89,91,93,93,95,97,97,99,101,101,103,103,103,103,103,103,103],"card_choices":[{"not_picked":["Thunderclap","Body Slam"],"picked":"Fire Breathing","floor":1},{"not_picked":["Iron Wave","Warcry"],"picked":"Combust","floor":4},{"not_picked":["Sword Boomerang","Twin Strike"],"picked":"Rupture","floor":6},{"not_picked":["Anger","Body Slam","Warcry"],"picked":"SKIP","floor":8},{"not_picked":["Wild Strike","Clothesline"],"picked":"Corruption","floor":10},{"not_picked":["Headbutt","Pommel Strike"],"picked":"Ghostly Armor","floor":14},{"not_picked":["Impervious","Bludgeon"],"picked":"Juggernaut+1","floor":16},{"not_picked":["Second Wind+1","Wild Strike"],"picked":"Body Slam+1","floor":18},{"not_picked":["Uppercut","Warcry"],"picked":"Intimidate","floor":20},{"not_picked":["Havoc+1","Armaments"],"picked":"Shockwave+1","floor":21},{"not_picked":["Juggernaut+1","Havoc","Headbutt"],"picked":"SKIP","floor":25},{"not_picked":["Limit Break","Dark Embrace+1","Body Slam"],"picked":"SKIP","floor":27},{"not_picked":["Wild Strike+1","Sword Boomerang+1","Fire Breathing+1"],"picked":"SKIP","floor":28},{"not_picked":["Fiend Fire","Impervious","Offering"],"picked":"Singing Bowl","floor":33},{"not_picked":["Warcry+1","Feel No Pain+1","Wild Strike"],"picked":"Singing Bowl","floor":35},{"not_picked":["Anger+1","Flex","Disarm"],"picked":"Singing Bowl","floor":36},{"not_picked":["Ghostly Armor+1","Blood for Blood+1","Anger+1"],"picked":"Singing Bowl","floor":38},{"not_picked":["Dual Wield+1","Perfected Strike+1","Rage+1"],"picked":"Singing Bowl","floor":39},{"not_picked":["Immolate","Perfected Strike","Intimidate"],"picked":"Singing Bowl","floor":41},{"not_picked":["Sword Boomerang","Havoc+1","Twin Strike+1"],"picked":"Singing Bowl","floor":42},{"not_picked":["Warcry","Uppercut+1","Perfected Strike"],"picked":"Singing Bowl","floor":44}],"player_experience":450845,"relics_obtained":[{"floor":6,"key":"Self Forming Clay"},{"floor":9,"key":"War Paint"},{"floor":10,"key":"Frozen Egg 2"},{"floor":14,"key":"Strawberry"},{"floor":21,"key":"FossilizedHelix"},{"floor":21,"key":"Darkstone Periapt"},{"floor":25,"key":"Du-Vu Doll"},{"floor":27,"key":"Omamori"},{"floor":30,"key":"Bronze Scales"},{"floor":41,"key":"Gambling Chip"},{"floor":43,"key":"Paper Frog"}],"event_choices":[{"damage_healed":0,"gold_gain":0,"player_choice":"Upgraded","damage_taken":0,"max_hp_gain":0,"max_hp_loss":0,"event_name":"Upgrade Shrine","floor":2,"gold_loss":0,"cards_upgraded":["Fire Breathing"]},{"damage_healed":26,"gold_gain":0,"player_choice":"Banana","damage_taken":0,"max_hp_gain":0,"max_hp_loss":0,"event_name":"Big Fish","floor":11,"gold_loss":0},{"damage_healed":0,"gold_gain":0,"player_choice":"Read","damage_taken":0,"max_hp_gain":0,"max_hp_loss":0,"event_name":"The Library","floor":19,"gold_loss":0,"cards_obtained":["Seeing Red"]},{"damage_healed":0,"gold_gain":0,"player_choice":"Fight","damage_taken":0,"max_hp_gain":0,"max_hp_loss":0,"event_name":"Colosseum","floor":21,"gold_loss":0},{"damage_healed":0,"gold_gain":0,"player_choice":"Fought Nobs","damage_taken":0,"max_hp_gain":0,"max_hp_loss":0,"event_name":"Colosseum","floor":21,"gold_loss":0},{"damage_healed":0,"gold_gain":0,"player_choice":"Simplicity","damage_taken":0,"max_hp_gain":0,"max_hp_loss":0,"event_name":"Back to Basics","floor":22,"gold_loss":0,"cards_upgraded":["Strike_R","Strike_R","Strike_R","Strike_R","Strike_R","Defend_R","Defend_R"]},{"damage_healed":0,"gold_gain":0,"player_choice":"Ignored","damage_taken":0,"max_hp_gain":0,"max_hp_loss":0,"event_name":"Vampires","floor":24,"gold_loss":0},{"damage_healed":0,"gold_gain":0,"player_choice":"Opened","damage_taken":0,"relics_obtained":["Singing Bowl"],"max_hp_gain":0,"max_hp_loss":0,"event_name":"The Mausoleum","floor":29,"gold_loss":0},{"damage_healed":0,"gold_gain":0,"player_choice":"Upgraded","damage_taken":0,"max_hp_gain":0,"max_hp_loss":0,"event_name":"Upgrade Shrine","floor":45,"gold_loss":0,"cards_upgraded":["Feel No Pain"]},{"damage_healed":0,"gold_gain":0,"player_choice":"Ignored","damage_taken":0,"max_hp_gain":0,"max_hp_loss":0,"event_name":"Mysterious Sphere","floor":48,"gold_loss":0}],"is_beta":false,"boss_relics":[{"not_picked":["Philosopher\u0027s Stone","Astrolabe"],"picked":"Black Blood"},{"not_picked":["Runic Dome","Velvet Choker"],"picked":"Lizard Tail"}],"items_purged_floors":[],"is_endless":false,"potions_floor_spawned":[8,14,16,21,21,25,36,42],"killed_by":"Awakened One","ascension_level":1}