{"gold_per_floor":[114,189,189,19,38,38,54,54,54,72,72,102,202,215,215,313,313,332,352,109,109,32,32,32,32,57,457,457],"floor_reached":28,"playtime":1314,"items_purged":[],"score":264,"play_id":"b970bf33-c395-4fb8-af16-2bafd056f352","local_time":"20181225144555","is_ascension_mode":false,"campfire_choices":[{"floor":6,"key":"RECALL"},{"floor":11,"key":"REST"},{"floor":15,"key":"REST"},{"floor":23,"key":"REST"}],"neow_cost":"NONE","seed_source_timestamp":2148724236575522,"circlet_count":0,"master_deck":["Defend_G","Defend_G","Defend_G","Defend_G","Defend_G","Strike_G","Strike_G","Survivor","Neutralize","Deadly Poison","Blur+1","Deadly Poison","Footwork","Blade Dance","Noxious Fumes","Deflect","Outmaneuver","Adrenaline","Deflect","Underhanded Strike","Backflip","Poisoned Stab","Well Laid Plans","Corpse Explosion","Noxious Fumes"],"relics":["Ring of the Snake","Ancient Tea Set","Letter Opener","Runic Pyramid","Sundial","Dream Catcher","Old Coin","Ninja Scroll"],"potions_floor_usage":[16,19,27,27],"damage_taken":[{"damage":0,"enemies":"Small Slimes","floor":1,"turns":4},{"damage":1,"enemies":"Cultist","floor":5,"turns":4},{"damage":0,"enemies":"Jaw Worm","floor":7,"turns":3},{"damage":18,"enemies":"Gremlin Gang","floor":10,"turns":6},{"damage":27,"enemies":"3 Sentries","floor":12,"turns":8},{"damage":0,"enemies":"Blue Slaver","floor":14,"turns":4},{"damage":0,"enemies":"The Guardian","floor":16,"turns":9},{"damage":20,"enemies":"3 Byrds","floor":18,"turns":5},{"damage":23,"enemies":"2 Thieves","floor":19,"turns":5},{"damage":13,"enemies":"Colosseum Slavers","floor":27,"turns":5},{"damage":30,"enemies":"Colosseum Nobs","floor":27,"turns":4},{"damage":2,"enemies":"Cultist and Chosen","floor":28,"turns":4}],"seed_played":"-6972652006139095769","potions_obtained":[{"floor":1,"key":"GhostInAJar"},{"floor":10,"key":"Dexterity Potion"},{"floor":12,"key":"Fire Potion"},{"floor":18,"key":"Swift Potion"},{"floor":19,"key":"FearPotion"}],"is_trial":false,"path_per_floor":["M","?","?","$","M","R","M","?","T","M","R","E","?","M","R","B",null,"M","M","$","?","$","R","?","?","T","?","M"],"character_chosen":"THE_SILENT","items_purchased":["Deadly Poison","Ancient Tea Set","Sundial","Backflip","Poisoned Stab"],"campfire_rested":3,"item_purchase_floors":[4,4,20,22,22],"current_hp_per_floor":[77,66,66,66,65,65,65,65,65,47,70,43,43,43,66,66,77,57,34,34,20,20,44,44,44,44,1,0],"gold":457,"neow_bonus":"TEN_PERCENT_HP_BONUS","is_prod":false,"is_daily":false,"chose_seed":false,"campfire_upgraded":0,"win_rate":0,"timestamp":1545709555,"path_taken":["M","?","?","$","M","R","M","?","T","?","R","E","?","M","R","BOSS","M","?","$","?","$","R","?","?","T","?","M"],"build_version":"2018-12-20","purchased_purges":0,"victory":false,"max_hp_per_floor":[77,77,77,77,77,77,77,77,77,77,77,77,77,77,77,77,77,77,77,77,82,82,82,82,82,82,82,82],"card_choices":[{"not_picked":["Reflex","Footwork"],"picked":"Deadly Poison","floor":1},{"not_picked":["Calculated Gamble","Outmaneuver"],"picked":"Footwork","floor":5},{"not_picked":["All Out Attack","Dagger Spray"],"picked":"Blade Dance","floor":7},{"not_picked":["Deadly Poison","Infinite Blades"],"picked":"Noxious Fumes","floor":10},{"not_picked":["Flying Knee","Skewer"],"picked":"Deflect","floor":12},{"not_picked":["Dagger Throw","Dagger Spray"],"picked":"Outmaneuver","floor":14},{"not_picked":["Storm of Steel","Grand Finale"],"picked":"Adrenaline","floor":16},{"not_picked":["Calculated Gamble","Distraction+1"],"picked":"Deflect","floor":18},{"not_picked":["Quick Slash","Blade Dance"],"picked":"Underhanded Strike","floor":19},{"not_picked":["Backstab","Finisher+1"],"picked":"Noxious Fumes","floor":27}],"player_experience":304905,"relics_obtained":[{"floor":12,"key":"Letter Opener"},{"floor":26,"key":"Dream Catcher"},{"floor":27,"key":"Old Coin"},{"floor":27,"key":"Ninja Scroll"}],"event_choices":[{"damage_healed":0,"gold_gain":75,"player_choice":"Gather Gold","damage_taken":11,"max_hp_gain":0,"max_hp_loss":0,"event_name":"World of Goop","floor":2,"gold_loss":0},{"damage_healed":0,"gold_gain":0,"cards_transformed":["Strike_G"],"player_choice":"Change","damage_taken":0,"max_hp_gain":0,"max_hp_loss":0,"event_name":"Living Wall","floor":3,"gold_loss":0,"cards_obtained":["Blur"]},{"damage_healed":0,"gold_gain":0,"player_choice":"Upgraded","damage_taken":0,"max_hp_gain":0,"max_hp_loss":0,"event_name":"Upgrade Shrine","floor":8,"gold_loss":0,"cards_upgraded":["Blur"]},{"damage_healed":0,"gold_gain":100,"player_choice":"Pray","damage_taken":0,"max_hp_gain":0,"max_hp_loss":0,"event_name":"Golden Shrine","floor":13,"gold_loss":0},{"damage_healed":0,"gold_gain":0,"player_choice":"Shed Blood","damage_taken":19,"max_hp_gain":5,"max_hp_loss":0,"event_name":"Forgotten Altar","floor":21,"gold_loss":0},{"damage_healed":0,"gold_gain":0,"cards_transformed":["Strike_G","Strike_G"],"player_choice":"Became Test Subject","damage_taken":0,"max_hp_gain":0,"max_hp_loss":0,"event_name":"Drug Dealer","floor":24,"gold_loss":0,"cards_obtained":["Well Laid Plans","Corpse Explosion"]},{"damage_healed":0,"gold_gain":0,"player_choice":"Ignored","damage_taken":0,"max_hp_gain":0,"max_hp_loss":0,"event_name":"Ghosts","floor":25,"gold_loss":0},{"damage_healed":0,"gold_gain":0,"player_choice":"Fight","damage_taken":0,"max_hp_gain":0,"max_hp_loss":0,"event_name":"Colosseum","floor":27,"gold_loss":0},{"damage_healed":0,"gold_gain":0,"player_choice":"Fought Nobs","damage_taken":0,"max_hp_gain":0,"max_hp_loss":0,"event_name":"Colosseum","floor":27,"gold_loss":0}],"is_beta":false,"boss_relics":[{"not_picked":["White Beast Statue","Runic Dome"],"picked":"Runic Pyramid"}],"items_purged_floors":[],"is_endless":false,"potions_floor_spawned":[1,10,12,18,19],"killed_by":"Cultist and Chosen","ascension_level":0}