{"gold_per_floor":[113,126,126,276,323,323,336,336,336,361,361,361,381,269,269,269],"floor_reached":16,"playtime":560,"items_purged":["Strike_R"],"score":186,"play_id":"457cf509-f006-4b54-bc10-dc1f38ee6efa","local_time":"20190305221608","is_ascension_mode":true,"campfire_choices":[{"data":"Limit Break","floor":6,"key":"SMITH"},{"data":"Armaments","floor":8,"key":"SMITH"},{"floor":11,"key":"REST"},{"floor":15,"key":"REST"}],"neow_cost":"TEN_PERCENT_HP_LOSS","seed_source_timestamp":10475354098257,"circlet_count":0,"master_deck":["AscendersBane","Strike_R","Strike_R","Strike_R","Defend_R","Defend_R","Defend_R","Defend_R","Bash","Limit Break+1","Flame Barrier","Cleave","Doubt","Armaments+1","Double Tap+1","Flex","Rage"],"relics":["Burning Blood","Juzu Bracelet","Pear","Matryoshka"],"potions_floor_usage":[2,10,10,13],"damage_taken":[{"damage":9,"enemies":"2 Louse","floor":1,"turns":3},{"damage":6,"enemies":"Jaw Worm","floor":2,"turns":6},{"damage":6,"enemies":"Cultist","floor":7,"turns":4},{"damage":42,"enemies":"3 Sentries","floor":10,"turns":12},{"damage":30,"enemies":"Red Slaver","floor":13,"turns":7},{"damage":64,"enemies":"Hexaghost","floor":16,"turns":9}],"seed_played":"2446192734846500906","potions_obtained":[{"floor":1,"key":"EntropicBrew"},{"floor":10,"key":"BloodPotion"}],"is_trial":false,"path_per_floor":["M","M","?","?","T","R","M","R","T","E","R","?","M","$","R","B"],"character_chosen":"IRONCLAD","items_purchased":["Rage"],"campfire_rested":2,"item_purchase_floors":[14],"current_hp_per_floor":[65,65,58,58,58,58,58,58,68,32,55,55,38,38,61,0],"gold":269,"neow_bonus":"THREE_RARE_CARDS","is_prod":false,"is_daily":false,"chose_seed":false,"campfire_upgraded":2,"win_rate":0,"timestamp":1551784568,"path_taken":["M","M","?","?","?","R","M","R","T","E","R","?","M","$","R","BOSS"],"build_version":"2019-01-23","purchased_purges":1,"victory":false,"max_hp_per_floor":[68,68,68,68,68,68,68,68,78,78,78,78,78,78,78,78],"card_choices":[{"not_picked":["Bludgeon","Exhume"],"picked":"Limit Break","floor":0},{"not_picked":["Reckless Charge","Iron Wave"],"picked":"Flame Barrier","floor":1},{"not_picked":["Armaments","Power Through"],"picked":"Cleave","floor":2},{"not_picked":["Warcry","Battle Trance"],"picked":"Armaments","floor":7},{"not_picked":["Sentinel","Shrug It Off"],"picked":"Double Tap","floor":10},{"not_picked":["Iron Wave","Pommel Strike"],"picked":"Flex","floor":13}],"player_experience":804953,"relics_obtained":[{"floor":5,"key":"Juzu Bracelet"},{"floor":9,"key":"Pear"},{"floor":10,"key":"Matryoshka"}],"event_choices":[{"cards_removed":["Strike_R"],"damage_healed":0,"gold_gain":0,"player_choice":"Card Removal","damage_taken":7,"max_hp_gain":0,"max_hp_loss":0,"event_name":"Golden Wing","floor":3,"gold_loss":0},{"damage_healed":0,"gold_gain":150,"player_choice":"AGREE","damage_taken":0,"max_hp_gain":0,"max_hp_loss":0,"event_name":"Liars Game","floor":4,"gold_loss":0,"cards_obtained":["Doubt"]},{"damage_healed":0,"gold_gain":0,"player_choice":"Upgraded","damage_taken":0,"max_hp_gain":0,"max_hp_loss":0,"event_name":"Upgrade Shrine","floor":12,"gold_loss":0,"cards_upgraded":["Double Tap"]}],"is_beta":false,"boss_relics":[],"items_purged_floors":[14],"is_endless":false,"potions_floor_spawned":[1,2,10],"killed_by":"Hexaghost","ascension_level":18}