{"gold_per_floor":[115,115,65,65,86,120,120,96,96,131,149,149,165,165,165,295,295,313,82,106,120,120,133,165,184,184,184,203,203,203],"floor_reached":30,"playtime":1514,"items_purged":["Strike_B"],"score":260,"play_id":"da67d0da-0604-4c60-98eb-16b901d6ecf1","local_time":"20181231110743","is_ascension_mode":false,"campfire_choices":[{"floor":7,"key":"REST"},{"floor":15,"key":"REST"},{"floor":29,"key":"REST"}],"neow_cost":"NONE","seed_source_timestamp":80831139706529,"circlet_count":0,"master_deck":["Strike_B","Strike_B","Strike_B+1","Defend_B","Defend_B","Defend_B","Defend_B","Zap+1","Dualcast","FTL","Gash","Self Repair","Gash+1","Go for the Eyes","Turbo","Steam","Ball Lightning","Meteor Strike+1","Reinforced Body","Hologram+1","Rebound","Genetic Algorithm","Electrodynamics","Stack","Rebound"],"relics":["Cracked Core","Bloody Idol","Blood Vial","Anchor","Pen Nib","Cables","Lizard Tail","Juzu Bracelet","Whetstone","Pantograph"],"potions_floor_usage":[18,23,24,27],"damage_taken":[{"damage":2,"enemies":"2 Louse","floor":1,"turns":3},{"damage":7,"enemies":"Small Slimes","floor":5,"turns":3},{"damage":26,"enemies":"Lagavulin","floor":6,"turns":7},{"damage":25,"enemies":"3 Sentries","floor":10,"turns":8},{"damage":4,"enemies":"Cultist","floor":11,"turns":3},{"damage":0,"enemies":"2 Fungi Beasts","floor":13,"turns":2},{"damage":40,"enemies":"Hexaghost","floor":16,"turns":8},{"damage":5,"enemies":"Chosen","floor":18,"turns":4},{"damage":18,"enemies":"2 Thieves","floor":20,"turns":4},{"damage":7,"enemies":"Centurion and Healer","floor":21,"turns":6},{"damage":15,"enemies":"3 Cultists","floor":23,"turns":6},{"damage":85,"enemies":"Book of Stabbing","floor":24,"turns":8},{"damage":24,"enemies":"Cultist and Chosen","floor":25,"turns":7},{"damage":10,"enemies":"Colosseum Slavers","floor":27,"turns":4},{"damage":15,"enemies":"Snecko","floor":28,"turns":3},{"damage":56,"enemies":"Gremlin Leader","floor":30,"turns":4}],"seed_played":"-727361207087130895","potions_obtained":[{"floor":6,"key":"FairyPotion"},{"floor":10,"key":"Fire Potion"},{"floor":11,"key":"FearPotion"},{"floor":13,"key":"SneckoOil"},{"floor":20,"key":"Fire Potion"},{"floor":24,"key":"Explosive Potion"}],"is_trial":false,"path_per_floor":["M","?","$","?","M","E","R","$","T","E","M","?","M","?","R","B",null,"M","$","M","M","?","M","E","M","T","?","M","R","E"],"character_chosen":"DEFECT","items_purchased":["Gash","Go for the Eyes","Juzu Bracelet"],"campfire_rested":3,"item_purchase_floors":[3,8,19],"current_hp_per_floor":[80,85,85,64,57,38,64,64,64,48,53,53,55,38,64,33,87,87,87,69,71,71,70,51,41,41,33,25,51,0],"gold":203,"neow_bonus":"TEN_PERCENT_HP_BONUS","is_prod":false,"is_daily":false,"chose_seed":false,"campfire_upgraded":0,"win_rate":0,"timestamp":1546214863,"path_taken":["M","?","$","?","M","E","R","$","T","E","M","?","?","?","R","BOSS","M","$","M","M","?","M","E","M","T","?","M","R","E"],"build_version":"2018-12-20","purchased_purges":1,"victory":false,"max_hp_per_floor":[82,87,87,87,87,87,87,87,87,87,87,87,87,87,87,87,87,87,87,87,87,87,87,87,87,87,87,87,87,87],"card_choices":[{"not_picked":["Cold Snap","Streamline"],"picked":"FTL","floor":1},{"not_picked":["Coolheaded","Skim"],"picked":"Self Repair","floor":5},{"not_picked":["Stack","White Noise"],"picked":"Gash","floor":6},{"not_picked":["Heatsinks","Streamline"],"picked":"Turbo","floor":10},{"not_picked":["Skim","Cold Snap"],"picked":"Steam","floor":11},{"not_picked":["Thunder Strike","Leap"],"picked":"Ball Lightning","floor":13},{"not_picked":["Reboot","Fission"],"picked":"Meteor Strike","floor":16},{"not_picked":["Barrage","Coolheaded"],"picked":"Reinforced Body","floor":18},{"not_picked":["Coolheaded","Leap"],"picked":"Hologram+1","floor":20},{"not_picked":["Blizzard","Ball Lightning"],"picked":"Rebound","floor":21},{"not_picked":["Turbo","Reinforced Body"],"picked":"Genetic Algorithm","floor":23},{"not_picked":["Loop+1","Go for the Eyes"],"picked":"Electrodynamics","floor":24},{"not_picked":["Lockon","Compile Driver"],"picked":"Stack","floor":25},{"not_picked":["Stack","Leap"],"picked":"Rebound","floor":28}],"player_experience":357048,"relics_obtained":[{"floor":6,"key":"Blood Vial"},{"floor":9,"key":"Anchor"},{"floor":10,"key":"Pen Nib"},{"floor":24,"key":"Whetstone"},{"floor":26,"key":"Pantograph"}],"event_choices":[{"damage_healed":0,"gold_gain":0,"player_choice":"Donut","damage_taken":0,"max_hp_gain":5,"max_hp_loss":0,"event_name":"Big Fish","floor":2,"gold_loss":0},{"damage_healed":0,"gold_gain":0,"player_choice":"Take Damage","damage_taken":21,"relics_obtained":["Golden Idol"],"max_hp_gain":0,"max_hp_loss":0,"event_name":"Golden Idol","floor":4,"gold_loss":0},{"damage_healed":0,"gold_gain":0,"player_choice":"Gave Potion","damage_taken":0,"relics_obtained":["Cables"],"max_hp_gain":0,"max_hp_loss":0,"event_name":"WeMeetAgain","floor":12,"gold_loss":0},{"damage_healed":0,"gold_gain":0,"player_choice":"Entered Light","damage_taken":17,"max_hp_gain":0,"max_hp_loss":0,"event_name":"Shining Light","floor":14,"gold_loss":0,"cards_upgraded":["Strike_B","Zap"]},{"damage_healed":0,"gold_gain":0,"player_choice":"Gave Idol","damage_taken":0,"relics_obtained":["Bloody Idol"],"max_hp_gain":0,"max_hp_loss":0,"event_name":"Forgotten Altar","floor":22,"relics_lost":["Golden Idol"],"gold_loss":0},{"damage_healed":0,"gold_gain":0,"player_choice":"Fight","damage_taken":0,"max_hp_gain":0,"max_hp_loss":0,"event_name":"Colosseum","floor":27,"gold_loss":0},{"damage_healed":0,"gold_gain":0,"player_choice":"Fled From Nobs","damage_taken":0,"max_hp_gain":0,"max_hp_loss":0,"event_name":"Colosseum","floor":27,"gold_loss":0}],"is_beta":false,"boss_relics":[{"not_picked":["Cursed Key","White Beast Statue"],"picked":"Lizard Tail"}],"items_purged_floors":[19],"is_endless":false,"potions_floor_spawned":[6,10,11,13,16,20,24,27],"killed_by":"Gremlin Leader","ascension_level":0}