{"gold_per_floor":[116,128,202,49,65,90,109,7,30,56,67,67,27,38,38,138,138,152,41,41,59,0,31,31,31,85,118,130,8,24,24,24,124,124,141,141,22,22,22,22,37,66,66,66,79,79,48,60,60,60,60,60,2,35,35],"floor_reached":55,"playtime":3802,"items_purged":["Strike_G","Strike_G"],"score":1020,"play_id":"f92136a2-37a0-4d4f-bd35-a20f297eb750","local_time":"20190720014020","is_ascension_mode":true,"campfire_choices":[{"floor":12.0,"key":"REST"},{"floor":15.0,"key":"REST"},{"floor":24.0,"key":"REST"},{"floor":32.0,"key":"REST"},{"floor":40.0,"key":"RECALL"},{"floor":46.0,"key":"REST"},{"floor":49.0,"key":"REST"},{"floor":52.0,"key":"REST"}],"neow_cost":"NONE","seed_source_timestamp":0,"circlet_count":0,"master_deck":["Strike_G+1","Strike_G+1","Strike_G+1","Defend_G+1","Defend_G+1","Defend_G+1","Defend_G+1","Defend_G+1","Survivor","Neutralize","Bouncing Flask","Prepared","Crippling Poison","Escape Plan","Backflip","Blur","Noxious Fumes","Bane","Deadly Poison","Blur","Deadly Poison","Backflip","Wraith Form v2","Blur+1","Footwork","Escape Plan","All Out Attack","Noxious Fumes","Deflect+1","Wraith Form v2","Backflip","After Image","Noxious Fumes+1","PiercingWail","Leg Sweep","Noxious Fumes","Bouncing Flask+1","PiercingWail+1","Bullet Time"],"special_seed":0,"relics":["Ring of the Snake","Shuriken","The Courier","Potion Belt","Sundial","White Beast Statue","Nunchaku","Lantern","Orichalcum","Velvet Choker","Art of War","Happy Flower","Dream Catcher","Shovel","Pen Nib"],"potions_floor_usage":[55,55],"damage_taken":[{"damage":1.0,"enemies":"Cultist","floor":1.0,"turns":5.0},{"damage":5.0,"enemies":"2 Louse","floor":2.0,"turns":4.0},{"damage":1.0,"enemies":"Jaw Worm","floor":5.0,"turns":4.0},{"damage":28.0,"enemies":"Gremlin Nob","floor":6.0,"turns":5.0},{"damage":5.0,"enemies":"Large Slime","floor":7.0,"turns":7.0},{"damage":7.0,"enemies":"Lagavulin","floor":10.0,"turns":6.0},{"damage":16.0,"enemies":"Exordium Thugs","floor":11.0,"turns":4.0},{"damage":7.0,"enemies":"2 Fungi Beasts","floor":14.0,"turns":3.0},{"damage":23.0,"enemies":"The Guardian","floor":16.0,"turns":10.0},{"damage":8.0,"enemies":"Spheric Guardian","floor":18.0,"turns":4.0},{"damage":0.0,"enemies":"3 Byrds","floor":21.0,"turns":6.0},{"damage":23.0,"enemies":"Gremlin Leader","floor":23.0,"turns":8.0},{"damage":26.0,"enemies":"Book of Stabbing","floor":27.0,"turns":9.0},{"damage":2.0,"enemies":"Centurion and Healer","floor":28.0,"turns":10.0},{"damage":2.0,"enemies":"Shelled Parasite and Fungi","floor":30.0,"turns":8.0},{"damage":52.0,"enemies":"Automaton","floor":33.0,"turns":12.0},{"damage":3.0,"enemies":"Orb Walker","floor":35.0,"turns":5.0},{"damage":33.0,"enemies":"3 Darklings","floor":41.0,"turns":6.0},{"damage":44.0,"enemies":"Nemesis","floor":42.0,"turns":9.0},{"damage":13.0,"enemies":"Transient","floor":45.0,"turns":5.0},{"damage":2.0,"enemies":"Maw","floor":48.0,"turns":9.0},{"damage":48.0,"enemies":"Time Eater","floor":50.0,"turns":12.0},{"damage":66,"enemies":"Shield and Spear","floor":54,"turns":8},{"damage":17,"enemies":"The Heart","floor":55,"turns":5}],"seed_played":"-5781852959295086498","potions_obtained":[{"floor":1.0,"key":"Energy Potion"},{"floor":2.0,"key":"FairyPotion"},{"floor":5.0,"key":"Energy Potion"},{"floor":10.0,"key":"SkillPotion"},{"floor":18.0,"key":"SkillPotion"},{"floor":21.0,"key":"SkillPotion"},{"floor":23.0,"key":"SpeedPotion"},{"floor":27.0,"key":"EssenceOfSteel"},{"floor":28.0,"key":"Strength Potion"},{"floor":30.0,"key":"GhostInAJar"},{"floor":33.0,"key":"Ancient Potion"},{"floor":35.0,"key":"Regen Potion"},{"floor":36.0,"key":"SpeedPotion"},{"floor":36.0,"key":"Regen Potion"},{"floor":36.0,"key":"EssenceOfSteel"},{"floor":41.0,"key":"Explosive Potion"},{"floor":42.0,"key":"Regen Potion"},{"floor":45.0,"key":"LiquidBronze"},{"floor":48.0,"key":"Block Potion"},{"floor":54,"key":"SmokeBomb"}],"is_trial":false,"path_per_floor":["M","M","T","$","M","E","M","$","T","E","M","R","$","M","R","B",null,"M","$","?","M","?","E","R","?","T","E","M","$","M","?","R","B",null,"M","?","$","T","?","R","M","E","T","T","M","R","$","M","R","B",null,"R","$","E","B"],"character_chosen":"THE_SILENT","items_purchased":["Crippling Poison","Noxious Fumes","Bane","Deadly Poison","Footwork","Wraith Form v2","Art of War","Noxious Fumes","LiquidBronze"],"campfire_rested":7,"item_purchase_floors":[4,8,8,13,19,29,37,47,53],"current_hp_per_floor":[69,64,64,64,63,35,30,30,30,23,7,30,30,23,46,23,64,56,56,42,42,42,19,43,43,43,17,15,15,13,13,37,8,64,61,61,61,61,61,61,40,11,11,11,13,37,37,35,59,11,64,82,82,16,0],"gold":35,"neow_bonus":"TEN_PERCENT_HP_BONUS","is_prod":false,"is_daily":false,"chose_seed":false,"campfire_upgraded":0,"win_rate":0,"timestamp":1563601220,"path_taken":["M","M","?","$","M","E","M","$","T","E","M","R","$","M","R","BOSS","M","$","?","M","?","E","R","?","T","E","M","?","M","?","R","BOSS","M","?","$","?","?","R","M","E","T","?","M","R","$","M","R","BOSS","R","$","E","BOSS"],"build_version":"2019-07-17","purchased_purges":2,"victory":false,"max_hp_per_floor":[77,77,77,77,77,77,77,77,77,77,77,77,77,77,77,77,77,77,77,82,82,82,82,82,82,82,82,82,82,82,82,82,82,82,82,82,82,82,82,82,82,82,82,82,82,82,82,82,82,82,82,82,82,82,82],"card_choices":[{"not_picked":["Prepared","Bane"],"picked":"Bouncing Flask","floor":1.0},{"not_picked":["Skewer","Calculated Gamble"],"picked":"Prepared","floor":2.0},{"not_picked":["Flying Knee","Deflect"],"picked":"Escape Plan","floor":5.0},{"not_picked":["PiercingWail","Slice"],"picked":"Backflip","floor":6.0},{"not_picked":["Dodge and Roll","Predator"],"picked":"Blur","floor":7.0},{"not_picked":["Poisoned Stab","Backstab"],"picked":"Deadly Poison","floor":10.0},{"not_picked":["Reflex","Escape Plan"],"picked":"Blur","floor":11.0},{"not_picked":["Poisoned Stab","Dagger Spray"],"picked":"Backflip","floor":14.0},{"not_picked":["Tools of the Trade","Unload"],"picked":"Wraith Form v2","floor":16.0},{"not_picked":["Deflect+1","Quick Slash"],"picked":"Blur+1","floor":18.0},{"not_picked":["Cloak And Dagger","Sucker Punch+1"],"picked":"Escape Plan","floor":21.0},{"not_picked":["Backstab","Eviscerate"],"picked":"All Out Attack","floor":23.0},{"not_picked":["Flying Knee","Setup"],"picked":"Noxious Fumes","floor":27.0},{"not_picked":["Deadly Poison","Backflip"],"picked":"Deflect+1","floor":28.0},{"not_picked":["Deflect","Slice+1"],"picked":"Backflip","floor":30.0},{"not_picked":["Phantasmal Killer","Venomology"],"picked":"After Image","floor":33.0},{"not_picked":["Tactician","Sucker Punch","Calculated Gamble"],"picked":"SKIP","floor":35.0},{"not_picked":["PiercingWail","Underhanded Strike+1"],"picked":"Noxious Fumes+1","floor":41.0},{"not_picked":["Calculated Gamble+1","Quick Slash+1","Skewer+1"],"picked":"SKIP","floor":42.0},{"not_picked":["Poisoned Stab","Slice+1"],"picked":"PiercingWail","floor":45.0},{"not_picked":["Bane+1","Reflex"],"picked":"Leg Sweep","floor":46.0},{"not_picked":["Quick Slash+1","Infinite Blades+1"],"picked":"Bouncing Flask+1","floor":48.0},{"not_picked":["Predator+1","Blade Dance+1"],"picked":"PiercingWail+1","floor":52.0},{"not_picked":["Acrobatics","Night Terror"],"picked":"Bullet Time","floor":54}],"player_experience":400455,"relics_obtained":[{"floor":3.0,"key":"Shuriken"},{"floor":6.0,"key":"The Courier"},{"floor":9.0,"key":"Potion Belt"},{"floor":10.0,"key":"Sundial"},{"floor":23.0,"key":"Nunchaku"},{"floor":26.0,"key":"Lantern"},{"floor":27.0,"key":"Orichalcum"},{"floor":42.0,"key":"Happy Flower"},{"floor":43.0,"key":"Dream Catcher"},{"floor":44.0,"key":"Shovel"},{"floor":54,"key":"Pen Nib"}],"event_choices":[{"damage_healed":0.0,"max_hp_gain":5.0,"max_hp_loss":0.0,"gold_gain":0.0,"event_name":"Forgotten Altar","player_choice":"Shed Blood","floor":20.0,"gold_loss":0.0,"damage_taken":19.0},{"damage_healed":0.0,"max_hp_gain":0.0,"max_hp_loss":0.0,"gold_gain":0.0,"event_name":"Masked Bandits","player_choice":"Paid Fearfully","floor":22.0,"gold_loss":59.0,"damage_taken":0.0},{"damage_healed":0.0,"max_hp_gain":0.0,"max_hp_loss":0.0,"gold_gain":0.0,"event_name":"Back to Basics","player_choice":"Simplicity","floor":25.0,"gold_loss":0.0,"damage_taken":0.0,"cards_upgraded":["Strike_G","Strike_G","Strike_G","Defend_G","Defend_G","Defend_G","Defend_G","Defend_G"]},{"damage_healed":0.0,"max_hp_gain":0.0,"max_hp_loss":0.0,"gold_gain":0.0,"event_name":"Ghosts","player_choice":"Ignored","floor":31.0,"gold_loss":0.0,"damage_taken":0.0},{"damage_healed":0.0,"max_hp_gain":0.0,"max_hp_loss":0.0,"gold_gain":0.0,"event_name":"Lab","player_choice":"Got Potions","floor":36.0,"gold_loss":0.0,"damage_taken":0.0},{"damage_healed":0.0,"max_hp_gain":0.0,"max_hp_loss":0.0,"gold_gain":0.0,"event_name":"Mysterious Sphere","player_choice":"Ignored","floor":39.0,"gold_loss":0.0,"damage_taken":0.0}],"is_beta":false,"boss_relics":[{"not_picked":["Fusion Hammer","Astrolabe"],"picked":"White Beast Statue"},{"not_picked":["Tiny House","Runic Pyramid"],"picked":"Velvet Choker"}],"items_purged_floors":[4,19],"is_endless":false,"potions_floor_spawned":[1,2,5,10,18,21,23,27,28,30,33,35,41,42,45,48,54],"killed_by":"The Heart","ascension_level":8}