{"gold_per_floor":[114,114,114,114,32,95,95,95,118,136,167,181,181,195,195,293,293,310,19,38,58,58,58,71,71,94,111,111],"floor_reached":28,"playtime":1402,"items_purged":["Strike_B"],"score":228,"play_id":"69845f33-bafb-41b2-a673-ae1315230164","local_time":"20181229234129","is_ascension_mode":false,"campfire_choices":[{"floor":7,"key":"REST"},{"floor":13,"key":"REST"},{"floor":15,"key":"REST"},{"floor":23,"key":"REST"},{"floor":25,"key":"REST"}],"neow_cost":"CURSE","seed_source_timestamp":35152645553955,"circlet_count":0,"master_deck":["Strike_B+1","Strike_B","Defend_B","Defend_B+1","Defend_B","Zap","Dualcast","Chaos","Leap","Redo","Sunder","Hologram","Genetic Algorithm","Sweeping Beam","Melter","Go for the Eyes","Biased Cognition","Consume","Coolheaded","Beam Cell","Redo","Static Discharge","Ball Lightning","BootSequence"],"relics":["Cracked Core","Tiny Chest","Potion Belt","Bag of Marbles","Inserter","Membership Card","Pen Nib"],"potions_floor_usage":[11,14,18,20,28],"damage_taken":[{"damage":6,"enemies":"Jaw Worm","floor":1,"turns":4},{"damage":18,"enemies":"Lagavulin","floor":6,"turns":5},{"damage":0,"enemies":"Small Slimes","floor":10,"turns":2},{"damage":19,"enemies":"Gremlin Nob","floor":11,"turns":4},{"damage":0,"enemies":"2 Louse","floor":12,"turns":2},{"damage":6,"enemies":"Blue Slaver","floor":14,"turns":3},{"damage":57,"enemies":"The Guardian","floor":16,"turns":12},{"damage":23,"enemies":"Shell Parasite","floor":18,"turns":6},{"damage":17,"enemies":"2 Thieves","floor":20,"turns":4},{"damage":6,"enemies":"Snecko","floor":21,"turns":5},{"damage":54,"enemies":"3 Cultists","floor":24,"turns":5},{"damage":24,"enemies":"Centurion and Healer","floor":27,"turns":8},{"damage":7,"enemies":"Snake Plant","floor":28,"turns":2}],"seed_played":"4647675576744271145","potions_obtained":[{"floor":6,"key":"Strength Potion"},{"floor":12,"key":"AttackPotion"},{"floor":16,"key":"Swift Potion"},{"floor":18,"key":"FocusPotion"},{"floor":24,"key":"Dexterity Potion"},{"floor":27,"key":"Energy Potion"}],"is_trial":false,"path_per_floor":["M","?","?","?","$","E","R","T","T","M","E","M","R","M","R","B",null,"M","$","M","M","?","R","M","R","T","M","M"],"character_chosen":"DEFECT","items_purchased":["Sunder","Membership Card","Coolheaded","Beam Cell"],"campfire_rested":5,"item_purchase_floors":[5,19,19,19],"current_hp_per_floor":[69,74,67,51,51,33,57,57,57,57,38,38,62,56,80,23,80,57,57,40,34,34,58,4,28,28,4,0],"gold":111,"neow_bonus":"TRANSFORM_TWO_CARDS","is_prod":false,"is_daily":false,"chose_seed":false,"campfire_upgraded":0,"win_rate":0,"timestamp":1546087289,"path_taken":["M","?","?","?","?","E","R","?","T","M","E","M","R","M","R","BOSS","M","$","M","M","?","R","?","R","T","M","M"],"build_version":"2018-12-20","purchased_purges":1,"victory":false,"max_hp_per_floor":[75,80,80,80,80,80,80,80,80,80,80,80,80,80,80,80,80,80,80,80,80,80,80,80,80,80,80,80],"card_choices":[{"not_picked":["Gash","Tempest"],"picked":"Redo","floor":1},{"not_picked":["Cold Snap","Leap"],"picked":"Hologram","floor":6},{"not_picked":["Leap","Barrage"],"picked":"Genetic Algorithm","floor":10},{"not_picked":["Compile Driver","Go for the Eyes"],"picked":"Sweeping Beam","floor":11},{"not_picked":["Ball Lightning","Hologram"],"picked":"Melter","floor":12},{"not_picked":["Glacier","Stack"],"picked":"Go for the Eyes","floor":14},{"not_picked":["Multi-Cast","Buffer"],"picked":"Biased Cognition","floor":16},{"not_picked":["Compile Driver","Sweeping Beam"],"picked":"Consume","floor":18},{"not_picked":["Blizzard","Hologram"],"picked":"Redo","floor":20},{"not_picked":["Beam Cell","Multi-Cast","Compile Driver+1"],"picked":"SKIP","floor":21},{"not_picked":["Beam Cell","Sunder"],"picked":"Ball Lightning","floor":24},{"not_picked":["Cold Snap","Stack"],"picked":"BootSequence","floor":27}],"player_experience":353485,"relics_obtained":[{"floor":6,"key":"Tiny Chest"},{"floor":9,"key":"Potion Belt"},{"floor":11,"key":"Bag of Marbles"},{"floor":26,"key":"Pen Nib"}],"event_choices":[{"damage_healed":0,"gold_gain":0,"player_choice":"Donut","damage_taken":0,"max_hp_gain":5,"max_hp_loss":0,"event_name":"Big Fish","floor":2,"gold_loss":0},{"cards_removed":["Shame"],"damage_healed":0,"gold_gain":0,"player_choice":"Card Removal","damage_taken":7,"max_hp_gain":0,"max_hp_loss":0,"event_name":"Golden Wing","floor":3,"gold_loss":0},{"damage_healed":0,"gold_gain":0,"player_choice":"Entered Light","damage_taken":16,"max_hp_gain":0,"max_hp_loss":0,"event_name":"Shining Light","floor":4,"gold_loss":0,"cards_upgraded":["Strike_B","Defend_B"]},{"damage_healed":0,"gold_gain":0,"player_choice":"1 cards matched","damage_taken":0,"max_hp_gain":0,"max_hp_loss":0,"event_name":"Match and Keep!","floor":22,"gold_loss":0,"cards_obtained":["Static Discharge"]}],"is_beta":false,"boss_relics":[{"not_picked":["Black Star","Nuclear Battery"],"picked":"Inserter"}],"items_purged_floors":[19],"is_endless":false,"potions_floor_spawned":[6,12,16,18,24,27],"killed_by":"Snake Plant","ascension_level":0}