{"gold_per_floor":[115,125,140,151,165,190,265,265,292,292],"floor_reached":10,"playtime":661,"items_purged":[],"score":70,"play_id":"aa4b6eb6-172d-4fdd-a59f-975cf356fdef","local_time":"20190806203857","is_ascension_mode":false,"campfire_choices":[{"floor":8,"key":"REST"}],"neow_cost":"NONE","seed_source_timestamp":2235260600085589,"circlet_count":0,"master_deck":["Strike_R","Strike_R","Strike_R","Strike_R","Strike_R","Defend_R","Defend_R","Defend_R","Defend_R","Bash","True Grit","Infernal Blade","Rage","Flex","Infernal Blade","Ghostly Armor"],"relics":["Burning Blood","NeowsBlessing","Red Skull","Ancient Tea Set"],"potions_floor_usage":[6],"damage_taken":[{"damage":0,"enemies":"Jaw Worm","floor":1,"turns":1},{"damage":0,"enemies":"2 Louse","floor":2,"turns":1},{"damage":0,"enemies":"Small Slimes","floor":3,"turns":1},{"damage":10,"enemies":"Exordium Wildlife","floor":4,"turns":5},{"damage":15,"enemies":"2 Fungi Beasts","floor":5,"turns":5},{"damage":26,"enemies":"3 Sentries","floor":6,"turns":11},{"damage":14,"enemies":"3 Sentries","floor":10,"turns":6}],"seed_played":"-2685332367463736663","potions_obtained":[{"floor":2,"key":"BloodPotion"},{"floor":3,"key":"Poison Potion"},{"floor":4,"key":"Strength Potion"}],"is_trial":false,"path_per_floor":["M","M","M","M","M","E","?","R","T","?"],"character_chosen":"IRONCLAD","items_purchased":[],"campfire_rested":1,"item_purchase_floors":[],"current_hp_per_floor":[80,80,80,76,67,47,36,60,60,46],"gold":292,"neow_bonus":"THREE_ENEMY_KILL","is_prod":false,"is_daily":false,"chose_seed":false,"campfire_upgraded":0,"win_rate":0,"timestamp":1565095137,"path_taken":["M","M","M","M","M","E","?","R","T","?"],"build_version":"2019-07-17","purchased_purges":0,"victory":false,"max_hp_per_floor":[80,80,80,80,80,80,80,80,80,80],"card_choices":[{"not_picked":["Clothesline","Fire Breathing"],"picked":"True Grit","floor":1},{"not_picked":["Pommel Strike","Heavy Blade"],"picked":"Infernal Blade","floor":2},{"not_picked":["Heavy Blade","Thunderclap"],"picked":"Rage","floor":3},{"not_picked":["Searing Blow","Havoc"],"picked":"Flex","floor":4},{"not_picked":["Body Slam","Spot Weakness"],"picked":"Infernal Blade","floor":5},{"not_picked":["Clash","Combust"],"picked":"Ghostly Armor","floor":6}],"player_experience":88316,"relics_obtained":[{"floor":6,"key":"Red Skull"},{"floor":9,"key":"Ancient Tea Set"}],"event_choices":[{"damage_healed":0,"gold_gain":75,"player_choice":"Gather Gold","damage_taken":11,"max_hp_gain":0,"max_hp_loss":0,"event_name":"World of Goop","floor":7,"gold_loss":0},{"damage_healed":0,"gold_gain":0,"player_choice":"Searched \u00271\u0027 times","damage_taken":0,"max_hp_gain":0,"max_hp_loss":0,"event_name":"Dead Adventurer","floor":10,"gold_loss":0}],"is_beta":false,"boss_relics":[],"items_purged_floors":[],"is_endless":false,"potions_floor_spawned":[2,3,4],"killed_by":"3 Sentries","ascension_level":0}