{"gold_per_floor":[114,114,130,155,179,191,233,245,334,346,138,165,165,196,196,196],"floor_reached":16,"playtime":408,"items_purged":[],"score":201,"play_id":"b15dafa2-d587-476c-81c6-0fc77b359be9","local_time":"20190313215536","is_ascension_mode":true,"campfire_choices":[{"data":"Cleave","floor":6,"key":"SMITH"},{"data":"Flame Barrier","floor":8,"key":"SMITH"},{"data":"Inflame","floor":10,"key":"SMITH"},{"data":"Body Slam","floor":13,"key":"SMITH"},{"floor":15,"key":"REST"}],"neow_cost":"NONE","seed_source_timestamp":332267040082117,"circlet_count":0,"master_deck":["AscendersBane","Strike_R","Strike_R","Strike_R","Strike_R","Defend_R","Defend_R","Defend_R","Defend_R","Bash","Flame Barrier+1","Inflame+1","Cleave+1","Body Slam+1","Flame Barrier","Feel No Pain"],"relics":["Burning Blood","NeowsBlessing","MawBank","Gremlin Horn","Membership Card","Dream Catcher","Calipers"],"potions_floor_usage":[12,14],"damage_taken":[{"damage":0,"enemies":"Jaw Worm","floor":1,"turns":1},{"damage":0,"enemies":"Cultist","floor":3,"turns":1},{"damage":0,"enemies":"Small Slimes","floor":5,"turns":1},{"damage":10,"enemies":"3 Sentries","floor":12,"turns":7},{"damage":20,"enemies":"Gremlin Nob","floor":14,"turns":4},{"damage":78,"enemies":"Hexaghost","floor":16,"turns":9}],"seed_played":"-874578154830421180","potions_obtained":[{"floor":1,"key":"Energy Potion"},{"floor":5,"key":"Fire Potion"}],"is_trial":false,"path_per_floor":["M","?","M","T","M","R","?","R","T","R","$","E","R","E","R","B"],"character_chosen":"IRONCLAD","items_purchased":["Membership Card"],"campfire_rested":1,"item_purchase_floors":[11],"current_hp_per_floor":[74,74,75,75,75,75,75,75,75,75,75,71,71,57,75,0],"gold":196,"neow_bonus":"THREE_ENEMY_KILL","is_prod":false,"is_daily":false,"chose_seed":false,"campfire_upgraded":4,"win_rate":0,"timestamp":1552474536,"path_taken":["M","?","?","?","M","R","?","R","T","R","$","E","R","E","R","BOSS"],"build_version":"2019-01-23","purchased_purges":0,"victory":false,"max_hp_per_floor":[75,75,75,75,75,75,75,75,75,75,75,75,75,75,75,75],"card_choices":[{"not_picked":["Ghostly Armor","Havoc"],"picked":"Flame Barrier","floor":1},{"not_picked":["Iron Wave","Havoc"],"picked":"Inflame","floor":3},{"not_picked":["Headbutt","Heavy Blade"],"picked":"Cleave","floor":5},{"not_picked":["Flex","Sword Boomerang"],"picked":"Body Slam","floor":12},{"not_picked":["Dropkick","Brutality"],"picked":"Flame Barrier","floor":14},{"not_picked":["Body Slam","Headbutt"],"picked":"Feel No Pain","floor":15}],"player_experience":848558,"relics_obtained":[{"floor":4,"key":"MawBank"},{"floor":9,"key":"Gremlin Horn"},{"floor":12,"key":"Dream Catcher"},{"floor":14,"key":"Calipers"}],"event_choices":[{"cards_removed":["Strike_R"],"damage_healed":0,"gold_gain":0,"player_choice":"Offered Basic","damage_taken":0,"max_hp_gain":0,"max_hp_loss":0,"event_name":"Bonfire Elementals","floor":2,"gold_loss":0},{"damage_healed":0,"gold_gain":30,"player_choice":"Searched \u00271\u0027 times","damage_taken":0,"max_hp_gain":0,"max_hp_loss":0,"event_name":"Dead Adventurer","floor":7,"gold_loss":0}],"is_beta":false,"boss_relics":[],"items_purged_floors":[],"is_endless":false,"potions_floor_spawned":[1,5],"killed_by":"Hexaghost","ascension_level":18}