{"gold_per_floor":[112,83,100,100,180,180,209,234,315,315,315,465,496,512,512,512],"floor_reached":16,"playtime":563,"items_purged":[],"score":201,"play_id":"2f45d6d7-aac4-4871-81c5-13d0fe3c85ef","local_time":"20190306181630","is_ascension_mode":true,"campfire_choices":[{"data":"Anger","floor":6,"key":"SMITH"},{"floor":11,"key":"REST"},{"floor":15,"key":"REST"}],"neow_cost":"NONE","seed_source_timestamp":48905118044585,"circlet_count":0,"master_deck":["AscendersBane","Strike_R","Strike_R+1","Strike_R","Strike_R","Strike_R","Defend_R","Defend_R","Defend_R","Defend_R","Bash+1","Shrug It Off","Clothesline","Anger+1","Armaments","Flex","Injury","Doubt","Whirlwind","Feel No Pain"],"relics":["Burning Blood","Boot","Whetstone","Odd Mushroom","Shuriken","Golden Idol","Potion Belt"],"potions_floor_usage":[8,8],"damage_taken":[{"damage":9,"enemies":"Jaw Worm","floor":1,"turns":4},{"damage":1,"enemies":"Small Slimes","floor":3,"turns":3},{"damage":30,"enemies":"Lagavulin","floor":7,"turns":5},{"damage":17,"enemies":"The Mushroom Lair","floor":8,"turns":4},{"damage":42,"enemies":"3 Sentries","floor":13,"turns":12},{"damage":9,"enemies":"2 Louse","floor":14,"turns":3},{"damage":40,"enemies":"Hexaghost","floor":16,"turns":9}],"seed_played":"8460972794473036866","potions_obtained":[{"floor":1,"key":"Weak Potion"},{"floor":7,"key":"PowerPotion"}],"is_trial":false,"path_per_floor":["M","$","M","$","?","R","E","?","T","?","R","?","E","M","R","B"],"character_chosen":"IRONCLAD","items_purchased":["Clothesline"],"campfire_rested":2,"item_purchase_floors":[2],"current_hp_per_floor":[65,65,70,70,70,70,46,35,35,35,57,57,21,18,40,0],"gold":512,"neow_bonus":"RANDOM_COMMON_RELIC","is_prod":false,"is_daily":false,"chose_seed":false,"campfire_upgraded":1,"win_rate":0,"timestamp":1551856590,"path_taken":["M","$","M","$","?","R","E","?","T","?","R","?","E","M","R","BOSS"],"build_version":"2019-01-23","purchased_purges":0,"victory":false,"max_hp_per_floor":[75,75,75,75,75,75,75,75,75,75,75,75,75,75,75,75],"card_choices":[{"not_picked":["Searing Blow","Rupture"],"picked":"Shrug It Off","floor":1},{"not_picked":["Wild Strike","Heavy Blade"],"picked":"Anger","floor":3},{"not_picked":["Anger","Intimidate"],"picked":"Armaments","floor":7},{"not_picked":["Searing Blow","Twin Strike"],"picked":"Flex","floor":8},{"not_picked":["Cleave","Bloodletting"],"picked":"Whirlwind","floor":13},{"not_picked":["Pommel Strike","Body Slam"],"picked":"Feel No Pain","floor":14}],"player_experience":808754,"relics_obtained":[{"floor":7,"key":"Whetstone"},{"floor":8,"key":"Odd Mushroom"},{"floor":9,"key":"Shuriken"},{"floor":13,"key":"Potion Belt"}],"event_choices":[{"damage_healed":0,"gold_gain":80,"player_choice":"Gained Gold","damage_taken":0,"max_hp_gain":0,"max_hp_loss":0,"event_name":"Golden Wing","floor":5,"gold_loss":0},{"damage_healed":0,"gold_gain":0,"player_choice":"Fought Mushrooms","damage_taken":0,"max_hp_gain":0,"max_hp_loss":0,"event_name":"Mushrooms","floor":8,"gold_loss":0},{"damage_healed":0,"gold_gain":0,"player_choice":"Take Wound","damage_taken":0,"relics_obtained":["Golden Idol"],"max_hp_gain":0,"max_hp_loss":0,"event_name":"Golden Idol","floor":10,"gold_loss":0,"cards_obtained":["Injury"]},{"damage_healed":0,"gold_gain":150,"player_choice":"AGREE","damage_taken":0,"max_hp_gain":0,"max_hp_loss":0,"event_name":"Liars Game","floor":12,"gold_loss":0,"cards_obtained":["Doubt"]}],"is_beta":false,"boss_relics":[],"items_purged_floors":[],"is_endless":false,"potions_floor_spawned":[1,7],"killed_by":"Hexaghost","ascension_level":18}