{"gold_per_floor":[112,62,62,78,3,3,3,18,18,32,44,44,62,83,83,83],"floor_reached":16,"playtime":289,"items_purged":["Strike_R"],"score":94,"play_id":"c6a40808-ec59-444e-84a7-9b6326b43756","local_time":"20190520164424","is_ascension_mode":false,"campfire_choices":[{"data":"Bash","floor":6,"key":"SMITH"},{"floor":15,"key":"REST"}],"neow_cost":"NONE","seed_source_timestamp":322297742367215,"circlet_count":0,"master_deck":["Strike_R","Strike_R","Strike_R","Defend_R","Defend_R","Defend_R","Defend_R","Bash+1"],"relics":["Calling Bell","Boot","Blue Candle","Unceasing Top","Mummified Hand","Matryoshka","Golden Idol"],"potions_floor_usage":[],"damage_taken":[{"damage":4,"enemies":"2 Louse","floor":1,"turns":3},{"damage":11,"enemies":"Jaw Worm","floor":4,"turns":2},{"damage":0,"enemies":"Small Slimes","floor":8,"turns":3},{"damage":12,"enemies":"Looter","floor":10,"turns":4},{"damage":6,"enemies":"2 Fungi Beasts","floor":11,"turns":4},{"damage":9,"enemies":"3 Louse","floor":13,"turns":5},{"damage":34,"enemies":"Exordium Thugs","floor":14,"turns":6},{"damage":0,"enemies":"Slime Boss","floor":16,"turns":1}],"seed_played":"936304524564440077","potions_obtained":[{"floor":1,"key":"SkillPotion"},{"floor":8,"key":"GamblersBrew"}],"is_trial":false,"path_per_floor":["M","?","T","M","$","R","$","M","T","M","M","?","M","M","R","B"],"character_chosen":"IRONCLAD","items_purchased":[],"campfire_rested":1,"item_purchase_floors":[],"current_hp_per_floor":[76,76,76,65,65,65,65,65,65,53,47,47,38,4,26,26],"gold":83,"neow_bonus":"BOSS_RELIC","is_prod":false,"is_daily":false,"chose_seed":false,"campfire_upgraded":1,"win_rate":0,"timestamp":1558341864,"path_taken":["M","?","?","M","$","R","?","M","T","M","M","?","M","M","R","BOSS"],"build_version":"2019-01-23","purchased_purges":1,"victory":false,"max_hp_per_floor":[80,80,80,80,80,80,80,80,80,80,80,74,74,74,74,74],"card_choices":[{"not_picked":["Perfected Strike","Rampage","Havoc"],"picked":"SKIP","floor":1},{"not_picked":["Shrug It Off","Havoc","Spot Weakness"],"picked":"SKIP","floor":4},{"not_picked":["Wild Strike","Body Slam","Sword Boomerang"],"picked":"SKIP","floor":8},{"not_picked":["Clash","Havoc","Metallicize"],"picked":"SKIP","floor":10},{"not_picked":["Havoc","Headbutt","Anger"],"picked":"SKIP","floor":11},{"not_picked":["Warcry","Sword Boomerang","Cleave"],"picked":"SKIP","floor":13},{"not_picked":["Iron Wave","Immolate","Armaments"],"picked":"SKIP","floor":14}],"player_experience":900718,"relics_obtained":[{"floor":0,"key":"Boot"},{"floor":0,"key":"Blue Candle"},{"floor":0,"key":"Unceasing Top"},{"floor":3,"key":"Mummified Hand"},{"floor":9,"key":"Matryoshka"}],"event_choices":[{"cards_removed":["Strike_R"],"damage_healed":0,"gold_gain":0,"player_choice":"Card Removal","damage_taken":0,"max_hp_gain":0,"max_hp_loss":0,"event_name":"The Cleric","floor":2,"gold_loss":50},{"damage_healed":0,"gold_gain":0,"player_choice":"Lose Max HP","damage_taken":0,"relics_obtained":["Golden Idol"],"max_hp_gain":0,"max_hp_loss":6,"event_name":"Golden Idol","floor":12,"gold_loss":0}],"is_beta":false,"boss_relics":[],"items_purged_floors":[5],"is_endless":false,"potions_floor_spawned":[1,8],"killed_by":"Slime Boss","ascension_level":0}