{"gold_per_floor":[115,130,130,130,143,143,143,143,143,143,155,185,185,197,197,297,297,316,328,250,250,263,263,263],"floor_reached":24,"playtime":1756,"items_purged":[],"score":245,"play_id":"9b9ef000-9bd0-487a-beb5-d34eaa7667f3","local_time":"20190118224255","is_ascension_mode":true,"campfire_choices":[{"data":"True Grit","floor":6.0,"key":"SMITH"},{"data":"Juggernaut","floor":10.0,"key":"SMITH"},{"data":"Armaments","floor":13.0,"key":"SMITH"},{"data":"Bash","floor":15.0,"key":"SMITH"},{"data":"Reaper","floor":23,"key":"SMITH"}],"neow_cost":"NONE","seed_source_timestamp":880272490096966,"circlet_count":0,"master_deck":["Strike_R","Strike_R","Strike_R","Defend_R","Defend_R","Defend_R","Defend_R","Bash+1","True Grit+1","Reaper+1","Juggernaut+1","Armaments+1","Power Through","Intimidate","Demon Form+1","Entrench","Thunderclap","Burning Pact","Ghostly Armor"],"special_seed":0,"relics":["Burning Blood","Blood Vial","PreservedInsect","Frozen Egg 2","Ornamental Fan","Runic Cube"],"potions_floor_usage":[24],"damage_taken":[{"damage":6.0,"enemies":"Cultist","floor":1.0,"turns":4.0},{"damage":5.0,"enemies":"2 Louse","floor":2.0,"turns":4.0},{"damage":7.0,"enemies":"Jaw Worm","floor":5.0,"turns":3.0},{"damage":13.0,"enemies":"3 Louse","floor":11.0,"turns":4.0},{"damage":6.0,"enemies":"Lagavulin","floor":12.0,"turns":7.0},{"damage":3.0,"enemies":"Blue Slaver","floor":14.0,"turns":4.0},{"damage":86.0,"enemies":"Slime Boss","floor":16.0,"turns":18.0},{"damage":25.0,"enemies":"Shell Parasite","floor":18.0,"turns":10.0},{"damage":11,"enemies":"3 Byrds","floor":19,"turns":6},{"damage":42,"enemies":"3 Cultists","floor":22,"turns":5},{"damage":59,"enemies":"Gremlin Leader","floor":24,"turns":6}],"seed_played":"-4826651278505593622","potions_obtained":[{"floor":11.0,"key":"Ancient Potion"},{"floor":12.0,"key":"GamblersBrew"},{"floor":14.0,"key":"EssenceOfSteel"},{"floor":18.0,"key":"SteroidPotion"}],"is_trial":false,"path_per_floor":["M","M","$","?","M","R","?","?","T","R","M","E","R","M","R","B",null,"M","M","$","?","M","R","E"],"character_chosen":"IRONCLAD","items_purchased":["Burning Pact"],"campfire_rested":0,"item_purchase_floors":[20],"current_hp_per_floor":[80,80,80,68,69,69,69,69,69,69,70,72,72,80,80,12,63,64,61,61,61,47,47,0],"gold":263,"neow_bonus":"RANDOM_COMMON_RELIC","is_prod":false,"is_daily":false,"chose_seed":false,"campfire_upgraded":5,"win_rate":0,"timestamp":1547811775,"path_taken":["M","M","?","?","M","R","?","?","T","R","M","E","R","?","R","BOSS","M","M","$","?","M","R","E"],"build_version":"2019-01-17v2","purchased_purges":0,"victory":false,"max_hp_per_floor":[80,80,80,80,80,80,80,80,80,80,80,80,80,80,80,80,80,80,80,80,80,80,80,80],"card_choices":[{"not_picked":["Twin Strike","Wild Strike"],"picked":"True Grit","floor":1.0},{"not_picked":["Twin Strike","Perfected Strike","Sword Boomerang"],"picked":"SKIP","floor":2.0},{"not_picked":["Warcry","Heavy Blade"],"picked":"Reaper","floor":5.0},{"not_picked":["Carnage","Hemokinesis"],"picked":"Armaments","floor":11.0},{"not_picked":["Berserk+1","Rampage"],"picked":"Power Through","floor":12.0},{"not_picked":["Blood for Blood","Perfected Strike"],"picked":"Intimidate","floor":14.0},{"not_picked":["Brutality+1","Fiend Fire"],"picked":"Demon Form+1","floor":16.0},{"not_picked":["Iron Wave","Armaments+1"],"picked":"Entrench","floor":18.0},{"not_picked":["Clash","Armaments"],"picked":"Thunderclap","floor":19},{"not_picked":["Spot Weakness","Reckless Charge"],"picked":"Ghostly Armor","floor":22}],"player_experience":479568,"relics_obtained":[{"floor":9.0,"key":"Frozen Egg 2"},{"floor":12.0,"key":"Ornamental Fan"}],"event_choices":[{"damage_healed":0.0,"max_hp_gain":0.0,"max_hp_loss":0.0,"gold_gain":0.0,"event_name":"Scrap Ooze","player_choice":"Success","floor":4.0,"gold_loss":0.0,"damage_taken":12.0,"relics_obtained":["PreservedInsect"]},{"damage_healed":0.0,"max_hp_gain":0.0,"max_hp_loss":0.0,"gold_gain":0.0,"cards_transformed":["Strike_R"],"event_name":"Living Wall","player_choice":"Change","floor":7.0,"gold_loss":0.0,"damage_taken":0.0,"cards_obtained":["Juggernaut"]},{"damage_healed":0.0,"max_hp_gain":0.0,"max_hp_loss":0.0,"gold_gain":0.0,"event_name":"Shining Light","player_choice":"Ignored","floor":8.0,"gold_loss":0.0,"damage_taken":0.0},{"cards_removed":["Strike_R"],"damage_healed":0,"gold_gain":0,"player_choice":"Elegance","damage_taken":0,"max_hp_gain":0,"max_hp_loss":0,"event_name":"Back to Basics","floor":21,"gold_loss":0}],"is_beta":false,"boss_relics":[{"not_picked":["Velvet Choker","Empty Cage"],"picked":"Runic Cube"}],"items_purged_floors":[],"is_endless":false,"potions_floor_spawned":[11,12,14,18],"killed_by":"Gremlin Leader","ascension_level":5}