{"gold_per_floor":[117,117,142,158,178,213,239,239,239,239,255,255,289,85,85,215,278,291,291,311,335,235,235,278,203,256,279,292,292,325,80,80,201,201,224,224,224,248,267,267,124,155,155,155,168,168,184,36,36,36],"floor_reached":51,"playtime":5132,"items_purged":["Strike_G","Strike_G","Noxious Fumes"],"score":880,"play_id":"b2db8fa9-9406-456c-ba73-a2d9da553f42","local_time":"20190801230006","is_ascension_mode":true,"campfire_choices":[{"floor":8.0,"key":"REST"},{"data":"Footwork","floor":10.0,"key":"SMITH"},{"data":"Crippling Poison","floor":12.0,"key":"SMITH"},{"data":"Deadly Poison","floor":15.0,"key":"SMITH"},{"data":"Catalyst","floor":23.0,"key":"SMITH"},{"data":"Catalyst","floor":32.0,"key":"SMITH"},{"data":"Outmaneuver","floor":40,"key":"SMITH"},{"floor":44,"key":"REST"},{"data":"Footwork","floor":46,"key":"SMITH"},{"data":"Transmutation","floor":49,"key":"SMITH"}],"neow_cost":"TEN_PERCENT_HP_LOSS","seed_source_timestamp":1902498727529800,"circlet_count":0,"master_deck":["Defend_G","Defend_G","Defend_G","Survivor","Neutralize","Deadly Poison","Blur","Footwork+1","Sucker Punch","Crippling Poison+1","Heel Hook","Backflip","Deadly Poison+1","Outmaneuver+1","Well Laid Plans+1","Dark Shackles","Corpse Explosion+1","Blur","Catalyst+1","Dodge and Roll+1","Catalyst+1","Adrenaline","Noxious Fumes","Malaise","Finesse","Transmutation+1","Finesse","Acrobatics+1","Footwork+1","Escape Plan","Heel Hook","PiercingWail+1","Dodge and Roll"],"special_seed":0,"relics":["Ring of the Snake","Golden Idol","Bird Faced Urn","Odd Mushroom","Sundial","Dodecahedron","Tiny House","Strawberry","Bag of Preparation","War Paint","TwistedFunnel","Empty Cage","Incense Burner","Smiling Mask"],"potions_floor_usage":[39,39,42],"damage_taken":[{"damage":0.0,"enemies":"Jaw Worm","floor":1.0,"turns":4.0},{"damage":7.0,"enemies":"2 Louse","floor":3.0,"turns":3.0},{"damage":5.0,"enemies":"Small Slimes","floor":4.0,"turns":3.0},{"damage":15.0,"enemies":"Gremlin Gang","floor":5.0,"turns":4.0},{"damage":0.0,"enemies":"Lagavulin","floor":6.0,"turns":8.0},{"damage":8.0,"enemies":"The Mushroom Lair","floor":7.0,"turns":6.0},{"damage":0.0,"enemies":"Looter","floor":11.0,"turns":3.0},{"damage":18.0,"enemies":"Gremlin Nob","floor":13.0,"turns":5.0},{"damage":7.0,"enemies":"The Guardian","floor":16.0,"turns":9.0},{"damage":8.0,"enemies":"Spheric Guardian","floor":18.0,"turns":4.0},{"damage":0.0,"enemies":"3 Byrds","floor":20.0,"turns":4.0},{"damage":15.0,"enemies":"Cultist and Chosen","floor":21.0,"turns":10.0},{"damage":0.0,"enemies":"Book of Stabbing","floor":24.0,"turns":4.0},{"damage":0.0,"enemies":"Snecko","floor":27.0,"turns":5.0},{"damage":0.0,"enemies":"3 Cultists","floor":28.0,"turns":3.0},{"damage":28.0,"enemies":"Slavers","floor":30.0,"turns":4.0},{"damage":0.0,"enemies":"Champ","floor":33.0,"turns":6.0},{"damage":0.0,"enemies":"Orb Walker","floor":35.0,"turns":4.0},{"damage":5.0,"enemies":"3 Shapes","floor":38.0,"turns":3.0},{"damage":25,"enemies":"Writhing Mass","floor":39,"turns":4},{"damage":30,"enemies":"Reptomancer","floor":42,"turns":5},{"damage":0,"enemies":"Transient","floor":45,"turns":5},{"damage":1,"enemies":"Spire Growth","floor":47,"turns":5},{"damage":16,"enemies":"Awakened One","floor":50,"turns":16}],"seed_played":"-1765754217611092044","potions_obtained":[{"floor":3.0,"key":"SpeedPotion"},{"floor":4.0,"key":"EssenceOfSteel"},{"floor":7.0,"key":"Block Potion"},{"floor":11.0,"key":"SteroidPotion"},{"floor":16.0,"key":"EssenceOfSteel"},{"floor":17.0,"key":"EssenceOfSteel"},{"floor":21.0,"key":"Block Potion"},{"floor":24.0,"key":"SteroidPotion"},{"floor":28.0,"key":"Block Potion"},{"floor":33.0,"key":"Block Potion"},{"floor":38.0,"key":"SkillPotion"},{"floor":45,"key":"Block Potion"}],"is_trial":false,"path_per_floor":["M","?","M","M","M","E","?","R","T","R","M","R","E","$","R","B",null,"M","?","M","M","$","R","E","?","T","M","M","?","E","$","R","B",null,"M","?","?","M","M","R","$","E","T","R","M","R","M","$","R","B",null],"character_chosen":"THE_SILENT","items_purchased":["Well Laid Plans","Dark Shackles","TwistedFunnel","Noxious Fumes","Footwork","Escape Plan","Dodge and Roll","SpeedPotion"],"campfire_rested":2,"item_purchase_floors":[14,14,31,31,41,41,48,48],"current_hp_per_floor":[63,48,41,36,21,21,15,33,33,33,35,35,19,19,19,16,68,60,60,64,53,53,53,62,62,62,66,66,66,44,44,44,52,75,75,75,65,60,43,43,43,21,21,43,51,51,58,58,58,52],"gold":36,"neow_bonus":"TRANSFORM_TWO_CARDS","is_prod":false,"is_daily":false,"chose_seed":false,"campfire_upgraded":8,"win_rate":1,"timestamp":1564722006,"path_taken":["M","?","M","M","M","E","?","R","T","R","M","R","E","$","R","BOSS","M","?","M","M","$","R","E","?","T","M","M","?","E","$","R","BOSS","M","?","?","M","M","R","$","E","T","R","M","R","M","$","R","BOSS"],"build_version":"2019-07-18","purchased_purges":3,"victory":true,"max_hp_per_floor":[63,63,63,63,63,63,63,63,63,63,63,63,63,63,63,63,68,68,68,68,68,68,68,75,75,75,75,75,75,75,75,75,75,75,75,75,75,75,75,75,75,75,75,75,75,75,75,75,75,75],"card_choices":[{"not_picked":["Slice","Noxious Fumes"],"picked":"Footwork","floor":1.0},{"not_picked":["Flechettes","Dagger Spray"],"picked":"Sucker Punch","floor":3.0},{"not_picked":["Blade Dance","Outmaneuver"],"picked":"Crippling Poison","floor":4.0},{"not_picked":["Skewer","Eviscerate"],"picked":"Heel Hook","floor":5.0},{"not_picked":["Dagger Throw","Sucker Punch"],"picked":"Backflip","floor":6.0},{"not_picked":["Flying Knee","Acrobatics"],"picked":"Deadly Poison","floor":7.0},{"not_picked":["Poisoned Stab","Finisher"],"picked":"Outmaneuver","floor":11.0},{"not_picked":["Deadly Poison","Choke","Sucker Punch"],"picked":"SKIP","floor":13.0},{"not_picked":["After Image","Venomology"],"picked":"Corpse Explosion","floor":16.0},{"not_picked":["Flying Knee","Prepared"],"picked":"Blur","floor":17.0},{"not_picked":["Tactician","Endless Agony","Quick Slash"],"picked":"SKIP","floor":18.0},{"not_picked":["Calculated Gamble","Outmaneuver","Prepared"],"picked":"SKIP","floor":20.0},{"not_picked":["Flechettes","Acrobatics"],"picked":"Dodge and Roll","floor":21.0},{"not_picked":["Poisoned Stab","Choke+1","Leg Sweep"],"picked":"SKIP","floor":24.0},{"not_picked":["Terror","Flying Knee"],"picked":"Noxious Fumes","floor":27.0},{"not_picked":["Underhanded Strike","Poisoned Stab"],"picked":"Catalyst","floor":28.0},{"not_picked":["Calculated Gamble+1","Backflip"],"picked":"Adrenaline","floor":30.0},{"not_picked":["Night Terror","Bullet Time"],"picked":"Malaise","floor":33.0},{"not_picked":["Endless Agony+1","Tactician+1","Skewer"],"picked":"SKIP","floor":35.0},{"not_picked":["Metamorphosis","The Bomb"],"picked":"Finesse","floor":37.0},{"not_picked":["Flash of Steel","Bandage Up"],"picked":"Transmutation","floor":37.0},{"not_picked":["Deep Breath","Thinking Ahead"],"picked":"Finesse","floor":37.0},{"not_picked":["Endless Agony+1","Underhanded Strike"],"picked":"Acrobatics+1","floor":38.0},{"not_picked":["Slice","All Out Attack+1","Bane"],"picked":"SKIP","floor":39},{"not_picked":["Crippling Poison","Blade Dance"],"picked":"Heel Hook","floor":42},{"not_picked":["Sucker Punch+1","Underhanded Strike"],"picked":"PiercingWail+1","floor":45},{"not_picked":["Acrobatics+1","Reflex+1","Distraction"],"picked":"SKIP","floor":47}],"player_experience":43224,"relics_obtained":[{"floor":6.0,"key":"Bird Faced Urn"},{"floor":7.0,"key":"Odd Mushroom"},{"floor":9.0,"key":"Sundial"},{"floor":13.0,"key":"Dodecahedron"},{"floor":24.0,"key":"Strawberry"},{"floor":26.0,"key":"Bag of Preparation"},{"floor":30.0,"key":"War Paint"},{"floor":42,"key":"Incense Burner"},{"floor":43,"key":"Smiling Mask"}],"event_choices":[{"damage_healed":0.0,"max_hp_gain":0.0,"max_hp_loss":0.0,"gold_gain":0.0,"event_name":"Golden Idol","player_choice":"Take Damage","floor":2.0,"gold_loss":0.0,"damage_taken":15.0,"relics_obtained":["Golden Idol"]},{"damage_healed":0.0,"max_hp_gain":0.0,"max_hp_loss":0.0,"gold_gain":0.0,"event_name":"Mushrooms","player_choice":"Fought Mushrooms","floor":7.0,"gold_loss":0.0,"damage_taken":0.0},{"damage_healed":0.0,"max_hp_gain":0.0,"max_hp_loss":0.0,"gold_gain":0.0,"event_name":"The Library","player_choice":"Read","floor":19.0,"gold_loss":0.0,"damage_taken":0.0,"cards_obtained":["Catalyst"]},{"cards_removed":["Strike_G"],"damage_healed":0.0,"max_hp_gain":0.0,"max_hp_loss":0.0,"gold_gain":0.0,"event_name":"Beggar","player_choice":"Gave Gold","floor":25.0,"gold_loss":75.0,"damage_taken":0.0},{"damage_healed":0.0,"max_hp_gain":0.0,"max_hp_loss":0.0,"gold_gain":0.0,"cards_transformed":["Strike_G","Strike_G"],"event_name":"Drug Dealer","player_choice":"Became Test Subject","floor":29.0,"gold_loss":0.0,"damage_taken":0.0,"cards_obtained":["Dagger Throw","Corpse Explosion"]},{"damage_healed":0.0,"max_hp_gain":0.0,"max_hp_loss":0.0,"gold_gain":0.0,"event_name":"Tomb of Lord Red Mask","player_choice":"Ignored","floor":36.0,"gold_loss":0.0,"damage_taken":0.0},{"damage_healed":0.0,"max_hp_gain":0.0,"max_hp_loss":0.0,"gold_gain":0.0,"event_name":"SensoryStone","player_choice":"Memory 3","floor":37.0,"gold_loss":0.0,"damage_taken":10.0}],"is_beta":true,"boss_relics":[{"not_picked":["Philosopher\u0027s Stone","WristBlade"],"picked":"Tiny House"},{"not_picked":["Black Star","Coffee Dripper"],"picked":"Empty Cage"}],"items_purged_floors":[14,22,48],"is_endless":false,"potions_floor_spawned":[3,4,7,11,16,21,24,28,33,38,45],"ascension_level":2}