{"gold_per_floor":[216,229,241,256,20,20,49,49,49,49,49,76,76,101,101,196,196,211,211,230,39,138,138,158,158,233,233,260,271,12,40,40,145,145,164,1163,1217,75,86,86,104,104,131,131,149,177,177,189,189,189],"floor_reached":51,"playtime":4722,"items_purged":["Strike_G","Strike_G","Strike_G","Normality"],"score":933,"play_id":"f49843e0-a26d-4e9d-8929-80a6a90214e6","local_time":"20190804122338","is_ascension_mode":true,"campfire_choices":[{"data":"Neutralize","floor":6.0,"key":"SMITH"},{"data":"Footwork","floor":8.0,"key":"SMITH"},{"data":"1","floor":15.0,"key":"LIFT"},{"data":"2","floor":23.0,"key":"LIFT"},{"data":"3","floor":25.0,"key":"LIFT"},{"data":"Deadly Poison","floor":27.0,"key":"SMITH"},{"data":"Well Laid Plans","floor":32.0,"key":"SMITH"},{"data":"Normality","floor":40.0,"key":"PURGE"},{"data":"Defend_G","floor":42,"key":"PURGE"},{"data":"Doubt","floor":44,"key":"PURGE"},{"floor":49,"key":"REST"}],"neow_cost":"NONE","seed_source_timestamp":2124372688928700,"circlet_count":0,"master_deck":["Defend_G","Defend_G","Defend_G","Defend_G","Survivor","Neutralize+1","Heel Hook+1","Footwork+1","Unload+1","Dodge and Roll","Escape Plan","Well Laid Plans+1","Deadly Poison+1","Envenom","Corpse Explosion+1","Dodge and Roll+1","Deadly Poison+1","Blade Dance+1","Outmaneuver+1","Accuracy","Footwork+1","Crippling Poison+1","Adrenaline+1","Blade Dance+1","Accuracy+1","PiercingWail+1","Backflip+1","PiercingWail+1","Blade Dance+1","Dodge and Roll+1","Calculated Gamble+1"],"special_seed":0,"relics":["Ring of the Serpent","The Courier","Blue Candle","Toxic Egg 2","Girya","Ancient Tea Set","Singing Bowl","Strawberry","Toy Ornithopter","Lantern","Cursed Key","StoneCalendar","Oddly Smooth Stone","Whetstone","Toolbox","Peace Pipe","Art of War","FossilizedHelix","PreservedInsect","Pantograph"],"potions_floor_usage":[46,50,50,50],"damage_taken":[{"damage":0.0,"enemies":"Small Slimes","floor":1.0,"turns":4.0},{"damage":0.0,"enemies":"2 Louse","floor":2.0,"turns":4.0},{"damage":0.0,"enemies":"Jaw Worm","floor":3.0,"turns":7.0},{"damage":1.0,"enemies":"Blue Slaver","floor":4.0,"turns":5.0},{"damage":16.0,"enemies":"3 Sentries","floor":7.0,"turns":11.0},{"damage":9.0,"enemies":"Lagavulin","floor":12.0,"turns":7.0},{"damage":3.0,"enemies":"3 Sentries","floor":14.0,"turns":16.0},{"damage":4.0,"enemies":"Hexaghost","floor":16.0,"turns":8.0},{"damage":0.0,"enemies":"Spheric Guardian","floor":18.0,"turns":5.0},{"damage":0.0,"enemies":"Shell Parasite","floor":20.0,"turns":7.0},{"damage":0.0,"enemies":"Snecko","floor":24.0,"turns":4.0},{"damage":17.0,"enemies":"Gremlin Leader","floor":28.0,"turns":6.0},{"damage":8.0,"enemies":"Centurion and Healer","floor":29.0,"turns":3.0},{"damage":15.0,"enemies":"Book of Stabbing","floor":31.0,"turns":7.0},{"damage":28.0,"enemies":"Collector","floor":33.0,"turns":10.0},{"damage":0.0,"enemies":"3 Shapes","floor":35.0,"turns":3.0},{"damage":24.0,"enemies":"2 Orb Walkers","floor":37.0,"turns":3.0},{"damage":12.0,"enemies":"Orb Walker","floor":39.0,"turns":3.0},{"damage":0,"enemies":"4 Shapes","floor":41,"turns":3},{"damage":0,"enemies":"Transient","floor":45,"turns":5},{"damage":0,"enemies":"Giant Head","floor":46,"turns":6},{"damage":0,"enemies":"Maw","floor":48,"turns":6},{"damage":24,"enemies":"Awakened One","floor":50,"turns":15}],"seed_played":"-2651111802983936925","potions_obtained":[{"floor":2.0,"key":"GhostInAJar"},{"floor":4.0,"key":"AttackPotion"},{"floor":7.0,"key":"SkillPotion"},{"floor":14.0,"key":"EntropicBrew"},{"floor":29.0,"key":"SteroidPotion"},{"floor":33.0,"key":"Swift Potion"},{"floor":37.0,"key":"Energy Potion"},{"floor":45,"key":"PowerPotion"},{"floor":48,"key":"Block Potion"}],"is_trial":false,"path_per_floor":["M","M","M","M","$","R","E","R","T","?","?","E","?","E","R","B",null,"M","?","M","$","?","R","M","R","T","R","E","M","$","E","R","B",null,"M","?","?","$","M","R","M","R","T","R","M","E","?","M","R","B",null],"character_chosen":"THE_SILENT","items_purchased":["Escape Plan","Well Laid Plans","Deadly Poison","Blade Dance+1","Outmaneuver+1","Accuracy","Toy Ornithopter","Oddly Smooth Stone","PiercingWail+1","Whetstone","Toolbox","Peace Pipe","Art of War","FossilizedHelix"],"campfire_rested":1,"item_purchase_floors":[5,5,5,21,21,21,30,38,38,38,38,38,38,38],"current_hp_per_floor":[70,70,70,69,69,69,53,53,53,53,46,37,37,34,34,30,60,60,47,47,47,47,47,47,47,47,47,39,31,31,31,31,8,65,70,70,46,46,39,39,39,39,39,39,39,44,46,46,71,69],"gold":189,"neow_bonus":"HUNDRED_GOLD","is_prod":false,"is_daily":false,"chose_seed":false,"campfire_upgraded":4,"win_rate":0,"timestamp":1564943018,"path_taken":["M","M","M","M","$","R","E","R","T","?","?","E","?","E","R","BOSS","M","?","M","$","?","R","M","R","T","R","E","M","$","E","R","BOSS","M","?","?","$","M","R","M","R","T","R","M","E","?","?","R","BOSS"],"build_version":"2019-07-18","purchased_purges":4,"victory":true,"max_hp_per_floor":[70,70,70,70,70,70,70,70,70,70,70,70,70,70,70,70,70,70,75,75,75,75,75,75,75,75,75,84,84,84,84,84,84,84,84,84,84,84,84,84,84,84,84,84,84,84,86,86,86,86],"card_choices":[{"not_picked":["Slice","Backflip"],"picked":"Heel Hook","floor":1.0},{"not_picked":["Endless Agony","Prepared"],"picked":"Footwork","floor":2.0},{"not_picked":["Calculated Gamble","Outmaneuver"],"picked":"Unload","floor":3.0},{"not_picked":["Acrobatics","Sucker Punch"],"picked":"Dodge and Roll","floor":4.0},{"not_picked":["Dagger Spray","Underhanded Strike","Sucker Punch"],"picked":"SKIP","floor":7.0},{"not_picked":["Quick Slash","Choke","All Out Attack"],"picked":"SKIP","floor":12.0},{"not_picked":["Eviscerate","Storm of Steel+1"],"picked":"Envenom","floor":14.0},{"not_picked":["Adrenaline+1","Die Die Die"],"picked":"Corpse Explosion+1","floor":16.0},{"not_picked":["Blade Dance+1","Well Laid Plans+1"],"picked":"Dodge and Roll+1","floor":18.0},{"not_picked":["Outmaneuver+1","Underhanded Strike"],"picked":"Deadly Poison+1","floor":20.0},{"not_picked":["Prepared+1","Caltrops","Dagger Spray"],"picked":"SKIP","floor":24.0},{"not_picked":["Outmaneuver+1","Sucker Punch","Bullet Time+1"],"picked":"Singing Bowl","floor":28.0},{"not_picked":["Dagger Spray","Blade Dance+1"],"picked":"Footwork+1","floor":29.0},{"not_picked":["Deflect+1","Well Laid Plans"],"picked":"Crippling Poison+1","floor":31.0},{"not_picked":["Bullet Time+1","Corpse Explosion+1"],"picked":"Adrenaline+1","floor":33.0},{"not_picked":["Deflect+1","Reflex+1"],"picked":"Blade Dance+1","floor":35.0},{"not_picked":["Acrobatics+1","Dagger Spray"],"picked":"Accuracy+1","floor":37.0},{"not_picked":["Underhanded Strike+1","Dagger Spray+1"],"picked":"Backflip+1","floor":39.0},{"not_picked":["Sucker Punch+1","Backstab"],"picked":"PiercingWail+1","floor":41},{"not_picked":["Deadly Poison+1","Caltrops+1"],"picked":"Blade Dance+1","floor":45},{"not_picked":["Deadly Poison+1","Choke"],"picked":"Dodge and Roll+1","floor":46},{"not_picked":["Panacea+1","Deep Breath+1","Mayhem"],"picked":"Singing Bowl","floor":47},{"not_picked":["Tactician+1","Bouncing Flask+1"],"picked":"Calculated Gamble+1","floor":48}],"player_experience":100700,"relics_obtained":[{"floor":7.0,"key":"The Courier"},{"floor":9.0,"key":"Blue Candle"},{"floor":12.0,"key":"Girya"},{"floor":14.0,"key":"Ancient Tea Set"},{"floor":26.0,"key":"Singing Bowl"},{"floor":28.0,"key":"Strawberry"},{"floor":31.0,"key":"Lantern"},{"floor":37.0,"key":"StoneCalendar"},{"floor":43,"key":"PreservedInsect"},{"floor":46,"key":"Pantograph"}],"event_choices":[{"damage_healed":0.0,"max_hp_gain":0.0,"max_hp_loss":0.0,"gold_gain":0.0,"event_name":"Dead Adventurer","player_choice":"Searched \u00271\u0027 times","floor":10.0,"gold_loss":0.0,"damage_taken":0.0,"relics_obtained":["Toxic Egg 2"]},{"cards_removed":["Strike_G"],"damage_healed":0.0,"max_hp_gain":0.0,"max_hp_loss":0.0,"gold_gain":0.0,"event_name":"Golden Wing","player_choice":"Card Removal","floor":11.0,"gold_loss":0.0,"damage_taken":7.0},{"cards_removed":["Strike_G"],"damage_healed":0.0,"max_hp_gain":0.0,"max_hp_loss":0.0,"gold_gain":0.0,"event_name":"Living Wall","player_choice":"Forget","floor":13.0,"gold_loss":0.0,"damage_taken":0.0},{"damage_healed":0.0,"max_hp_gain":5.0,"max_hp_loss":0.0,"gold_gain":0.0,"event_name":"Forgotten Altar","player_choice":"Shed Blood","floor":19.0,"gold_loss":0.0,"damage_taken":18.0},{"damage_healed":0.0,"max_hp_gain":0.0,"max_hp_loss":0.0,"gold_gain":99.0,"event_name":"Nest","player_choice":"Stole From Cult","floor":22.0,"gold_loss":0.0,"damage_taken":0.0},{"damage_healed":0.0,"max_hp_gain":0.0,"max_hp_loss":0.0,"gold_gain":999.0,"event_name":"MindBloom","player_choice":"Gold","floor":36.0,"gold_loss":0.0,"damage_taken":0.0,"cards_obtained":["Normality","Normality"]},{"damage_healed":0.0,"max_hp_gain":0.0,"max_hp_loss":0.0,"gold_gain":0.0,"event_name":"Mysterious Sphere","player_choice":"Fight","floor":37.0,"gold_loss":0.0,"damage_taken":0.0},{"damage_healed":0,"gold_gain":0,"player_choice":"Memory 1","damage_taken":0,"max_hp_gain":0,"max_hp_loss":0,"event_name":"SensoryStone","floor":47,"gold_loss":0}],"is_beta":true,"boss_relics":[{"not_picked":["White Beast Statue","Velvet Choker"],"picked":"Ring of the Serpent"},{"not_picked":["Snecko Eye","Sozu"],"picked":"Cursed Key"}],"items_purged_floors":[5,21,30,38],"is_endless":false,"potions_floor_spawned":[2,4,7,14,29,33,37,45,48],"ascension_level":5}