{"gold_per_floor":[115,115,133,33,108,108,143,143,143,176,126,25,25,25,25,129,129,144,144,155,70,86,86,86],"floor_reached":24,"playtime":1228,"items_purged":["Strike_R"],"score":245,"play_id":"96270b60-6ed9-4a47-b14a-9b802bf24000","local_time":"20190103023333","is_ascension_mode":true,"campfire_choices":[{"data":"Spot Weakness","floor":6,"key":"SMITH"},{"floor":8,"key":"REST"},{"floor":15,"key":"REST"},{"floor":23,"key":"REST"}],"neow_cost":"PERCENT_DAMAGE","seed_source_timestamp":227284610591779,"circlet_count":0,"master_deck":["Strike_R","Strike_R","Defend_R","Defend_R","Defend_R","Defend_R","Bash","Headbutt","Spot Weakness+1","Warcry","Rage","Warcry","Anger","Heavy Blade","Barricade","Dual Wield","Pain","Shrug It Off+1","True Grit"],"relics":["Burning Blood","Lantern","Pantograph","Gremlin Horn","Kunai","Lizard Tail","WarpedTongs","Ancient Tea Set"],"potions_floor_usage":[10,16,20],"damage_taken":[{"damage":6,"enemies":"Small Slimes","floor":1,"turns":3},{"damage":6,"enemies":"Cultist","floor":3,"turns":3},{"damage":32,"enemies":"Gremlin Nob","floor":7,"turns":4},{"damage":22,"enemies":"3 Sentries","floor":10,"turns":8},{"damage":30,"enemies":"Slime Boss","floor":16,"turns":11},{"damage":19,"enemies":"Chosen","floor":18,"turns":4},{"damage":40,"enemies":"3 Byrds","floor":20,"turns":6},{"damage":50,"enemies":"Snecko","floor":22,"turns":6},{"damage":82,"enemies":"Book of Stabbing","floor":24,"turns":7}],"seed_played":"8327919420645308780","potions_obtained":[{"floor":3,"key":"EssenceOfSteel"},{"floor":7,"key":"Block Potion"},{"floor":18,"key":"Weak Potion"}],"is_trial":false,"path_per_floor":["M","?","M","$","?","R","E","R","T","E","?","$","T","$","R","B",null,"M","?","M","?","M","R","E"],"character_chosen":"IRONCLAD","items_purchased":["Warcry","Anger","Heavy Blade"],"campfire_rested":3,"item_purchase_floors":[4,12,12],"current_hp_per_floor":[72,72,72,72,61,61,35,63,63,47,47,47,47,47,75,72,96,83,83,49,49,53,81,0],"gold":86,"neow_bonus":"TWENTY_PERCENT_HP_BONUS","is_prod":false,"is_daily":false,"chose_seed":false,"campfire_upgraded":1,"win_rate":0,"timestamp":1546443213,"path_taken":["M","?","?","$","?","R","E","R","T","E","?","?","?","$","R","BOSS","M","?","?","?","M","R","E"],"build_version":"2018-12-20","purchased_purges":1,"victory":false,"max_hp_per_floor":[96,96,96,96,96,96,96,96,96,96,96,96,96,96,96,96,96,96,96,96,96,96,96,96],"card_choices":[{"not_picked":["Cleave","Wild Strike"],"picked":"Headbutt","floor":1},{"not_picked":["Body Slam","Pommel Strike"],"picked":"Spot Weakness","floor":3},{"not_picked":["Cleave","Clash"],"picked":"Rage","floor":7},{"not_picked":["Berserk","Perfected Strike"],"picked":"Warcry","floor":10},{"not_picked":["Demon Form","Reaper"],"picked":"Barricade","floor":16},{"not_picked":["Spot Weakness","Dropkick"],"picked":"Dual Wield","floor":18},{"not_picked":["Sentinel+1","Sever Soul"],"picked":"Shrug It Off+1","floor":20},{"not_picked":["Heavy Blade","Whirlwind"],"picked":"True Grit","floor":22}],"player_experience":393465,"relics_obtained":[{"floor":7,"key":"Lantern"},{"floor":9,"key":"Pantograph"},{"floor":10,"key":"Gremlin Horn"},{"floor":13,"key":"Kunai"}],"event_choices":[{"cards_removed":["Strike_R"],"damage_healed":0,"gold_gain":0,"player_choice":"Purged","damage_taken":0,"max_hp_gain":0,"max_hp_loss":0,"event_name":"Purifier","floor":2,"gold_loss":0},{"damage_healed":0,"gold_gain":75,"player_choice":"Gather Gold","damage_taken":11,"max_hp_gain":0,"max_hp_loss":0,"event_name":"World of Goop","floor":5,"gold_loss":0},{"cards_removed":["Strike_R"],"damage_healed":0,"gold_gain":0,"player_choice":"Card Removal","damage_taken":0,"max_hp_gain":0,"max_hp_loss":0,"event_name":"The Cleric","floor":11,"gold_loss":50},{"damage_healed":0,"gold_gain":0,"player_choice":"Rummage","damage_taken":0,"relics_obtained":["WarpedTongs"],"max_hp_gain":0,"max_hp_loss":0,"event_name":"Accursed Blacksmith","floor":19,"gold_loss":0,"cards_obtained":["Pain"]},{"damage_healed":0,"gold_gain":0,"player_choice":"Obtained Relic","damage_taken":0,"relics_obtained":["Ancient Tea Set"],"max_hp_gain":0,"max_hp_loss":0,"event_name":"Addict","floor":21,"gold_loss":85}],"is_beta":false,"boss_relics":[{"not_picked":["Orrery","Coffee Dripper"],"picked":"Lizard Tail"}],"items_purged_floors":[4],"is_endless":false,"potions_floor_spawned":[3,7,18],"killed_by":"Book of Stabbing","ascension_level":2}