{"gold_per_floor":[110,129,142,142,92,92,104,104,104,120,120,134,148,148],"floor_reached":14,"playtime":273,"items_purged":[],"score":84,"play_id":"9ce9ebb6-8312-4961-a371-e1254ea28a1a","local_time":"20190520143439","is_ascension_mode":false,"campfire_choices":[{"data":"Armaments","floor":6,"key":"SMITH"},{"data":"Body Slam","floor":8,"key":"SMITH"},{"data":"Dual Wield","floor":11,"key":"SMITH"}],"neow_cost":"NONE","seed_source_timestamp":314529401881429,"circlet_count":0,"master_deck":["Strike_R","Strike_R","Strike_R","Strike_R","Defend_R","Defend_R","Defend_R","Defend_R","Bash","Armaments+1","Body Slam+1","Dual Wield+1"],"relics":["Burning Blood","NeowsBlessing","Gambling Chip"],"potions_floor_usage":[],"damage_taken":[{"damage":0,"enemies":"Cultist","floor":1,"turns":1},{"damage":0,"enemies":"Jaw Worm","floor":2,"turns":1},{"damage":0,"enemies":"Small Slimes","floor":3,"turns":1},{"damage":6,"enemies":"3 Louse","floor":7,"turns":5},{"damage":0,"enemies":"2 Fungi Beasts","floor":10,"turns":4},{"damage":6,"enemies":"Lots of Slimes","floor":12,"turns":7},{"damage":6,"enemies":"Exordium Thugs","floor":13,"turns":4},{"damage":0,"enemies":"Blue Slaver","floor":14,"turns":1}],"seed_played":"4360375890668392821","potions_obtained":[{"floor":2,"key":"Weak Potion"},{"floor":12,"key":"SteroidPotion"},{"floor":13,"key":"SneckoOil"}],"is_trial":false,"path_per_floor":["M","M","M","?","?","R","M","R","T","M","R","M","M","M"],"character_chosen":"IRONCLAD","items_purchased":[],"campfire_rested":0,"item_purchase_floors":[],"current_hp_per_floor":[80,80,80,85,85,85,85,85,85,85,85,85,85,85],"gold":148,"neow_bonus":"THREE_ENEMY_KILL","is_prod":false,"is_daily":false,"chose_seed":false,"campfire_upgraded":3,"win_rate":0,"timestamp":1558334079,"path_taken":["M","?","M","?","?","R","M","R","T","M","R","M","M","M"],"build_version":"2019-01-23","purchased_purges":0,"victory":false,"max_hp_per_floor":[80,80,80,85,85,85,85,85,85,85,85,85,85,85],"card_choices":[{"not_picked":["Body Slam","Twin Strike"],"picked":"Armaments","floor":1},{"not_picked":["Clothesline","Spot Weakness","Warcry"],"picked":"SKIP","floor":2},{"not_picked":["Fire Breathing","True Grit"],"picked":"Body Slam","floor":3},{"not_picked":["True Grit","Spot Weakness","Anger"],"picked":"SKIP","floor":7},{"not_picked":["Pommel Strike","Hemokinesis"],"picked":"Dual Wield","floor":10},{"not_picked":["Rage","Thunderclap","True Grit"],"picked":"SKIP","floor":12},{"not_picked":["Twin Strike","Inflame","Headbutt"],"picked":"SKIP","floor":13}],"player_experience":894247,"relics_obtained":[{"floor":9,"key":"Gambling Chip"}],"event_choices":[{"damage_healed":0,"gold_gain":0,"player_choice":"Donut","damage_taken":0,"max_hp_gain":5,"max_hp_loss":0,"event_name":"Big Fish","floor":4,"gold_loss":0},{"cards_removed":["Strike_R"],"damage_healed":0,"gold_gain":0,"player_choice":"Card Removal","damage_taken":0,"max_hp_gain":0,"max_hp_loss":0,"event_name":"The Cleric","floor":5,"gold_loss":50}],"is_beta":false,"boss_relics":[],"items_purged_floors":[],"is_endless":false,"potions_floor_spawned":[2,12,13],"killed_by":"Blue Slaver","ascension_level":0}