{"gold_per_floor":[111,125,137,153,172,197,215,215],"floor_reached":8,"playtime":661,"items_purged":[],"score":65,"play_id":"ceaec7e5-fc88-4b45-9759-7671deec082a","local_time":"20190802232039","is_ascension_mode":true,"campfire_choices":[],"neow_cost":"NONE","seed_source_timestamp":0,"circlet_count":0,"master_deck":["Strike_R","Strike_R","Strike_R","Strike_R","Strike_R","Defend_R","Defend_R","Defend_R","Defend_R","Bash","Flex","True Grit","Cleave","Flex","Anger","Battle Trance","Warcry"],"special_seed":0,"relics":["Burning Blood","Dream Catcher"],"potions_floor_usage":[],"damage_taken":[{"damage":6.0,"enemies":"Cultist","floor":1.0,"turns":3.0},{"damage":0.0,"enemies":"Small Slimes","floor":2.0,"turns":3.0},{"damage":7.0,"enemies":"Jaw Worm","floor":3.0,"turns":4.0},{"damage":9.0,"enemies":"Blue Slaver","floor":4.0,"turns":4.0},{"damage":5.0,"enemies":"3 Louse","floor":5.0,"turns":4.0},{"damage":47.0,"enemies":"Lagavulin","floor":6.0,"turns":8.0},{"damage":15.0,"enemies":"Exordium Thugs","floor":7.0,"turns":3.0},{"damage":35,"enemies":"Gremlin Nob","floor":8,"turns":3}],"seed_played":"7957648961938619204","potions_obtained":[{"floor":5.0,"key":"Swift Potion"},{"floor":6.0,"key":"SpeedPotion"}],"is_trial":false,"path_per_floor":["M","M","M","M","M","E","M","E"],"character_chosen":"IRONCLAD","items_purchased":[],"campfire_rested":0,"item_purchase_floors":[],"current_hp_per_floor":[88,88,87,84,85,44,35,0],"gold":215,"neow_bonus":"TEN_PERCENT_HP_BONUS","is_prod":false,"is_daily":false,"chose_seed":false,"campfire_upgraded":0,"win_rate":0,"timestamp":1564780839,"path_taken":["M","M","?","M","M","E","M","E"],"build_version":"2019-07-17","purchased_purges":0,"victory":false,"max_hp_per_floor":[88,88,88,88,88,88,88,88],"card_choices":[{"not_picked":["Havoc","Heavy Blade"],"picked":"Flex","floor":1.0},{"not_picked":["Second Wind","Pommel Strike"],"picked":"True Grit","floor":2.0},{"not_picked":["Flame Barrier","Berserk"],"picked":"Cleave","floor":3.0},{"not_picked":["Cleave","Anger"],"picked":"Flex","floor":4.0},{"not_picked":["Perfected Strike","Fire Breathing"],"picked":"Anger","floor":5.0},{"not_picked":["Anger","Cleave"],"picked":"Battle Trance","floor":6.0},{"not_picked":["Whirlwind","Fire Breathing"],"picked":"Warcry","floor":7}],"player_experience":126507,"relics_obtained":[{"floor":6.0,"key":"Dream Catcher"}],"event_choices":[],"is_beta":false,"boss_relics":[],"items_purged_floors":[],"is_endless":false,"potions_floor_spawned":[5,6],"killed_by":"Gremlin Nob","ascension_level":1}