{"gold_per_floor":[112,131,149,162,162,194,194,194,194,194,205,380,380],"floor_reached":13,"playtime":528,"items_purged":[],"score":85,"play_id":"187b601f-9f1c-493b-800a-d7c7986309dd","local_time":"20190806202632","is_ascension_mode":false,"campfire_choices":[{"data":"Armaments","floor":7.0,"key":"SMITH"},{"data":"Hemokinesis","floor":10.0,"key":"SMITH"}],"neow_cost":"NONE","seed_source_timestamp":2234624222009527,"circlet_count":0,"master_deck":["Strike_R","Strike_R","Strike_R","Strike_R","Strike_R","Defend_R","Defend_R","Defend_R","Defend_R","Bash","Warcry","Flex","Armaments+1","Perfected Strike","Battle Trance","Hemokinesis+1","Iron Wave","Doubt"],"special_seed":0,"relics":["Burning Blood","NeowsBlessing","Meat on the Bone","Blood Vial","Bottled Flame"],"potions_floor_usage":[],"damage_taken":[{"damage":0.0,"enemies":"Small Slimes","floor":1.0,"turns":1.0},{"damage":0.0,"enemies":"2 Louse","floor":2.0,"turns":1.0},{"damage":0.0,"enemies":"Cultist","floor":3.0,"turns":1.0},{"damage":6.0,"enemies":"Blue Slaver","floor":4.0,"turns":5.0},{"damage":26.0,"enemies":"3 Sentries","floor":6.0,"turns":7.0},{"damage":9.0,"enemies":"Large Slime","floor":11.0,"turns":6.0},{"damage":75,"enemies":"Gremlin Nob","floor":13,"turns":5}],"seed_played":"7716216980719341529","potions_obtained":[{"floor":1.0,"key":"AttackPotion"},{"floor":3.0,"key":"Weak Potion"},{"floor":6.0,"key":"Regen Potion"}],"is_trial":false,"path_per_floor":["M","M","M","M","?","E","R","?","T","R","M","?","E"],"character_chosen":"IRONCLAD","items_purchased":[],"campfire_rested":0,"item_purchase_floors":[],"current_hp_per_floor":[80,80,80,80,73,53,53,53,53,53,52,52,0],"gold":380,"neow_bonus":"THREE_ENEMY_KILL","is_prod":false,"is_daily":false,"chose_seed":false,"campfire_upgraded":2,"win_rate":0,"timestamp":1565094392,"path_taken":["M","M","M","M","?","E","R","?","T","R","?","?","E"],"build_version":"2019-07-17","purchased_purges":0,"victory":false,"max_hp_per_floor":[80,80,80,80,80,80,80,80,80,80,80,80,80],"card_choices":[{"not_picked":["Disarm","Wild Strike"],"picked":"Warcry","floor":1.0},{"not_picked":["Havoc","Twin Strike"],"picked":"Flex","floor":2.0},{"not_picked":["Clash","Anger"],"picked":"Armaments","floor":3.0},{"not_picked":["Battle Trance","Anger"],"picked":"Perfected Strike","floor":4.0},{"not_picked":["Intimidate","Wild Strike"],"picked":"Battle Trance","floor":6.0},{"not_picked":["Clothesline","Double Tap"],"picked":"Iron Wave","floor":11.0}],"player_experience":87788,"relics_obtained":[{"floor":6.0,"key":"Blood Vial"},{"floor":9.0,"key":"Bottled Flame"}],"event_choices":[{"damage_healed":0.0,"max_hp_gain":0.0,"max_hp_loss":0.0,"gold_gain":0.0,"event_name":"Scrap Ooze","player_choice":"Success","floor":5.0,"gold_loss":0.0,"damage_taken":7.0,"relics_obtained":["Meat on the Bone"]},{"damage_healed":0.0,"max_hp_gain":0.0,"max_hp_loss":0.0,"gold_gain":0.0,"event_name":"Match and Keep!","player_choice":"1 cards matched","floor":8.0,"gold_loss":0.0,"damage_taken":0.0,"cards_obtained":["Hemokinesis"]},{"damage_healed":0.0,"max_hp_gain":0.0,"max_hp_loss":0.0,"gold_gain":175.0,"event_name":"Liars Game","player_choice":"AGREE","floor":12.0,"gold_loss":0.0,"damage_taken":0.0,"cards_obtained":["Doubt"]}],"is_beta":false,"boss_relics":[],"items_purged_floors":[],"is_endless":false,"potions_floor_spawned":[1,3,6],"killed_by":"Gremlin Nob","ascension_level":0}