{"gold_per_floor":[119,119,119,135,0,0,32,32,32,32,86,36,61,80,80,159,159,176,189,189,139,154,154,174,193,193,212,222,222,222,222],"floor_reached":31,"playtime":885,"items_purged":["Strike_R","Strike_R"],"score":540,"play_id":"63eec69b-9637-4542-8a23-5005e8b6cdee","local_time":"20190509135356","is_ascension_mode":true,"campfire_choices":[{"data":"Inflame","floor":6.0,"key":"SMITH"},{"data":"Sword Boomerang","floor":8.0,"key":"SMITH"},{"data":"Disarm","floor":10.0,"key":"SMITH"},{"data":"Armaments","floor":15.0,"key":"SMITH"},{"data":"Shockwave","floor":23.0,"key":"SMITH"},{"data":"Second Wind","floor":29.0,"key":"SMITH"}],"neow_cost":"NONE","seed_source_timestamp":1484132802811445,"circlet_count":0,"master_deck":["AscendersBane","Strike_R+1","Strike_R+1","Defend_R","Defend_R","Defend_R","Defend_R","Bash","Disarm+1","Sword Boomerang+1","Inflame+1","Shrug It Off","Armaments+1","Shockwave+1","Demon Form+1","Second Wind+1","Feel No Pain+1"],"special_seed":0,"relics":["Burning Blood","NeowsBlessing","Paper Frog","Blood Vial","Frozen Egg 2","Smiling Mask","PreservedInsect","Coffee Dripper","Singing Bowl","MutagenicStrength"],"potions_floor_usage":[],"damage_taken":[{"damage":0.0,"enemies":"2 Louse","floor":1.0,"turns":1.0},{"damage":0.0,"enemies":"Jaw Worm","floor":4.0,"turns":1.0},{"damage":0.0,"enemies":"Gremlin Nob","floor":7.0,"turns":1.0},{"damage":22.0,"enemies":"3 Sentries","floor":13.0,"turns":6.0},{"damage":0.0,"enemies":"Cultist","floor":14.0,"turns":3.0},{"damage":29.0,"enemies":"The Guardian","floor":16.0,"turns":10.0},{"damage":6.0,"enemies":"2 Thieves","floor":18.0,"turns":3.0},{"damage":30.0,"enemies":"Shell Parasite","floor":19.0,"turns":6.0},{"damage":12.0,"enemies":"Snake Plant","floor":22.0,"turns":5.0},{"damage":0.0,"enemies":"Snecko","floor":24.0,"turns":4.0},{"damage":14.0,"enemies":"Centurion and Healer","floor":25.0,"turns":8.0},{"damage":26.0,"enemies":"Sentry and Sphere","floor":27.0,"turns":7.0},{"damage":15.0,"enemies":"Snake Plant","floor":28.0,"turns":4.0},{"damage":19,"enemies":"3 Cultists","floor":31,"turns":4}],"seed_played":"-31333947083136202","potions_obtained":[{"floor":1.0,"key":"PowerPotion"},{"floor":4.0,"key":"LiquidBronze"},{"floor":13.0,"key":"AttackPotion"},{"floor":18.0,"key":"Swift Potion"}],"is_trial":false,"path_per_floor":["M","?","?","M","$","R","E","R","T","R","T","$","E","M","R","B",null,"M","M","?","$","M","R","M","M","T","M","M","R","?","M"],"character_chosen":"IRONCLAD","items_purchased":["Sword Boomerang","Inflame"],"campfire_rested":0,"item_purchase_floors":[5,5],"current_hp_per_floor":[74,51,25,31,31,31,37,37,37,37,37,37,23,31,31,10,59,61,39,39,39,35,35,43,37,37,21,16,16,16,0],"gold":222,"neow_bonus":"THREE_ENEMY_KILL","is_prod":false,"is_daily":false,"chose_seed":false,"campfire_upgraded":6,"win_rate":0,"timestamp":1557381236,"path_taken":["M","?","?","M","$","R","E","R","T","R","?","$","E","?","R","BOSS","M","M","?","$","M","R","M","M","T","?","M","R","?","M"],"build_version":"2019-01-23","purchased_purges":2,"victory":false,"max_hp_per_floor":[75,75,75,75,75,75,75,75,75,75,75,75,75,75,75,75,75,75,75,75,75,75,75,75,75,75,77,79,79,79,79],"card_choices":[{"not_picked":["Rupture","Headbutt","Perfected Strike"],"picked":"SKIP","floor":1.0},{"not_picked":["Havoc","True Grit"],"picked":"Disarm","floor":4.0},{"not_picked":["Heavy Blade","Sword Boomerang"],"picked":"Shrug It Off","floor":7.0},{"not_picked":["Rage","Sever Soul"],"picked":"Armaments","floor":13.0},{"not_picked":["Sword Boomerang","Cleave"],"picked":"Shockwave","floor":14.0},{"not_picked":["Juggernaut+1","Exhume"],"picked":"Demon Form+1","floor":16.0},{"not_picked":["Pommel Strike+1","Ghostly Armor"],"picked":"Second Wind","floor":18.0},{"not_picked":["Wild Strike","Hemokinesis"],"picked":"Feel No Pain+1","floor":19.0},{"not_picked":["Body Slam","Disarm","Infernal Blade"],"picked":"SKIP","floor":22.0},{"not_picked":["Clash","Heavy Blade","Cleave"],"picked":"SKIP","floor":24.0},{"not_picked":["Clash","Heavy Blade","Cleave"],"picked":"SKIP","floor":24.0},{"not_picked":["Reckless Charge+1","Uppercut","Pummel"],"picked":"SKIP","floor":25.0},{"not_picked":["Twin Strike","Thunderclap","Carnage"],"picked":"Singing Bowl","floor":27.0},{"not_picked":["Fire Breathing+1","Reckless Charge","Perfected Strike"],"picked":"Singing Bowl","floor":28.0}],"player_experience":829816,"relics_obtained":[{"floor":7.0,"key":"Blood Vial"},{"floor":9.0,"key":"Frozen Egg 2"},{"floor":11.0,"key":"Smiling Mask"},{"floor":13.0,"key":"PreservedInsect"},{"floor":26.0,"key":"Singing Bowl"}],"event_choices":[{"damage_healed":0.0,"max_hp_gain":0.0,"max_hp_loss":0.0,"gold_gain":0.0,"event_name":"Shining Light","player_choice":"Entered Light","floor":2.0,"gold_loss":0.0,"damage_taken":23.0,"cards_upgraded":["Strike_R","Strike_R"]},{"damage_healed":0.0,"max_hp_gain":0.0,"max_hp_loss":0.0,"gold_gain":0.0,"event_name":"Scrap Ooze","player_choice":"Success","floor":3.0,"gold_loss":0.0,"damage_taken":26.0,"relics_obtained":["Paper Frog"]},{"cards_removed":["Strike_R"],"damage_healed":0.0,"max_hp_gain":0.0,"max_hp_loss":0.0,"gold_gain":0.0,"event_name":"Wheel of Change","player_choice":"Card Removal","floor":20.0,"gold_loss":0.0,"damage_taken":0.0},{"damage_healed":0,"gold_gain":0,"player_choice":"Inject Mutagens","damage_taken":0,"relics_obtained":["MutagenicStrength"],"max_hp_gain":0,"max_hp_loss":0,"event_name":"Drug Dealer","floor":30,"gold_loss":0}],"is_beta":false,"boss_relics":[{"not_picked":["Runic Dome","Orrery"],"picked":"Coffee Dripper"}],"items_purged_floors":[12,21],"is_endless":false,"potions_floor_spawned":[1,4,13,14,16,18,19,22],"killed_by":"3 Cultists","ascension_level":20}