{"gold_per_floor":[214,3,17,30,30,61,80,80,157,307,307,325,339,339],"floor_reached":14,"playtime":931,"items_purged":[],"score":175,"play_id":"d57f5eb8-d2fb-4841-982f-9b3e9f9e3829","local_time":"20190310214204","is_ascension_mode":true,"campfire_choices":[{"data":"Apotheosis","floor":8,"key":"SMITH"},{"floor":11,"key":"REST"}],"neow_cost":"NONE","seed_source_timestamp":185308605187063,"circlet_count":0,"master_deck":["AscendersBane","Strike_R","Strike_R","Strike_R","Strike_R","Strike_R","Defend_R","Defend_R","Defend_R","Defend_R","Bash","Entrench","Apotheosis+1","Body Slam","Shrug It Off","True Grit","Disarm","Doubt","Body Slam","Headbutt"],"relics":["Burning Blood","Ice Cream","Mercury Hourglass"],"potions_floor_usage":[6,6],"damage_taken":[{"damage":17,"enemies":"Cultist","floor":1,"turns":4},{"damage":6,"enemies":"Jaw Worm","floor":3,"turns":5},{"damage":14,"enemies":"2 Louse","floor":4,"turns":3},{"damage":11,"enemies":"3 Sentries","floor":6,"turns":10},{"damage":10,"enemies":"Exordium Wildlife","floor":7,"turns":4},{"damage":9,"enemies":"Exordium Thugs","floor":12,"turns":4},{"damage":10,"enemies":"3 Louse","floor":13,"turns":3},{"damage":57,"enemies":"Gremlin Nob","floor":14,"turns":4}],"seed_played":"-998089046642498481","potions_obtained":[{"floor":3,"key":"GamblersBrew"},{"floor":4,"key":"Explosive Potion"}],"is_trial":false,"path_per_floor":["M","$","M","M","$","E","M","R","T","?","R","M","M","E"],"character_chosen":"IRONCLAD","items_purchased":["Apotheosis"],"campfire_rested":1,"item_purchase_floors":[2],"current_hp_per_floor":[57,57,57,49,49,44,40,40,40,40,62,59,55,0],"gold":339,"neow_bonus":"HUNDRED_GOLD","is_prod":false,"is_daily":false,"chose_seed":false,"campfire_upgraded":1,"win_rate":0,"timestamp":1552214524,"path_taken":["M","$","M","?","$","E","M","R","T","?","R","M","M","E"],"build_version":"2019-01-23","purchased_purges":0,"victory":false,"max_hp_per_floor":[75,75,75,75,75,75,75,75,75,75,75,75,75,75],"card_choices":[{"not_picked":["Havoc","Headbutt"],"picked":"Entrench","floor":1},{"not_picked":["Twin Strike","Clothesline"],"picked":"Body Slam","floor":3},{"not_picked":["Cleave","Armaments"],"picked":"Shrug It Off","floor":4},{"not_picked":["Clash","Perfected Strike"],"picked":"True Grit","floor":6},{"not_picked":["Perfected Strike","Sword Boomerang"],"picked":"Disarm","floor":7},{"not_picked":["Twin Strike","Fiend Fire"],"picked":"Body Slam","floor":12},{"not_picked":["Anger","Thunderclap"],"picked":"Headbutt","floor":13}],"player_experience":828102,"relics_obtained":[{"floor":6,"key":"Ice Cream"},{"floor":9,"key":"Mercury Hourglass"}],"event_choices":[{"damage_healed":0,"gold_gain":150,"player_choice":"AGREE","damage_taken":0,"max_hp_gain":0,"max_hp_loss":0,"event_name":"Liars Game","floor":10,"gold_loss":0,"cards_obtained":["Doubt"]}],"is_beta":false,"boss_relics":[],"items_purged_floors":[],"is_endless":false,"potions_floor_spawned":[3,4],"killed_by":"Gremlin Nob","ascension_level":18}