{"gold_per_floor":[109,128,148,72,72,72,103,115,115,115,115,131,150,164,164,259,259,279,11,11,11,21,21,53,72,148,10,10,21,40,54,54,150,150,161,161,161,173,173],"floor_reached":39,"playtime":2355,"items_purged":["Strike_G"],"score":506,"play_id":"ca9f3337-3da4-4000-b8f7-5b424c10a80b","local_time":"20190622123900","is_ascension_mode":true,"campfire_choices":[{"data":"Well Laid Plans","floor":6.0,"key":"SMITH"},{"data":"Caltrops","floor":10.0,"key":"SMITH"},{"floor":15.0,"key":"REST"},{"data":"Caltrops","floor":23,"key":"SMITH"},{"floor":32,"key":"REST"}],"neow_cost":"NONE","seed_source_timestamp":0,"circlet_count":0,"master_deck":["Defend_G+1","Defend_G+1","Defend_G+1","Defend_G+1","Defend_G+1","Strike_G+1","Strike_G+1","Strike_G+1","Survivor","Neutralize","Caltrops+1","Dagger Spray","Well Laid Plans+1","Die Die Die","Caltrops+1","Prepared","Prepared","Dagger Spray","Bouncing Flask","Glass Knife+1","PiercingWail+1","Noxious Fumes+1","Dagger Spray","Decay","Noxious Fumes+1","Dark Shackles","Envenom+1","Blade Dance","Dodge and Roll","Tools of the Trade+1","Crippling Poison+1"],"special_seed":0,"relics":["Ring of the Snake","Bag of Preparation","Frozen Egg 2","Cursed Key","TheAbacus","Ginger","Meat on the Bone","Eternal Feather"],"potions_floor_usage":[22,28,33,38],"damage_taken":[{"damage":0.0,"enemies":"2 Louse","floor":1.0,"turns":3.0},{"damage":4.0,"enemies":"Small Slimes","floor":2.0,"turns":4.0},{"damage":0.0,"enemies":"Cultist","floor":3.0,"turns":4.0},{"damage":28.0,"enemies":"3 Sentries","floor":7.0,"turns":5.0},{"damage":7.0,"enemies":"Red Slaver","floor":8.0,"turns":3.0},{"damage":1.0,"enemies":"Large Slime","floor":12.0,"turns":5.0},{"damage":6.0,"enemies":"Looter","floor":13.0,"turns":3.0},{"damage":0.0,"enemies":"3 Louse","floor":14.0,"turns":2.0},{"damage":31.0,"enemies":"Slime Boss","floor":16.0,"turns":10.0},{"damage":22.0,"enemies":"Spheric Guardian","floor":18.0,"turns":3.0},{"damage":0,"enemies":"2 Thieves","floor":22,"turns":1},{"damage":20,"enemies":"Book of Stabbing","floor":24,"turns":5},{"damage":7,"enemies":"Centurion and Healer","floor":25,"turns":7},{"damage":0,"enemies":"Colosseum Slavers","floor":28,"turns":4},{"damage":2,"enemies":"3 Cultists","floor":29,"turns":4},{"damage":29,"enemies":"Snecko","floor":30,"turns":6},{"damage":9,"enemies":"Centurion and Healer","floor":31,"turns":5},{"damage":32,"enemies":"Champ","floor":33,"turns":11},{"damage":15,"enemies":"3 Darklings","floor":35,"turns":4},{"damage":27,"enemies":"3 Shapes","floor":38,"turns":5},{"damage":50,"enemies":"Transient","floor":39,"turns":5}],"seed_played":"2982344968134515909","potions_obtained":[{"floor":3.0,"key":"Block Potion"},{"floor":7.0,"key":"GamblersBrew"},{"floor":8.0,"key":"SkillPotion"},{"floor":12.0,"key":"SteroidPotion"},{"floor":22,"key":"SneckoOil"},{"floor":25,"key":"EssenceOfSteel"},{"floor":35,"key":"SkillPotion"}],"is_trial":false,"path_per_floor":["M","M","M","$","?","R","E","M","T","R","?","M","M","M","R","B",null,"M","$","?","?","M","R","E","M","T","$","?","M","M","M","R","B",null,"M","?","?","M","M"],"character_chosen":"THE_SILENT","items_purchased":["Die Die Die","TheAbacus","Noxious Fumes+1","Dark Shackles"],"campfire_rested":2,"item_purchase_floors":[4,19,27,27],"current_hp_per_floor":[77,73,73,73,66,66,38,31,31,31,31,30,24,24,47,16,62,40,40,40,40,40,40,20,13,13,13,25,35,18,21,44,24,64,49,49,49,34,0],"gold":173,"neow_bonus":"TEN_PERCENT_HP_BONUS","is_prod":false,"is_daily":false,"chose_seed":false,"campfire_upgraded":3,"win_rate":0,"timestamp":1561221540,"path_taken":["M","M","M","$","?","R","E","M","T","R","?","M","M","M","R","BOSS","M","$","?","?","?","R","E","M","T","?","?","M","M","M","R","BOSS","M","?","?","M","M"],"build_version":"2019-01-23","purchased_purges":1,"victory":false,"max_hp_per_floor":[77,77,77,77,77,77,77,77,77,77,77,77,77,77,77,77,77,77,77,77,77,77,77,77,77,77,77,77,77,77,77,77,77,77,77,77,77,77,77],"card_choices":[{"not_picked":["Cloak And Dagger","Distraction"],"picked":"Caltrops","floor":1.0},{"not_picked":["Underhanded Strike","Dodge and Roll"],"picked":"Dagger Spray","floor":2.0},{"not_picked":["Dagger Throw","Blur"],"picked":"Well Laid Plans","floor":3.0},{"not_picked":["Accuracy","Blade Dance"],"picked":"Caltrops","floor":7.0},{"not_picked":["Doppelganger","Slice"],"picked":"Prepared","floor":8.0},{"not_picked":["Dagger Throw","Acrobatics"],"picked":"Prepared","floor":12.0},{"not_picked":["Outmaneuver","Dagger Throw"],"picked":"Dagger Spray","floor":13.0},{"not_picked":["Dagger Spray","Grand Finale"],"picked":"Bouncing Flask","floor":14.0},{"not_picked":["Unload","Grand Finale"],"picked":"Glass Knife","floor":16.0},{"not_picked":["Infinite Blades+1","Backflip"],"picked":"PiercingWail+1","floor":18.0},{"not_picked":["Quick Slash","Bane+1"],"picked":"Noxious Fumes+1","floor":22},{"not_picked":["Endless Agony","Bane+1"],"picked":"Dagger Spray","floor":24},{"not_picked":["Quick Slash","All Out Attack"],"picked":"Slice","floor":25},{"not_picked":["Acrobatics","Finisher"],"picked":"Envenom+1","floor":29},{"not_picked":["Heel Hook+1","Dagger Throw"],"picked":"Blade Dance","floor":30},{"not_picked":["Skewer","Slice"],"picked":"Dodge and Roll","floor":31},{"not_picked":["Doppelganger","Envenom+1"],"picked":"Tools of the Trade+1","floor":33},{"not_picked":["Underhanded Strike","Acrobatics+1","Dagger Throw"],"picked":"SKIP","floor":35},{"not_picked":["Leg Sweep","Cloak And Dagger"],"picked":"Crippling Poison+1","floor":38}],"player_experience":319861,"relics_obtained":[{"floor":7.0,"key":"Bag of Preparation"},{"floor":9.0,"key":"Frozen Egg 2"},{"floor":24,"key":"Ginger"},{"floor":26,"key":"Meat on the Bone"}],"event_choices":[{"cards_removed":["Strike_G"],"damage_healed":0.0,"max_hp_gain":0.0,"max_hp_loss":0.0,"gold_gain":0.0,"event_name":"Golden Wing","player_choice":"Card Removal","floor":5.0,"gold_loss":0.0,"damage_taken":7.0},{"damage_healed":0.0,"max_hp_gain":0.0,"max_hp_loss":0.0,"gold_gain":0.0,"event_name":"Liars Game","player_choice":"Ignored","floor":11.0,"gold_loss":0.0,"damage_taken":0.0},{"damage_healed":0.0,"max_hp_gain":0.0,"max_hp_loss":0.0,"gold_gain":0.0,"event_name":"Back to Basics","player_choice":"Simplicity","floor":20.0,"gold_loss":0.0,"damage_taken":0.0,"cards_upgraded":["Defend_G","Defend_G","Defend_G","Defend_G","Defend_G","Strike_G","Strike_G","Strike_G"]},{"damage_healed":0.0,"max_hp_gain":0.0,"max_hp_loss":0.0,"gold_gain":0.0,"event_name":"N\u0027loth","player_choice":"Ignored","floor":21.0,"gold_loss":0.0,"damage_taken":0.0},{"damage_healed":0,"gold_gain":0,"player_choice":"Fight","damage_taken":0,"max_hp_gain":0,"max_hp_loss":0,"event_name":"Colosseum","floor":28,"gold_loss":0},{"damage_healed":0,"gold_gain":0,"player_choice":"Fled From Nobs","damage_taken":0,"max_hp_gain":0,"max_hp_loss":0,"event_name":"Colosseum","floor":28,"gold_loss":0},{"cards_removed":["Slice"],"damage_healed":0,"gold_gain":0,"player_choice":"Removed Attack","damage_taken":0,"max_hp_gain":0,"max_hp_loss":0,"event_name":"Falling","floor":36,"gold_loss":0},{"damage_healed":0,"gold_gain":0,"player_choice":"Forge","damage_taken":0,"max_hp_gain":0,"max_hp_loss":0,"event_name":"Accursed Blacksmith","floor":37,"gold_loss":0,"cards_upgraded":["Glass Knife"]}],"is_beta":false,"boss_relics":[{"not_picked":["Astrolabe","Sozu"],"picked":"Cursed Key"},{"not_picked":["Runic Dome","Pandora\u0027s Box"],"picked":"Eternal Feather"}],"items_purged_floors":[19],"is_endless":false,"potions_floor_spawned":[3,7,8,12,22,25,35],"killed_by":"Transient","ascension_level":5}