{"gold_per_floor":[109,124,140,140,154,154,195,211,235,150,189,189],"floor_reached":12,"playtime":620,"items_purged":[],"score":108,"play_id":"c90d716b-94c0-41b0-90ac-ff9d367ac52c","local_time":"20190125144255","is_ascension_mode":true,"campfire_choices":[{"floor":6,"key":"REST"}],"neow_cost":"CURSE","seed_source_timestamp":205088051210581,"circlet_count":0,"master_deck":["Strike_B","Strike_B","Strike_B","Strike_B","Defend_B","Defend_B","Defend_B","Defend_B","Zap","Dualcast","Clumsy","Capacitor","Hologram","Sweeping Beam","Cold Snap","Streamline","Turbo","Coolheaded","Static Discharge","Creative AI"],"relics":["Cracked Core","Golden Idol","Centennial Puzzle","Ancient Tea Set","Blood Vial"],"potions_floor_usage":[7,11,12],"damage_taken":[{"damage":9,"enemies":"Small Slimes","floor":1,"turns":3},{"damage":14,"enemies":"Jaw Worm","floor":2,"turns":3},{"damage":1,"enemies":"Cultist","floor":3,"turns":3},{"damage":16,"enemies":"Blue Slaver","floor":5,"turns":3},{"damage":10,"enemies":"3 Sentries","floor":7,"turns":7},{"damage":6,"enemies":"2 Fungi Beasts","floor":8,"turns":2},{"damage":16,"enemies":"Lagavulin","floor":11,"turns":6},{"damage":30,"enemies":"The Mushroom Lair","floor":12,"turns":2}],"seed_played":"-3165916534439085178","potions_obtained":[{"floor":1,"key":"Ancient Potion"},{"floor":5,"key":"AttackPotion"},{"floor":7,"key":"Block Potion"},{"floor":11,"key":"Regen Potion"}],"is_trial":false,"path_per_floor":["M","M","M","?","M","R","E","M","T","$","E","?"],"character_chosen":"DEFECT","items_purchased":["Coolheaded","Static Discharge"],"campfire_rested":1,"item_purchase_floors":[10,10],"current_hp_per_floor":[80,66,65,43,27,53,43,37,37,37,21,0],"gold":189,"neow_bonus":"TWENTY_PERCENT_HP_BONUS","is_prod":false,"is_daily":false,"chose_seed":false,"campfire_upgraded":0,"win_rate":0,"timestamp":1548387775,"path_taken":["M","M","M","?","M","R","E","M","T","$","E","?"],"build_version":"2019-01-23","purchased_purges":0,"victory":false,"max_hp_per_floor":[89,89,89,89,89,89,89,89,89,89,89,89],"card_choices":[{"not_picked":["Streamline","Redo"],"picked":"Capacitor","floor":1},{"not_picked":["Rip and Tear","Auto Shields"],"picked":"Hologram","floor":2},{"not_picked":["Gash","Rip and Tear"],"picked":"Sweeping Beam","floor":3},{"not_picked":["Turbo","Rainbow"],"picked":"Cold Snap","floor":5},{"not_picked":["Fusion","Stack"],"picked":"Streamline","floor":7},{"not_picked":["Beam Cell","Leap"],"picked":"Turbo","floor":8},{"not_picked":["Genetic Algorithm","Chill"],"picked":"Creative AI","floor":11}],"player_experience":554664,"relics_obtained":[{"floor":7,"key":"Centennial Puzzle"},{"floor":9,"key":"Ancient Tea Set"},{"floor":11,"key":"Blood Vial"}],"event_choices":[{"damage_healed":0,"gold_gain":0,"player_choice":"Take Damage","damage_taken":22,"relics_obtained":["Golden Idol"],"max_hp_gain":0,"max_hp_loss":0,"event_name":"Golden Idol","floor":4,"gold_loss":0},{"damage_healed":0,"gold_gain":0,"player_choice":"Fought Mushrooms","damage_taken":0,"max_hp_gain":0,"max_hp_loss":0,"event_name":"Mushrooms","floor":12,"gold_loss":0}],"is_beta":false,"boss_relics":[],"items_purged_floors":[],"is_endless":false,"potions_floor_spawned":[1,5,7,11],"killed_by":"The Mushroom Lair","ascension_level":4}