{"gold_per_floor":[116,135,149,149,74,74,92,127,127,147,165,182,182,192,192,192],"floor_reached":16,"playtime":546,"items_purged":["Strike_R"],"score":104,"play_id":"05bf996e-eb90-4f12-b21f-83587e50552d","local_time":"20190521134923","is_ascension_mode":false,"campfire_choices":[{"data":"Bash","floor":6.0,"key":"SMITH"},{"data":"Searing Blow+1","floor":13,"key":"SMITH"},{"floor":15,"key":"REST"}],"neow_cost":"NONE","seed_source_timestamp":10495409952492,"circlet_count":0,"master_deck":["Strike_R","Strike_R","Strike_R","Defend_R","Defend_R","Defend_R","Defend_R","Bash+1","Body Slam+1","Searing Blow+2"],"special_seed":0,"relics":["Cursed Key","Molten Egg 2","Odd Mushroom"],"potions_floor_usage":[11,14],"damage_taken":[{"damage":0.0,"enemies":"Cultist","floor":1.0,"turns":2.0},{"damage":0.0,"enemies":"Small Slimes","floor":2.0,"turns":3.0},{"damage":2.0,"enemies":"2 Louse","floor":3.0,"turns":2.0},{"damage":4.0,"enemies":"Blue Slaver","floor":7.0,"turns":4.0},{"damage":47.0,"enemies":"3 Sentries","floor":8.0,"turns":14.0},{"damage":19,"enemies":"The Mushroom Lair","floor":10,"turns":6},{"damage":6,"enemies":"Large Slime","floor":11,"turns":5},{"damage":1,"enemies":"3 Louse","floor":12,"turns":3},{"damage":8,"enemies":"Lots of Slimes","floor":14,"turns":4},{"damage":0,"enemies":"Hexaghost","floor":16,"turns":1}],"seed_played":"-309731484858762881","potions_obtained":[{"floor":1.0,"key":"SpeedPotion"},{"floor":2.0,"key":"Explosive Potion"},{"floor":10,"key":"Regen Potion"},{"floor":12,"key":"Weak Potion"}],"is_trial":false,"path_per_floor":["M","M","M","?","$","R","M","E","T","?","M","M","R","M","R","B"],"character_chosen":"IRONCLAD","items_purchased":[],"campfire_rested":1,"item_purchase_floors":[],"current_hp_per_floor":[80,80,78,78,78,78,74,27,27,8,16,15,15,7,31,31],"gold":192,"neow_bonus":"BOSS_RELIC","is_prod":false,"is_daily":false,"chose_seed":false,"campfire_upgraded":2,"win_rate":0,"timestamp":1558417763,"path_taken":["M","M","?","?","$","R","?","E","T","?","M","M","R","M","R","BOSS"],"build_version":"2019-01-23","purchased_purges":1,"victory":false,"max_hp_per_floor":[80,80,80,80,80,80,80,80,80,80,80,80,80,80,80,80],"card_choices":[{"not_picked":["Evolve","Iron Wave","Hemokinesis"],"picked":"SKIP","floor":1.0},{"not_picked":["Burning Pact","Body Slam","Clothesline"],"picked":"SKIP","floor":2.0},{"not_picked":["Intimidate","Rampage","Headbutt"],"picked":"SKIP","floor":3.0},{"not_picked":["Twin Strike","Rupture","Reckless Charge"],"picked":"SKIP","floor":7.0},{"not_picked":["Pummel","Havoc","Fire Breathing"],"picked":"SKIP","floor":8.0},{"not_picked":["Headbutt+1","Shrug It Off"],"picked":"Body Slam+1","floor":10},{"not_picked":["Shockwave","Dropkick+1"],"picked":"Searing Blow+1","floor":11},{"not_picked":["Dual Wield","Feed+1","Iron Wave+1"],"picked":"SKIP","floor":12},{"not_picked":["Pommel Strike+1","Twin Strike+1","Anger+1"],"picked":"SKIP","floor":14}],"player_experience":919117,"relics_obtained":[{"floor":8.0,"key":"Molten Egg 2"},{"floor":10,"key":"Odd Mushroom"}],"event_choices":[{"cards_removed":["Strike_R"],"damage_healed":0.0,"max_hp_gain":0.0,"max_hp_loss":0.0,"gold_gain":0.0,"event_name":"Bonfire Elementals","player_choice":"Offered Basic","floor":4.0,"gold_loss":0.0,"damage_taken":0.0},{"damage_healed":0,"gold_gain":0,"player_choice":"Fought Mushrooms","damage_taken":0,"max_hp_gain":0,"max_hp_loss":0,"event_name":"Mushrooms","floor":10,"gold_loss":0}],"is_beta":false,"boss_relics":[],"items_purged_floors":[5],"is_endless":false,"potions_floor_spawned":[1,2,10,12],"killed_by":"Hexaghost","ascension_level":0}