{"gold_per_floor":[111,126,45,45,65,65,15,15,41,41,75,88,88,104,104,199,199,213,213,58,58,47,47,75,94,143,160,22,41,41,54,54,154,154,171,271,289,304,321,348,348,373,424,424,457,473,492,525,525,525],"floor_reached":51,"playtime":4557,"items_purged":["Strike_G+1"],"score":1246,"play_id":"5b2f8e8c-5848-4048-b0b7-46c060979cd6","local_time":"20190723231410","is_ascension_mode":true,"campfire_choices":[{"data":"Well Laid Plans","floor":6.0,"key":"SMITH"},{"data":"Footwork","floor":10.0,"key":"SMITH"},{"floor":13.0,"key":"REST"},{"data":"Dash","floor":15.0,"key":"SMITH"},{"data":"Wraith Form v2","floor":23,"key":"SMITH"},{"data":"Dash","floor":30,"key":"SMITH"},{"floor":32,"key":"REST"},{"floor":41,"key":"DIG"},{"floor":44,"key":"DIG"},{"floor":49,"key":"REST"}],"neow_cost":"NONE","seed_source_timestamp":0,"circlet_count":0,"master_deck":["AscendersBane","Strike_G+1","Strike_G+1","Defend_G+1","Defend_G+1","Defend_G+1","Defend_G+1","Defend_G+1","Survivor","Neutralize","Backflip+1","Footwork+1","Cloak And Dagger+1","Well Laid Plans+1","Flying Knee","Predator","PiercingWail+1","Dash+1","Wraith Form v2+1","Deflect+1","Noxious Fumes","Shame","Calculated Gamble+1","Crippling Poison+1","Dash+1","Predator","Envenom","Noxious Fumes+1","Die Die Die","Corpse Explosion+1","Deadly Poison+1","Cloak And Dagger+1","Escape Plan+1","Bouncing Flask+1","Footwork+1","Leg Sweep+1"],"special_seed":0,"relics":["Ring of the Snake","Mummified Hand","Toxic Egg 2","Snecko Eye","Kunai","War Paint","Bronze Scales","Busted Crown","Shovel","Du-Vu Doll","Potion Belt","Lantern","Smiling Mask","Bag of Marbles","Pantograph","Orichalcum"],"potions_floor_usage":[16,16,16,24,24,25,27,33,33,33,46,47],"damage_taken":[{"damage":0.0,"enemies":"Small Slimes","floor":1.0,"turns":3.0},{"damage":0.0,"enemies":"Cultist","floor":2.0,"turns":5.0},{"damage":0.0,"enemies":"Jaw Worm","floor":5.0,"turns":4.0},{"damage":33.0,"enemies":"Gremlin Nob","floor":11.0,"turns":7.0},{"damage":7.0,"enemies":"Blue Slaver","floor":12.0,"turns":4.0},{"damage":4.0,"enemies":"2 Fungi Beasts","floor":14.0,"turns":3.0},{"damage":19,"enemies":"Hexaghost","floor":16,"turns":19},{"damage":1,"enemies":"Chosen","floor":18,"turns":6},{"damage":0,"enemies":"2 Thieves","floor":22,"turns":5},{"damage":43,"enemies":"Slavers","floor":24,"turns":9},{"damage":0,"enemies":"Shelled Parasite and Fungi","floor":25,"turns":5},{"damage":0,"enemies":"Cultist and Chosen","floor":27,"turns":6},{"damage":3,"enemies":"3 Cultists","floor":29,"turns":5},{"damage":3,"enemies":"Shelled Parasite and Fungi","floor":31,"turns":4},{"damage":11,"enemies":"Collector","floor":33,"turns":8},{"damage":0,"enemies":"3 Shapes","floor":35,"turns":3},{"damage":0,"enemies":"Mind Bloom Boss Battle","floor":36,"turns":6},{"damage":0,"enemies":"Orb Walker","floor":37,"turns":3},{"damage":0,"enemies":"4 Shapes","floor":38,"turns":4},{"damage":1,"enemies":"Writhing Mass","floor":39,"turns":6},{"damage":0,"enemies":"Giant Head","floor":40,"turns":8},{"damage":12,"enemies":"Nemesis","floor":42,"turns":6},{"damage":0,"enemies":"Reptomancer","floor":45,"turns":5},{"damage":0,"enemies":"Jaw Worm Horde","floor":46,"turns":4},{"damage":0,"enemies":"3 Darklings","floor":47,"turns":2},{"damage":7,"enemies":"Nemesis","floor":48,"turns":5},{"damage":5,"enemies":"Donu and Deca","floor":50,"turns":6}],"seed_played":"3862790225932050089","potions_obtained":[{"floor":1.0,"key":"Block Potion"},{"floor":2.0,"key":"Weak Potion"},{"floor":14.0,"key":"Dexterity Potion"},{"floor":16,"key":"Fire Potion"},{"floor":18,"key":"Explosive Potion"},{"floor":24,"key":"Regen Potion"},{"floor":27,"key":"Fruit Juice"},{"floor":31,"key":"EntropicBrew"},{"floor":36,"key":"Poison Potion"},{"floor":39,"key":"SpeedPotion"},{"floor":42,"key":"Fire Potion"},{"floor":46,"key":"Fruit Juice"}],"is_trial":false,"path_per_floor":["M","M","$","?","M","R","?","?","T","R","E","M","R","M","R","B",null,"M","?","$","?","M","R","E","M","T","M","$","M","R","M","R","B",null,"M","?","M","M","M","E","R","E","T","R","E","M","M","E","R","B",null],"character_chosen":"THE_SILENT","items_purchased":["Well Laid Plans","Noxious Fumes","Envenom"],"campfire_rested":3,"item_purchase_floors":[3,20,28],"current_hp_per_floor":[63,63,63,51,51,51,51,51,51,51,18,11,32,28,28,9,55,54,54,54,54,54,54,11,26,26,31,31,28,28,25,47,36,65,65,65,65,65,64,64,64,52,52,52,52,57,57,50,74,75],"gold":525,"neow_bonus":"THREE_CARDS","is_prod":false,"is_daily":false,"chose_seed":false,"campfire_upgraded":5,"win_rate":0,"timestamp":1563938050,"path_taken":["M","M","$","?","M","R","?","?","T","R","E","M","R","?","R","BOSS","M","?","$","?","M","R","E","M","T","M","$","M","R","M","R","BOSS","M","?","M","M","M","E","R","E","T","R","E","M","M","E","R","BOSS"],"build_version":"2019-07-17","purchased_purges":1,"victory":true,"max_hp_per_floor":[70,70,70,70,70,70,70,70,70,70,70,70,70,70,70,70,70,70,70,70,70,70,70,70,70,70,75,75,75,75,75,75,75,75,75,75,75,75,75,75,75,75,75,75,75,80,80,80,80,80],"card_choices":[{"not_picked":["Deflect","Outmaneuver"],"picked":"Backflip","floor":0.0},{"not_picked":["Terror","Acrobatics"],"picked":"Footwork","floor":1.0},{"not_picked":["All Out Attack","Sucker Punch"],"picked":"Cloak And Dagger","floor":2.0},{"not_picked":["Outmaneuver","Catalyst"],"picked":"Flying Knee","floor":5.0},{"not_picked":["Flying Knee","Escape Plan"],"picked":"Predator","floor":11.0},{"not_picked":["Calculated Gamble+1","Finisher"],"picked":"PiercingWail+1","floor":12.0},{"not_picked":["Setup+1","Deflect+1"],"picked":"Dash","floor":14.0},{"not_picked":["Storm of Steel+1","Envenom"],"picked":"Wraith Form v2","floor":16},{"not_picked":["Concentrate+1","Sucker Punch"],"picked":"Deflect+1","floor":18},{"not_picked":["Dagger Spray","Poisoned Stab"],"picked":"Calculated Gamble+1","floor":22},{"not_picked":["Flying Knee","PiercingWail+1"],"picked":"Crippling Poison+1","floor":24},{"not_picked":["Outmaneuver+1","Poisoned Stab"],"picked":"Dash","floor":25},{"not_picked":["Outmaneuver+1","Dagger Spray"],"picked":"Predator","floor":27},{"not_picked":["Dodge and Roll+1","Poisoned Stab+1"],"picked":"Noxious Fumes+1","floor":29},{"not_picked":["Slice","Backstab"],"picked":"Die Die Die","floor":31},{"not_picked":["Night Terror+1","Tools of the Trade"],"picked":"Corpse Explosion+1","floor":33},{"not_picked":["Underhanded Strike+1"],"picked":"SKIP","floor":35},{"not_picked":[],"picked":"Deadly Poison+1","floor":36},{"not_picked":["Poisoned Stab+1"],"picked":"SKIP","floor":37},{"not_picked":[],"picked":"Cloak And Dagger+1","floor":38},{"not_picked":["Endless Agony"],"picked":"SKIP","floor":39},{"not_picked":["Bane"],"picked":"SKIP","floor":40},{"not_picked":["Endless Agony"],"picked":"SKIP","floor":42},{"not_picked":[],"picked":"Escape Plan+1","floor":45},{"not_picked":[],"picked":"Bouncing Flask+1","floor":46},{"not_picked":[],"picked":"Footwork+1","floor":47},{"not_picked":[],"picked":"Leg Sweep+1","floor":48}],"player_experience":416003,"relics_obtained":[{"floor":11.0,"key":"Toxic Egg 2"},{"floor":24,"key":"War Paint"},{"floor":26,"key":"Bronze Scales"},{"floor":36,"key":"Shovel"},{"floor":40,"key":"Du-Vu Doll"},{"floor":41,"key":"Potion Belt"},{"floor":42,"key":"Lantern"},{"floor":43,"key":"Smiling Mask"},{"floor":44,"key":"Bag of Marbles"},{"floor":45,"key":"Pantograph"},{"floor":48,"key":"Orichalcum"}],"event_choices":[{"damage_healed":0.0,"max_hp_gain":0.0,"max_hp_loss":0.0,"gold_gain":0.0,"event_name":"Scrap Ooze","player_choice":"Success","floor":4.0,"gold_loss":0.0,"damage_taken":12.0,"relics_obtained":["Mummified Hand"]},{"cards_removed":["Strike_G"],"damage_healed":0.0,"max_hp_gain":0.0,"max_hp_loss":0.0,"gold_gain":0.0,"event_name":"The Cleric","player_choice":"Card Removal","floor":7.0,"gold_loss":50.0,"damage_taken":0.0},{"cards_removed":["Strike_G"],"damage_healed":0.0,"max_hp_gain":0.0,"max_hp_loss":0.0,"gold_gain":0.0,"event_name":"Purifier","player_choice":"Purged","floor":8.0,"gold_loss":0.0,"damage_taken":0.0},{"damage_healed":0,"gold_gain":0,"player_choice":"Simplicity","damage_taken":0,"max_hp_gain":0,"max_hp_loss":0,"event_name":"Back to Basics","floor":19,"gold_loss":0,"cards_upgraded":["Strike_G","Strike_G","Strike_G","Defend_G","Defend_G","Defend_G","Defend_G","Defend_G"]},{"damage_healed":0,"gold_gain":0,"player_choice":"Stole Relic","damage_taken":0,"relics_obtained":["Kunai"],"max_hp_gain":0,"max_hp_loss":0,"event_name":"Addict","floor":21,"gold_loss":0,"cards_obtained":["Shame"]},{"damage_healed":0,"gold_gain":0,"player_choice":"Fight","damage_taken":0,"max_hp_gain":0,"max_hp_loss":0,"event_name":"MindBloom","floor":36,"gold_loss":0}],"is_beta":false,"boss_relics":[{"not_picked":["Orrery","Ring of the Serpent"],"picked":"Snecko Eye"},{"not_picked":["Fusion Hammer","Philosopher\u0027s Stone"],"picked":"Busted Crown"}],"items_purged_floors":[20],"is_endless":false,"potions_floor_spawned":[1,2,14,16,18,24,27,31,36,39,42,46],"ascension_level":10}