{"gold_per_floor":[113,263,22,34,34,34,49,74,99,110,137,137,170,193,193,269,269,286,231,281,301,226,226,126,138,138,149,165,180,23,23,23,94,94,106,124,143,156,171,203,203,227,227,143,143,143,153,168,168,168,168,168,168,43,78,78],"floor_reached":57,"playtime":3504,"items_purged":["Doubt","Strike_R","Bash"],"score":2733,"play_id":"533a6a84-c6a1-493b-92fe-6e974da1b166","local_time":"20190518175034","is_ascension_mode":true,"campfire_choices":[{"data":"Armaments","floor":6.0,"key":"SMITH"},{"data":"Inflame","floor":12.0,"key":"SMITH"},{"data":"True Grit","floor":15.0,"key":"SMITH"},{"data":"Dark Embrace","floor":23.0,"key":"SMITH"},{"data":"Second Wind","floor":32.0,"key":"SMITH"},{"data":"Body Slam","floor":41.0,"key":"SMITH"},{"data":"Feel No Pain","floor":45.0,"key":"SMITH"},{"floor":49.0,"key":"RECALL"},{"data":"Burning Pact","floor":53.0,"key":"SMITH"}],"neow_cost":"NONE","seed_source_timestamp":0,"circlet_count":0,"master_deck":["AscendersBane","Fiend Fire","Evolve","Inflame+1","Whirlwind","Armaments+1","Sword Boomerang","Power Through","True Grit+1","Dark Embrace+1","Shrug It Off","Burning Pact+1","Battle Trance","Second Wind+1","Feel No Pain+1","Body Slam+1"],"special_seed":0,"relics":["Burning Blood","Whetstone","Regal Pillow","Kunai","Ancient Tea Set","Coffee Dripper","Tiny Chest","Pantograph","Juzu Bracelet","Oddly Smooth Stone","Pandora\u0027s Box","Blood Vial","Bag of Preparation","Pen Nib","Happy Flower"],"potions_floor_usage":[56],"damage_taken":[{"damage":8.0,"enemies":"2 Louse","floor":1.0,"turns":3.0},{"damage":7.0,"enemies":"Jaw Worm","floor":4.0,"turns":4.0},{"damage":3.0,"enemies":"Small Slimes","floor":7.0,"turns":4.0},{"damage":9.0,"enemies":"Lagavulin","floor":8.0,"turns":7.0},{"damage":16.0,"enemies":"Blue Slaver","floor":10.0,"turns":4.0},{"damage":15.0,"enemies":"3 Sentries","floor":11.0,"turns":4.0},{"damage":27.0,"enemies":"Lagavulin","floor":13.0,"turns":6.0},{"damage":6.0,"enemies":"Hexaghost","floor":16.0,"turns":6.0},{"damage":19.0,"enemies":"Spheric Guardian","floor":18.0,"turns":5.0},{"damage":16.0,"enemies":"Shell Parasite","floor":21.0,"turns":6.0},{"damage":11.0,"enemies":"Centurion and Healer","floor":25.0,"turns":6.0},{"damage":9.0,"enemies":"Chosen and Byrds","floor":27.0,"turns":5.0},{"damage":14.0,"enemies":"Cultist and Chosen","floor":28.0,"turns":9.0},{"damage":17.0,"enemies":"Shelled Parasite and Fungi","floor":29.0,"turns":11.0},{"damage":22.0,"enemies":"Automaton","floor":33.0,"turns":15.0},{"damage":35.0,"enemies":"3 Darklings","floor":35.0,"turns":5.0},{"damage":13.0,"enemies":"3 Shapes","floor":36.0,"turns":8.0},{"damage":0.0,"enemies":"Spire Growth","floor":37.0,"turns":13.0},{"damage":9.0,"enemies":"Jaw Worm Horde","floor":38.0,"turns":9.0},{"damage":3.0,"enemies":"4 Shapes","floor":39.0,"turns":5.0},{"damage":18.0,"enemies":"Reptomancer","floor":40.0,"turns":7.0},{"damage":0.0,"enemies":"Transient","floor":47.0,"turns":6.0},{"damage":0.0,"enemies":"Sphere and 2 Shapes","floor":48.0,"turns":4.0},{"damage":18.0,"enemies":"Time Eater","floor":50.0,"turns":4.0},{"damage":24.0,"enemies":"Awakened One","floor":51.0,"turns":10.0},{"damage":0.0,"enemies":"Shield and Spear","floor":55.0,"turns":6.0},{"damage":32,"enemies":"The Heart","floor":56,"turns":7}],"seed_played":"-9098734335668061147","potions_obtained":[{"floor":7.0,"key":"Weak Potion"},{"floor":8.0,"key":"EntropicBrew"},{"floor":27.0,"key":"PowerPotion"},{"floor":28.0,"key":"Ancient Potion"},{"floor":29.0,"key":"SpeedPotion"},{"floor":38.0,"key":"SteroidPotion"},{"floor":40.0,"key":"PowerPotion"}],"is_trial":false,"path_per_floor":["M","?","$","M","?","R","M","E","T","M","E","R","E","T","R","B",null,"M","?","?","M","?","R","$","M","T","M","M","M","$","T","R","B",null,"M","M","M","M","M","E","R","T","T","$","R","$","M","M","R","B","B",null,"R","$","E","B",null],"character_chosen":"IRONCLAD","items_purchased":["Inflame","Whirlwind","Juzu Bracelet","Regen Potion"],"campfire_rested":0,"item_purchase_floors":[3,3,30,44],"current_hp_per_floor":[66,66,66,65,58,58,61,58,58,48,39,39,18,18,18,18,61,48,48,48,38,38,38,38,33,33,30,22,11,11,11,11,20,61,32,25,31,28,31,19,19,19,19,19,19,19,42,50,50,63,57,71,71,71,75,49],"gold":78,"neow_bonus":"ONE_RANDOM_RARE_CARD","is_prod":false,"is_daily":false,"chose_seed":false,"campfire_upgraded":8,"win_rate":0,"timestamp":1558173034,"path_taken":["M","?","$","M","?","R","M","E","T","M","E","R","E","?","R","BOSS","M","?","?","M","?","R","$","M","T","M","M","M","$","?","R","BOSS","M","M","M","M","M","E","R","?","T","?","R","$","M","M","R","BOSS","BOSS","R","$","E","BOSS"],"build_version":"2019-01-23","purchased_purges":3,"victory":true,"max_hp_per_floor":[75,75,75,75,75,75,75,75,75,75,75,75,75,75,75,75,75,75,75,75,75,75,75,75,75,75,75,75,75,75,75,75,75,75,75,75,75,75,75,75,75,75,75,75,75,75,75,75,75,75,75,75,75,75,75,75],"card_choices":[{"not_picked":["Armaments","Flame Barrier"],"picked":"Evolve","floor":1.0},{"not_picked":["Blood for Blood","Sentinel"],"picked":"Armaments","floor":4.0},{"not_picked":["Body Slam","Double Tap"],"picked":"Sword Boomerang","floor":7.0},{"not_picked":["Reckless Charge","Fire Breathing","Infernal Blade"],"picked":"SKIP","floor":8.0},{"not_picked":["Thunderclap","Pommel Strike","Armaments"],"picked":"SKIP","floor":10.0},{"not_picked":["Searing Blow","Sword Boomerang"],"picked":"Power Through","floor":11.0},{"not_picked":["Iron Wave","Havoc"],"picked":"True Grit","floor":13.0},{"not_picked":["Berserk","Exhume"],"picked":"Dark Embrace","floor":16.0},{"not_picked":["Rampage","Clash"],"picked":"Shrug It Off","floor":18.0},{"not_picked":["Reckless Charge","Rage","Clash"],"picked":"SKIP","floor":21.0},{"not_picked":["Twin Strike+1","Rupture"],"picked":"Burning Pact","floor":25.0},{"not_picked":["Body Slam","Sword Boomerang"],"picked":"Battle Trance","floor":27.0},{"not_picked":["Wild Strike","Rampage","Warcry"],"picked":"SKIP","floor":28.0},{"not_picked":["Iron Wave","Burning Pact"],"picked":"Second Wind","floor":29.0},{"not_picked":["Headbutt","Warcry"],"picked":"Feel No Pain","floor":35.0},{"not_picked":["Thunderclap","Sever Soul+1","Perfected Strike"],"picked":"SKIP","floor":36.0},{"not_picked":["Twin Strike","Thunderclap","Cleave"],"picked":"SKIP","floor":37.0},{"not_picked":["Warcry","Anger+1"],"picked":"Body Slam","floor":38.0},{"not_picked":["Shrug It Off","Dark Embrace","Heavy Blade"],"picked":"SKIP","floor":39.0},{"not_picked":["True Grit+1","Clash+1","Berserk"],"picked":"SKIP","floor":40.0},{"not_picked":["Headbutt+1","Fire Breathing","Blood for Blood+1"],"picked":"SKIP","floor":47.0},{"not_picked":["Rage","Cleave","Dropkick+1"],"picked":"SKIP","floor":48.0},{"not_picked":["Cleave","Bloodletting+1","Wild Strike+1"],"picked":"SKIP","floor":55.0}],"player_experience":871697,"relics_obtained":[{"floor":8.0,"key":"Whetstone"},{"floor":11.0,"key":"Regal Pillow"},{"floor":13.0,"key":"Kunai"},{"floor":14.0,"key":"Ancient Tea Set"},{"floor":26.0,"key":"Pantograph"},{"floor":31.0,"key":"Oddly Smooth Stone"},{"floor":40.0,"key":"Blood Vial"},{"floor":42.0,"key":"Bag of Preparation"},{"floor":43.0,"key":"Pen Nib"},{"floor":55.0,"key":"Happy Flower"}],"event_choices":[{"damage_healed":0.0,"max_hp_gain":0.0,"max_hp_loss":0.0,"gold_gain":150.0,"event_name":"Liars Game","player_choice":"AGREE","floor":2.0,"gold_loss":0.0,"damage_taken":0.0,"cards_obtained":["Doubt"]},{"cards_removed":["Strike_R"],"damage_healed":0.0,"max_hp_gain":0.0,"max_hp_loss":0.0,"gold_gain":0.0,"event_name":"Golden Wing","player_choice":"Card Removal","floor":5.0,"gold_loss":0.0,"damage_taken":7.0},{"damage_healed":0.0,"max_hp_gain":0.0,"max_hp_loss":0.0,"gold_gain":0.0,"event_name":"Addict","player_choice":"Obtained Relic","floor":19.0,"gold_loss":85.0,"damage_taken":0.0,"relics_obtained":["Tiny Chest"]},{"damage_healed":0.0,"max_hp_gain":0.0,"max_hp_loss":0.0,"gold_gain":50.0,"event_name":"Nest","player_choice":"Stole From Cult","floor":20.0,"gold_loss":0.0,"damage_taken":0.0},{"cards_removed":["Strike_R"],"damage_healed":0.0,"max_hp_gain":0.0,"max_hp_loss":0.0,"gold_gain":0.0,"event_name":"Beggar","player_choice":"Gave Gold","floor":22.0,"gold_loss":75.0,"damage_taken":0.0}],"is_beta":false,"boss_relics":[{"not_picked":["Ectoplasm","Black Blood"],"picked":"Coffee Dripper"},{"not_picked":["Black Star","Fusion Hammer"],"picked":"Pandora\u0027s Box"}],"items_purged_floors":[3,24,54],"is_endless":false,"potions_floor_spawned":[7,8,11,27,28,29,35,36,38,40],"ascension_level":20}