{"gold_per_floor":[217,217,54,54,54,54,68,101,101,119,133,153,121,156,156,251,251,263,263,188,208,57,57,77,90,114,124,136,136,136],"floor_reached":30,"playtime":2971,"items_purged":["Defend_B","Defend_B"],"score":267,"play_id":"8d6e2306-a34e-4596-8a36-c4a9f16e83f3","local_time":"20190727011837","is_ascension_mode":false,"campfire_choices":[{"data":"Discovery","floor":6.0,"key":"SMITH"},{"floor":15.0,"key":"REST"},{"floor":23,"key":"REST"}],"neow_cost":"NONE","seed_source_timestamp":0,"circlet_count":0,"master_deck":["Strike_B","Strike_B","Strike_B","Defend_B+1","Defend_B+1","Zap","Dualcast","Ball Lightning","Discovery+1","Sweeping Beam","All For One","Gash","Conserve Battery","Gash","Beam Cell","Writhe"],"special_seed":0,"relics":["Cracked Core","Bronze Scales","PreservedInsect","Centennial Puzzle","Sozu","Anchor","Ancient Tea Set"],"potions_floor_usage":[],"damage_taken":[{"damage":1.0,"enemies":"Jaw Worm","floor":1.0,"turns":3.0},{"damage":0.0,"enemies":"Small Slimes","floor":7.0,"turns":3.0},{"damage":12.0,"enemies":"Lagavulin","floor":8.0,"turns":5.0},{"damage":0.0,"enemies":"Cultist","floor":10.0,"turns":3.0},{"damage":12.0,"enemies":"Lots of Slimes","floor":11.0,"turns":3.0},{"damage":0.0,"enemies":"Blue Slaver","floor":12.0,"turns":3.0},{"damage":0.0,"enemies":"3 Sentries","floor":14.0,"turns":2.0},{"damage":34.0,"enemies":"The Guardian","floor":16.0,"turns":8.0},{"damage":11,"enemies":"Shell Parasite","floor":18,"turns":3},{"damage":24,"enemies":"2 Thieves","floor":21,"turns":3},{"damage":16,"enemies":"Centurion and Healer","floor":24,"turns":7},{"damage":0,"enemies":"Snecko","floor":25,"turns":3},{"damage":13,"enemies":"Snake Plant","floor":27,"turns":3},{"damage":29,"enemies":"Shelled Parasite and Fungi","floor":28,"turns":4},{"damage":8,"enemies":"Colosseum Slavers","floor":30,"turns":1}],"seed_played":"8351101970095017545","potions_obtained":[{"floor":5.0,"key":"EssenceOfSteel"},{"floor":5.0,"key":"AttackPotion"},{"floor":5.0,"key":"Regen Potion"},{"floor":8.0,"key":"Swift Potion"}],"is_trial":false,"path_per_floor":["M","?","$","?","?","R","M","E","T","M","M","M","?","E","R","B",null,"M","?","?","M","$","R","M","M","T","M","M","?","?"],"character_chosen":"DEFECT","items_purchased":["Discovery","Gash"],"campfire_rested":2,"item_purchase_floors":[3,22],"current_hp_per_floor":[74,59,59,59,59,59,59,47,47,47,35,35,35,40,62,28,75,64,64,64,40,40,62,46,46,46,33,4,4,0],"gold":136,"neow_bonus":"HUNDRED_GOLD","is_prod":false,"is_daily":false,"chose_seed":false,"campfire_upgraded":1,"win_rate":0,"timestamp":1564183117,"path_taken":["M","?","$","?","?","R","M","E","T","?","?","M","?","E","R","BOSS","M","?","?","M","$","R","M","M","T","M","M","?","?"],"build_version":"2019-07-17","purchased_purges":2,"victory":false,"max_hp_per_floor":[75,75,75,75,75,75,75,75,75,75,75,75,75,75,75,75,75,75,75,75,75,75,75,75,75,75,75,75,75,75],"card_choices":[{"not_picked":["Go for the Eyes","Barrage"],"picked":"Ball Lightning","floor":1.0},{"not_picked":["Recycle","Streamline"],"picked":"Sweeping Beam","floor":7.0},{"not_picked":["Streamline","Hologram","Chill"],"picked":"SKIP","floor":8.0},{"not_picked":["Streamline","Defragment","Turbo"],"picked":"SKIP","floor":10.0},{"not_picked":["Scrape","Cold Snap","Turbo"],"picked":"SKIP","floor":11.0},{"not_picked":["Stack","Go for the Eyes","Tempest"],"picked":"SKIP","floor":12.0},{"not_picked":["Fission","Fusion"],"picked":"All For One","floor":14.0},{"not_picked":["Compile Driver","Rebound","Barrage"],"picked":"SKIP","floor":18},{"not_picked":["Cold Snap+1","Compile Driver+1","Amplify"],"picked":"SKIP","floor":21},{"not_picked":["Cold Snap+1","Streamline"],"picked":"Conserve Battery","floor":24},{"not_picked":["Chill","Cold Snap+1"],"picked":"Gash","floor":25},{"not_picked":["Hologram","Genetic Algorithm","Rebound"],"picked":"SKIP","floor":27},{"not_picked":["Reinforced Body+1","Go for the Eyes"],"picked":"Beam Cell","floor":28}],"player_experience":29642,"relics_obtained":[{"floor":8.0,"key":"Bronze Scales"},{"floor":9.0,"key":"PreservedInsect"},{"floor":14.0,"key":"Centennial Puzzle"},{"floor":26,"key":"Anchor"}],"event_choices":[{"damage_healed":0.0,"max_hp_gain":0.0,"max_hp_loss":0.0,"gold_gain":0.0,"event_name":"Shining Light","player_choice":"Entered Light","floor":2.0,"gold_loss":0.0,"damage_taken":15.0,"cards_upgraded":["Defend_B","Defend_B"]},{"damage_healed":0.0,"max_hp_gain":0.0,"max_hp_loss":0.0,"gold_gain":0.0,"event_name":"Liars Game","player_choice":"Ignored","floor":4.0,"gold_loss":0.0,"damage_taken":0.0},{"damage_healed":0.0,"max_hp_gain":0.0,"max_hp_loss":0.0,"gold_gain":0.0,"event_name":"Lab","player_choice":"Got Potions","floor":5.0,"gold_loss":0.0,"damage_taken":0.0},{"damage_healed":0.0,"max_hp_gain":0.0,"max_hp_loss":0.0,"gold_gain":0.0,"event_name":"World of Goop","player_choice":"Left Gold","floor":13.0,"gold_loss":32.0,"damage_taken":0.0},{"damage_healed":0,"gold_gain":0,"player_choice":"Ignored","damage_taken":0,"max_hp_gain":0,"max_hp_loss":0,"event_name":"Vampires","floor":19,"gold_loss":0},{"cards_removed":["Strike_B"],"damage_healed":0,"gold_gain":0,"player_choice":"Gave Gold","damage_taken":0,"max_hp_gain":0,"max_hp_loss":0,"event_name":"Beggar","floor":20,"gold_loss":75},{"damage_healed":0,"gold_gain":0,"player_choice":"Opened","damage_taken":0,"relics_obtained":["Ancient Tea Set"],"max_hp_gain":0,"max_hp_loss":0,"event_name":"The Mausoleum","floor":29,"gold_loss":0,"cards_obtained":["Writhe"]},{"damage_healed":0,"gold_gain":0,"player_choice":"Fight","damage_taken":0,"max_hp_gain":0,"max_hp_loss":0,"event_name":"Colosseum","floor":30,"gold_loss":0}],"is_beta":false,"boss_relics":[{"not_picked":["Nuclear Battery","Eternal Feather"],"picked":"Sozu"}],"items_purged_floors":[3,22],"is_endless":false,"potions_floor_spawned":[7,8,10,18,21,24],"killed_by":"Colosseum Slavers","ascension_level":0}