{"gold_per_floor":[115,290,290,290,305,337,337,352,352,382,332,332,76,90,90,90],"floor_reached":16,"playtime":1083,"items_purged":["Defend_R"],"score":138,"play_id":"d97b3a44-e71b-4eeb-ae95-21f15d297692","local_time":"20190804234743","is_ascension_mode":true,"campfire_choices":[{"floor":7,"key":"RECALL"},{"data":"Body Slam","floor":15,"key":"SMITH"}],"neow_cost":"CURSE","seed_source_timestamp":791085124608598,"circlet_count":0,"master_deck":["Strike_R","Strike_R","Strike_R","Strike_R","Defend_R","Defend_R","Defend_R","Bash","Iron Wave","Shrug It Off","Impervious","Injury","Body Slam+1","Headbutt"],"relics":["Burning Blood","Meat on the Bone","Gambling Chip","Golden Idol","Blood Vial"],"potions_floor_usage":[16],"damage_taken":[{"damage":2,"enemies":"Small Slimes","floor":1,"turns":3},{"damage":4,"enemies":"2 Louse","floor":5,"turns":3},{"damage":41,"enemies":"3 Sentries","floor":6,"turns":13},{"damage":0,"enemies":"Cultist","floor":8,"turns":4},{"damage":29,"enemies":"Gremlin Nob","floor":10,"turns":5},{"damage":1,"enemies":"2 Fungi Beasts","floor":14,"turns":4},{"damage":62,"enemies":"The Guardian","floor":16,"turns":12}],"seed_played":"2703943742385139919","potions_obtained":[{"floor":1,"key":"Poison Potion"}],"is_trial":false,"path_per_floor":["M","?","?","?","M","E","R","M","T","E","?","?","$","M","R","B"],"character_chosen":"IRONCLAD","items_purchased":["Body Slam","Blood Vial"],"campfire_rested":0,"item_purchase_floors":[13,13],"current_hp_per_floor":[96,96,89,89,91,56,56,62,62,51,51,51,51,58,58,0],"gold":90,"neow_bonus":"TWENTY_PERCENT_HP_BONUS","is_prod":false,"is_daily":false,"chose_seed":false,"campfire_upgraded":1,"win_rate":0,"timestamp":1564955263,"path_taken":["M","?","?","?","M","E","R","M","T","E","?","?","$","?","R","BOSS"],"build_version":"2019-07-17","purchased_purges":1,"victory":false,"max_hp_per_floor":[96,96,96,96,96,96,96,96,96,96,96,96,96,96,96,96],"card_choices":[{"not_picked":["Rampage","Body Slam"],"picked":"Iron Wave","floor":1},{"not_picked":["Clothesline","Clash","Twin Strike"],"picked":"SKIP","floor":5},{"not_picked":["Burning Pact","Perfected Strike","Clash"],"picked":"SKIP","floor":6},{"not_picked":["Intimidate","Clash"],"picked":"Shrug It Off","floor":8},{"not_picked":["Armaments","Twin Strike"],"picked":"Impervious","floor":10},{"not_picked":["Perfected Strike","Twin Strike"],"picked":"Headbutt","floor":14}],"player_experience":143951,"relics_obtained":[{"floor":6,"key":"Meat on the Bone"},{"floor":10,"key":"Gambling Chip"}],"event_choices":[{"damage_healed":0,"gold_gain":175,"player_choice":"AGREE","damage_taken":0,"max_hp_gain":0,"max_hp_loss":0,"event_name":"Liars Game","floor":2,"gold_loss":0,"cards_obtained":["Doubt"]},{"cards_removed":["Doubt"],"damage_healed":0,"gold_gain":0,"player_choice":"Card Removal","damage_taken":7,"max_hp_gain":0,"max_hp_loss":0,"event_name":"Golden Wing","floor":3,"gold_loss":0},{"cards_removed":["Decay"],"damage_healed":0,"gold_gain":0,"player_choice":"Forget","damage_taken":0,"max_hp_gain":0,"max_hp_loss":0,"event_name":"Living Wall","floor":4,"gold_loss":0},{"cards_removed":["Strike_R"],"damage_healed":0,"gold_gain":0,"player_choice":"Card Removal","damage_taken":0,"max_hp_gain":0,"max_hp_loss":0,"event_name":"The Cleric","floor":11,"gold_loss":50},{"damage_healed":0,"gold_gain":0,"player_choice":"Take Wound","damage_taken":0,"relics_obtained":["Golden Idol"],"max_hp_gain":0,"max_hp_loss":0,"event_name":"Golden Idol","floor":12,"gold_loss":0,"cards_obtained":["Injury"]}],"is_beta":false,"boss_relics":[],"items_purged_floors":[13],"is_endless":false,"potions_floor_spawned":[1],"killed_by":"The Guardian","ascension_level":1}