{"gold_per_floor":[113,113,288,288,302,332,332,361,388,96,113,128,158,228,228,307,307,321,321,338,338,19,19,46,46,46,46,61,61],"floor_reached":29,"playtime":1380,"items_purged":["Strike_R"],"score":483,"play_id":"1a3cebfb-a826-4712-adef-04e7d3c9059c","local_time":"20190705164000","is_ascension_mode":true,"campfire_choices":[{"data":"Inflame","floor":7.0,"key":"SMITH"},{"data":"Shrug It Off","floor":15.0,"key":"SMITH"},{"data":"Limit Break","floor":23,"key":"SMITH"},{"data":"True Grit","floor":25,"key":"SMITH"},{"data":"Warcry","floor":27,"key":"SMITH"}],"neow_cost":"NONE","seed_source_timestamp":0,"circlet_count":0,"master_deck":["AscendersBane","Strike_R","Strike_R","Strike_R","Strike_R","Defend_R","Defend_R","Defend_R","Defend_R","Bash","Wild Strike","Doubt","Inflame+1","Inflame","Warcry+1","Flex","Shrug It Off+1","Heavy Blade","Whirlwind","Limit Break+1","Spot Weakness","Flame Barrier+1","Shrug It Off","True Grit+1","Pummel"],"special_seed":0,"relics":["Burning Blood","NeowsBlessing","Orichalcum","Centennial Puzzle","Ancient Tea Set","Strawberry","OrangePellets","Vajra","Kunai","Sozu","Thread and Needle","Art of War"],"potions_floor_usage":[24,29],"damage_taken":[{"damage":0.0,"enemies":"Jaw Worm","floor":1.0,"turns":1.0},{"damage":0.0,"enemies":"Small Slimes","floor":5.0,"turns":1.0},{"damage":0.0,"enemies":"Gremlin Nob","floor":6.0,"turns":1.0},{"damage":28.0,"enemies":"3 Sentries","floor":8.0,"turns":6.0},{"damage":2.0,"enemies":"2 Louse","floor":11.0,"turns":2.0},{"damage":12.0,"enemies":"Large Slime","floor":12.0,"turns":3.0},{"damage":29.0,"enemies":"Lagavulin","floor":13.0,"turns":6.0},{"damage":29,"enemies":"The Guardian","floor":16,"turns":9},{"damage":21,"enemies":"2 Thieves","floor":18,"turns":3},{"damage":1,"enemies":"3 Byrds","floor":20,"turns":4},{"damage":17,"enemies":"Gremlin Leader","floor":24,"turns":5},{"damage":20,"enemies":"Snake Plant","floor":28,"turns":3},{"damage":30,"enemies":"Book of Stabbing","floor":29,"turns":5}],"seed_played":"-1528648859587335289","potions_obtained":[{"floor":1.0,"key":"Poison Potion"},{"floor":6.0,"key":"AttackPotion"},{"floor":13.0,"key":"Dexterity Potion"},{"floor":16,"key":"Dexterity Potion"}],"is_trial":false,"path_per_floor":["M","?","?","?","M","E","R","E","T","$","M","M","E","T","R","B",null,"M","?","M","?","$","R","E","R","T","R","M","E"],"character_chosen":"IRONCLAD","items_purchased":["OrangePellets","Flex","Thread and Needle","Shrug It Off"],"campfire_rested":0,"item_purchase_floors":[10,10,22,22],"current_hp_per_floor":[74,79,79,76,80,80,80,58,65,65,69,63,40,40,40,17,70,55,38,43,43,43,43,32,32,32,32,18,0],"gold":61,"neow_bonus":"THREE_ENEMY_KILL","is_prod":false,"is_daily":false,"chose_seed":false,"campfire_upgraded":5,"win_rate":0,"timestamp":1562359200,"path_taken":["M","?","?","?","M","E","R","E","T","$","M","?","E","?","R","BOSS","M","?","M","?","$","R","E","R","T","R","M","E"],"build_version":"2019-07-01","purchased_purges":1,"victory":false,"max_hp_per_floor":[75,80,80,80,80,80,80,80,87,87,87,87,87,87,87,87,87,87,92,92,92,92,92,92,92,92,92,92,92],"card_choices":[{"not_picked":["Warcry","Anger"],"picked":"Wild Strike","floor":1.0},{"not_picked":["Spot Weakness","Clash"],"picked":"Inflame","floor":5.0},{"not_picked":["Havoc","Perfected Strike"],"picked":"Inflame","floor":6.0},{"not_picked":["Brutality","Intimidate"],"picked":"Warcry","floor":8.0},{"not_picked":["Clothesline","Flex"],"picked":"Shrug It Off","floor":11.0},{"not_picked":["Anger","Iron Wave"],"picked":"Heavy Blade","floor":12.0},{"not_picked":["Clash","Shrug It Off"],"picked":"Whirlwind","floor":13.0},{"not_picked":["Feed","Dark Embrace"],"picked":"Limit Break","floor":16},{"not_picked":["Pommel Strike","Warcry"],"picked":"Spot Weakness","floor":18},{"not_picked":["Body Slam","Disarm"],"picked":"Flame Barrier+1","floor":20},{"not_picked":["Rupture","Bludgeon"],"picked":"True Grit","floor":24},{"not_picked":["Flex","Clash"],"picked":"Pummel","floor":28}],"player_experience":355724,"relics_obtained":[{"floor":6.0,"key":"Centennial Puzzle"},{"floor":8.0,"key":"Ancient Tea Set"},{"floor":9.0,"key":"Strawberry"},{"floor":13.0,"key":"Vajra"},{"floor":14.0,"key":"Kunai"},{"floor":24,"key":"Art of War"}],"event_choices":[{"damage_healed":0.0,"max_hp_gain":5.0,"max_hp_loss":0.0,"gold_gain":0.0,"event_name":"Big Fish","player_choice":"Donut","floor":2.0,"gold_loss":0.0,"damage_taken":0.0},{"damage_healed":0.0,"max_hp_gain":0.0,"max_hp_loss":0.0,"gold_gain":175.0,"event_name":"Liars Game","player_choice":"AGREE","floor":3.0,"gold_loss":0.0,"damage_taken":0.0,"cards_obtained":["Doubt"]},{"damage_healed":0.0,"max_hp_gain":0.0,"max_hp_loss":0.0,"gold_gain":0.0,"event_name":"Scrap Ooze","player_choice":"Success","floor":4.0,"gold_loss":0.0,"damage_taken":3.0,"relics_obtained":["Orichalcum"]},{"damage_healed":0,"gold_gain":0,"player_choice":"Shed Blood","damage_taken":22,"max_hp_gain":5,"max_hp_loss":0,"event_name":"Forgotten Altar","floor":19,"gold_loss":0},{"damage_healed":0,"gold_gain":0,"player_choice":"Ignored","damage_taken":0,"max_hp_gain":0,"max_hp_loss":0,"event_name":"Ghosts","floor":21,"gold_loss":0}],"is_beta":false,"boss_relics":[{"not_picked":["Calling Bell","Runic Dome"],"picked":"Sozu"}],"items_purged_floors":[10],"is_endless":false,"potions_floor_spawned":[1,6,13,16,28],"killed_by":"Book of Stabbing","ascension_level":14}