{"gold_per_floor":[114,129,146,65,78,78,104,104,129,145,177,193,193,193,193,193],"floor_reached":16,"playtime":1522,"items_purged":[],"score":118,"play_id":"50d20c4d-7842-45b6-b496-c85ffba35516","local_time":"20190809201743","daily_mods":["SealedDeck"],"is_ascension_mode":true,"campfire_choices":[{"data":"Catalyst","floor":6,"key":"SMITH"},{"data":"Crippling Poison","floor":8,"key":"SMITH"},{"floor":15,"key":"REST"}],"neow_cost":"","seed_source_timestamp":0,"circlet_count":0,"master_deck":["Deflect","Quick Slash","Dodge and Roll","Bouncing Flask","Quick Slash","Backflip","Catalyst+1","Acrobatics","Crippling Poison+1","Bouncing Flask","Dash","Backflip","Noxious Fumes","Leg Sweep+1"],"relics":["Ring of the Snake","Snake Skull","Bronze Scales","Orichalcum"],"potions_floor_usage":[16],"damage_taken":[{"damage":0,"enemies":"Cultist","floor":1,"turns":3},{"damage":0,"enemies":"Small Slimes","floor":2,"turns":3},{"damage":3,"enemies":"Jaw Worm","floor":3,"turns":3},{"damage":0,"enemies":"Large Slime","floor":5,"turns":6},{"damage":33,"enemies":"3 Sentries","floor":7,"turns":12},{"damage":5,"enemies":"Red Slaver","floor":10,"turns":3},{"damage":13,"enemies":"Lagavulin","floor":11,"turns":3},{"damage":6,"enemies":"Gremlin Gang","floor":12,"turns":2},{"damage":33,"enemies":"Slime Boss","floor":16,"turns":8}],"seed_played":"-5207584868145952080","potions_obtained":[{"floor":1,"key":"LiquidBronze"},{"floor":10,"key":"LiquidBronze"},{"floor":11,"key":"AttackPotion"}],"is_trial":true,"path_per_floor":["M","M","M","$","M","R","E","R","T","M","E","M","?","?","R","B"],"character_chosen":"THE_SILENT","items_purchased":["Dash"],"campfire_rested":1,"item_purchase_floors":[4],"current_hp_per_floor":[70,70,67,67,67,67,34,34,34,29,16,10,10,10,31,0],"gold":193,"neow_bonus":"","is_prod":false,"is_daily":false,"chose_seed":false,"campfire_upgraded":2,"win_rate":0,"timestamp":1565374663,"path_taken":["M","M","M","$","M","R","E","R","T","M","E","M","?","?","R","BOSS"],"build_version":"2019-07-17","purchased_purges":0,"victory":false,"max_hp_per_floor":[70,70,70,70,70,70,70,70,70,70,70,70,70,70,70,70],"card_choices":[{"not_picked":["Flying Knee","Underhanded Strike","Calculated Gamble"],"picked":"SKIP","floor":1},{"not_picked":["Calculated Gamble","Choke","Dodge and Roll"],"picked":"SKIP","floor":2},{"not_picked":["Setup","Caltrops","Calculated Gamble"],"picked":"SKIP","floor":3},{"not_picked":["Heel Hook","Accuracy"],"picked":"Backflip","floor":5},{"not_picked":["Venomology","Glass Knife","Finisher"],"picked":"SKIP","floor":7},{"not_picked":["Dagger Spray","Prepared","Deflect"],"picked":"SKIP","floor":10},{"not_picked":["Footwork","Flying Knee"],"picked":"Noxious Fumes","floor":11},{"not_picked":["Choke","Eviscerate"],"picked":"Leg Sweep","floor":12}],"player_experience":187676,"relics_obtained":[{"floor":7,"key":"Snake Skull"},{"floor":9,"key":"Bronze Scales"},{"floor":11,"key":"Orichalcum"}],"event_choices":[{"damage_healed":0,"gold_gain":0,"player_choice":"Grow","damage_taken":0,"max_hp_gain":0,"max_hp_loss":0,"event_name":"Living Wall","floor":13,"gold_loss":0,"cards_upgraded":["Leg Sweep"]},{"damage_healed":0,"gold_gain":0,"player_choice":"Ignored","damage_taken":0,"max_hp_gain":0,"max_hp_loss":0,"event_name":"Liars Game","floor":14,"gold_loss":0}],"is_beta":false,"boss_relics":[],"items_purged_floors":[],"is_endless":false,"potions_floor_spawned":[1,10,11],"killed_by":"Slime Boss","ascension_level":1}