{"gold_per_floor":[115,131,47,57,57,57,91,102,102,112,112,112],"floor_reached":12,"playtime":207,"items_purged":[],"score":160,"play_id":"b2d73f25-9c4b-46fc-9898-fe4e3f841c00","local_time":"20190509153445","is_ascension_mode":true,"campfire_choices":[{"data":"Flex","floor":6,"key":"SMITH"}],"neow_cost":"NONE","seed_source_timestamp":1490937972606332,"circlet_count":0,"master_deck":["AscendersBane","Strike_R","Strike_R","Strike_R","Strike_R","Strike_R","Defend_R","Defend_R","Defend_R","Defend_R","Bash","Whirlwind","Flex+1","Feel No Pain","Power Through"],"relics":["Burning Blood","NeowsBlessing","Ornamental Fan","Singing Bowl","Oddly Smooth Stone"],"potions_floor_usage":[12],"damage_taken":[{"damage":0,"enemies":"Cultist","floor":1,"turns":1},{"damage":0,"enemies":"Jaw Worm","floor":2,"turns":1},{"damage":0,"enemies":"2 Louse","floor":4,"turns":1},{"damage":39,"enemies":"3 Sentries","floor":7,"turns":6},{"damage":0,"enemies":"Lots of Slimes","floor":8,"turns":1},{"damage":0,"enemies":"2 Fungi Beasts","floor":10,"turns":1},{"damage":22,"enemies":"Lagavulin","floor":12,"turns":7}],"seed_played":"6092939455825080934","potions_obtained":[{"floor":4,"key":"GamblersBrew"},{"floor":7,"key":"SteroidPotion"}],"is_trial":false,"path_per_floor":["M","M","$","M","?","R","E","M","T","M","?","E"],"character_chosen":"IRONCLAD","items_purchased":["Feel No Pain"],"campfire_rested":0,"item_purchase_floors":[3],"current_hp_per_floor":[74,75,75,75,75,75,42,48,48,56,38,16],"gold":112,"neow_bonus":"THREE_ENEMY_KILL","is_prod":false,"is_daily":false,"chose_seed":false,"campfire_upgraded":1,"win_rate":0,"timestamp":1557387285,"path_taken":["M","?","$","?","?","R","E","M","T","M","?","E"],"build_version":"2019-01-23","purchased_purges":0,"victory":false,"max_hp_per_floor":[75,75,75,75,75,75,75,75,75,77,77,77],"card_choices":[{"not_picked":["Heavy Blade","Ghostly Armor"],"picked":"Whirlwind","floor":1},{"not_picked":["Sword Boomerang","True Grit"],"picked":"Flex","floor":2},{"not_picked":["Dropkick","Headbutt","Reckless Charge"],"picked":"SKIP","floor":4},{"not_picked":["Flex","Corruption"],"picked":"Power Through","floor":7},{"not_picked":["Sever Soul","Reaper","Flex"],"picked":"SKIP","floor":8},{"not_picked":["Entrench","Seeing Red","Hemokinesis"],"picked":"Singing Bowl","floor":10}],"player_experience":831529,"relics_obtained":[{"floor":7,"key":"Ornamental Fan"},{"floor":9,"key":"Singing Bowl"}],"event_choices":[{"damage_healed":0,"gold_gain":0,"player_choice":"Ignored","damage_taken":0,"max_hp_gain":0,"max_hp_loss":0,"event_name":"Liars Game","floor":5,"gold_loss":0},{"damage_healed":0,"gold_gain":0,"player_choice":"Success","damage_taken":18,"relics_obtained":["Oddly Smooth Stone"],"max_hp_gain":0,"max_hp_loss":0,"event_name":"Scrap Ooze","floor":11,"gold_loss":0}],"is_beta":false,"boss_relics":[],"items_purged_floors":[],"is_endless":false,"potions_floor_spawned":[4,7],"killed_by":"Lagavulin","ascension_level":20}