{"gold_per_floor":[119,186,186,58,136,171,189,189,189,189,200,235,245,280,280,383,383,399,399,314,328,348,348,401,421,444,458,458,478,478,32,32,137,137,152,152,152,167,68,68,88,116,116,216,227,227,246,262,262,262],"floor_reached":51,"playtime":3464,"items_purged":["Strike_R","Strike_R","Strike_R"],"score":872,"play_id":"008adde3-b9d1-4798-8c39-238c4b3bb282","local_time":"20190103035951","is_ascension_mode":true,"campfire_choices":[{"data":"Shrug It Off","floor":8,"key":"SMITH"},{"data":"Inflame","floor":15,"key":"SMITH"},{"floor":23,"key":"REST"},{"floor":28,"key":"REST"},{"data":"Barricade","floor":30,"key":"SMITH"},{"data":"Corruption","floor":32,"key":"SMITH"},{"data":"Body Slam","floor":40,"key":"SMITH"},{"data":"Body Slam","floor":46,"key":"SMITH"},{"data":"Dark Embrace","floor":49,"key":"SMITH"}],"neow_cost":"NONE","seed_source_timestamp":230212843461639,"circlet_count":0,"master_deck":["Strike_R","Defend_R","Defend_R","Defend_R","Defend_R","Bash","Clothesline","Anger","Feel No Pain","Shrug It Off+1","Inflame+1","Body Slam+1","Corruption+1","Immolate","Impervious+1","Barricade+1","Heavy Blade","Dropkick","Body Slam+1","True Grit+1","Body Slam","Shockwave+1","Juggernaut","Madness+1","Madness+1","True Grit+1","Entrench+1","Ghostly Armor+1","Burning Pact+1","Power Through+1","Dark Embrace+1"],"relics":["Burning Blood","NeowsBlessing","Self Forming Clay","Smiling Mask","Pear","Bottled Tornado","Toxic Egg 2","Eternal Feather","Pantograph","Oddly Smooth Stone","Ancient Tea Set","Ice Cream","Lizard Tail","FossilizedHelix","Ornamental Fan","Nunchaku"],"potions_floor_usage":[12,13,21,29,41,41,42,45,50,50,50,50],"damage_taken":[{"damage":0,"enemies":"2 Louse","floor":1,"turns":1},{"damage":0,"enemies":"Gremlin Nob","floor":6,"turns":1},{"damage":0,"enemies":"Small Slimes","floor":7,"turns":1},{"damage":7,"enemies":"Jaw Worm","floor":11,"turns":3},{"damage":2,"enemies":"Lagavulin","floor":12,"turns":6},{"damage":13,"enemies":"Large Slime","floor":13,"turns":4},{"damage":19,"enemies":"3 Sentries","floor":14,"turns":7},{"damage":48,"enemies":"Hexaghost","floor":16,"turns":9},{"damage":28,"enemies":"Shell Parasite","floor":18,"turns":8},{"damage":19,"enemies":"Chosen","floor":21,"turns":4},{"damage":30,"enemies":"Centurion and Healer","floor":22,"turns":6},{"damage":15,"enemies":"Snecko","floor":25,"turns":4},{"damage":33,"enemies":"3 Cultists","floor":27,"turns":6},{"damage":17,"enemies":"Centurion and Healer","floor":29,"turns":7},{"damage":14,"enemies":"Automaton","floor":33,"turns":8},{"damage":21,"enemies":"3 Darklings","floor":35,"turns":6},{"damage":3,"enemies":"3 Shapes","floor":38,"turns":6},{"damage":22,"enemies":"Jaw Worm Horde","floor":41,"turns":5},{"damage":41,"enemies":"Nemesis","floor":42,"turns":9},{"damage":0,"enemies":"Mind Bloom Boss Battle","floor":44,"turns":5},{"damage":7,"enemies":"Transient","floor":45,"turns":5},{"damage":0,"enemies":"4 Shapes","floor":47,"turns":7},{"damage":31,"enemies":"Spire Growth","floor":48,"turns":5},{"damage":0,"enemies":"Donu and Deca","floor":50,"turns":4}],"seed_played":"-2612007930147974244","potions_obtained":[{"floor":7,"key":"Energy Potion"},{"floor":11,"key":"Energy Potion"},{"floor":14,"key":"Explosive Potion"},{"floor":25,"key":"FearPotion"},{"floor":27,"key":"Regen Potion"},{"floor":35,"key":"FearPotion"},{"floor":41,"key":"EssenceOfSteel"},{"floor":44,"key":"Dexterity Potion"},{"floor":45,"key":"EntropicBrew"}],"is_trial":false,"path_per_floor":["M","?","?","$","T","E","M","R","T","?","M","E","M","E","R","B",null,"M","?","?","M","M","R","T","M","T","M","R","M","R","$","R","B",null,"M","?","?","M","$","R","M","E","T","?","M","R","M","M","R","B",null],"character_chosen":"IRONCLAD","items_purchased":["Anger","Ice Cream","Body Slam","Shockwave+1","AttackPotion"],"campfire_rested":2,"item_purchase_floors":[4,31,31,31,39],"current_hp_per_floor":[80,80,80,80,80,80,80,80,90,90,89,90,83,70,70,28,90,68,50,50,37,13,53,53,44,44,17,57,61,73,73,85,87,95,80,80,68,71,71,86,70,35,35,66,65,83,89,64,82,95],"gold":262,"neow_bonus":"THREE_ENEMY_KILL","is_prod":false,"is_daily":false,"chose_seed":false,"campfire_upgraded":7,"win_rate":0,"timestamp":1546448391,"path_taken":["M","?","?","$","?","E","M","R","T","?","M","E","M","E","R","BOSS","M","?","?","M","M","R","?","M","T","M","R","?","R","$","R","BOSS","M","?","?","M","$","R","M","E","T","?","M","R","M","M","R","BOSS"],"build_version":"2018-12-20","purchased_purges":3,"victory":true,"max_hp_per_floor":[80,80,80,80,80,80,80,80,90,90,90,90,90,90,90,90,90,90,95,95,95,95,95,95,95,95,95,95,95,95,95,95,95,95,95,95,95,95,95,95,95,95,95,95,95,95,95,95,95,95],"card_choices":[{"not_picked":["Sword Boomerang","Twin Strike"],"picked":"Clothesline","floor":1},{"not_picked":["Perfected Strike","Sever Soul"],"picked":"Feel No Pain","floor":6},{"not_picked":["Entrench","Second Wind"],"picked":"Shrug It Off","floor":7},{"not_picked":["Infernal Blade","Warcry"],"picked":"Body Slam","floor":11},{"not_picked":["Iron Wave","Anger"],"picked":"Corruption","floor":12},{"not_picked":["Ghostly Armor","Pommel Strike"],"picked":"Immolate","floor":13},{"not_picked":["Feel No Pain","Flex"],"picked":"Impervious","floor":14},{"not_picked":["Feed","Bludgeon"],"picked":"Barricade","floor":16},{"not_picked":["Headbutt","Perfected Strike"],"picked":"Heavy Blade","floor":18},{"not_picked":["Sword Boomerang","Iron Wave"],"picked":"Dropkick","floor":21},{"not_picked":["Infernal Blade+1","Heavy Blade"],"picked":"Body Slam","floor":22},{"not_picked":["Pommel Strike+1","Sword Boomerang"],"picked":"True Grit+1","floor":25},{"not_picked":["Searing Blow","Corruption","Twin Strike"],"picked":"SKIP","floor":27},{"not_picked":["Dropkick","Sword Boomerang"],"picked":"True Grit+1","floor":29},{"not_picked":["Berserk","Exhume+1"],"picked":"Juggernaut","floor":33},{"not_picked":["Clash+1","Pommel Strike","Sword Boomerang"],"picked":"SKIP","floor":35},{"not_picked":["Clothesline","Pummel"],"picked":"True Grit+1","floor":38},{"not_picked":["True Grit+1","Clash"],"picked":"Entrench+1","floor":41},{"not_picked":["Shockwave+1","Flex+1"],"picked":"Ghostly Armor+1","floor":42},{"not_picked":["Clothesline+1","Wild Strike"],"picked":"Burning Pact+1","floor":44},{"not_picked":["Heavy Blade+1","Perfected Strike+1"],"picked":"Power Through+1","floor":45},{"not_picked":["Heavy Blade+1","Perfected Strike+1","Havoc+1"],"picked":"SKIP","floor":47},{"not_picked":["Heavy Blade+1","Cleave"],"picked":"Dark Embrace","floor":48}],"player_experience":396352,"relics_obtained":[{"floor":5,"key":"Self Forming Clay"},{"floor":6,"key":"Smiling Mask"},{"floor":9,"key":"Pear"},{"floor":12,"key":"Bottled Tornado"},{"floor":14,"key":"Toxic Egg 2"},{"floor":24,"key":"Oddly Smooth Stone"},{"floor":26,"key":"Ancient Tea Set"},{"floor":42,"key":"FossilizedHelix"},{"floor":43,"key":"Ornamental Fan"},{"floor":44,"key":"Nunchaku"}],"event_choices":[{"damage_healed":0,"gold_gain":67,"player_choice":"Gained Gold","damage_taken":0,"max_hp_gain":0,"max_hp_loss":0,"event_name":"Golden Wing","floor":2,"gold_loss":0},{"damage_healed":0,"gold_gain":0,"player_choice":"Ignored","damage_taken":0,"max_hp_gain":0,"max_hp_loss":0,"event_name":"Shining Light","floor":3,"gold_loss":0},{"damage_healed":0,"gold_gain":0,"cards_transformed":["Strike_R"],"player_choice":"Change","damage_taken":0,"max_hp_gain":0,"max_hp_loss":0,"event_name":"Living Wall","floor":10,"gold_loss":0,"cards_obtained":["Inflame"]},{"damage_healed":0,"gold_gain":0,"player_choice":"Shed Blood","damage_taken":23,"max_hp_gain":5,"max_hp_loss":0,"event_name":"Forgotten Altar","floor":19,"gold_loss":0},{"damage_healed":0,"gold_gain":0,"player_choice":"Obtained Relic","damage_taken":0,"relics_obtained":["Pantograph"],"max_hp_gain":0,"max_hp_loss":0,"event_name":"Addict","floor":20,"gold_loss":85},{"cards_removed":["True Grit"],"damage_healed":0,"gold_gain":0,"player_choice":"Removed Skill","damage_taken":0,"max_hp_gain":0,"max_hp_loss":0,"event_name":"Falling","floor":36,"gold_loss":0},{"damage_healed":0,"gold_gain":0,"player_choice":"Embrace Madness","damage_taken":12,"max_hp_gain":0,"max_hp_loss":0,"event_name":"Winding Halls","floor":37,"gold_loss":0,"cards_obtained":["Madness","Madness"]},{"damage_healed":0,"gold_gain":0,"player_choice":"Fight","damage_taken":0,"max_hp_gain":0,"max_hp_loss":0,"event_name":"MindBloom","floor":44,"gold_loss":0}],"is_beta":false,"boss_relics":[{"not_picked":["Philosopher\u0027s Stone","Snecko Eye"],"picked":"Eternal Feather"},{"not_picked":["Cursed Key","Pandora\u0027s Box"],"picked":"Lizard Tail"}],"items_purged_floors":[4,31,39],"is_endless":false,"potions_floor_spawned":[7,11,14,25,27,35,41,44,45],"ascension_level":2}