{"gold_per_floor":[116,41,41,61,36,55,55,86,113,113,124,139,139,89,89,188,188,170,170,234,284,314,314,328,328,352,352,420,470,470,520,520,520],"floor_reached":33,"playtime":1546,"items_purged":["Strike_R"],"score":279,"play_id":"99331533-ada4-4d8a-8c8f-b1856f9fe25d","local_time":"20190115153608","is_ascension_mode":true,"campfire_choices":[{"data":"Cleave","floor":7,"key":"SMITH"},{"data":"Barricade","floor":10,"key":"SMITH"},{"data":"Anger","floor":15,"key":"SMITH"},{"floor":23,"key":"REST"},{"data":"Impervious","floor":25,"key":"SMITH"},{"data":"Shrug It Off","floor":27,"key":"SMITH"},{"floor":30,"key":"REST"},{"floor":32,"key":"REST"}],"neow_cost":"NONE","seed_source_timestamp":683101769033530,"circlet_count":0,"master_deck":["Strike_R","Strike_R+1","Strike_R+1","Defend_R","Defend_R","Defend_R","Defend_R","Bash","Clothesline","Headbutt","Cleave+1","Wild Strike","Barricade+1","Anger+1","Shrug It Off+1","Impervious+1","Wild Strike+1","Feel No Pain+1","Headbutt","Power Through"],"relics":["Black Blood","PreservedInsect","Whetstone","Ice Cream","SsserpentHead","Art of War","Meat on the Bone"],"potions_floor_usage":[8,8,12,16,18,24,24,28],"damage_taken":[{"damage":8,"enemies":"2 Louse","floor":1,"turns":3},{"damage":7,"enemies":"Cultist","floor":4,"turns":4},{"damage":7,"enemies":"Small Slimes","floor":6,"turns":2},{"damage":30,"enemies":"Lagavulin","floor":8,"turns":4},{"damage":0,"enemies":"3 Louse","floor":11,"turns":1},{"damage":0,"enemies":"Lots of Slimes","floor":12,"turns":2},{"damage":68,"enemies":"Hexaghost","floor":16,"turns":10},{"damage":17,"enemies":"2 Thieves","floor":18,"turns":4},{"damage":3,"enemies":"Chosen","floor":20,"turns":6},{"damage":41,"enemies":"Colosseum Slavers","floor":21,"turns":5},{"damage":12,"enemies":"Snake Plant","floor":24,"turns":5},{"damage":48,"enemies":"3 Cultists","floor":28,"turns":7},{"damage":97,"enemies":"Automaton","floor":33,"turns":10}],"seed_played":"8147611434949116650","potions_obtained":[{"floor":3,"key":"Regen Potion"},{"floor":3,"key":"Poison Potion"},{"floor":3,"key":"AttackPotion"},{"floor":8,"key":"Swift Potion"},{"floor":11,"key":"Block Potion"},{"floor":12,"key":"GamblersBrew"},{"floor":20,"key":"Swift Potion"},{"floor":22,"key":"AttackPotion"}],"is_trial":false,"path_per_floor":["M","$","?","M","$","M","R","E","T","R","M","M","T","?","R","B",null,"M","?","M","?","?","R","M","R","T","R","M","T","R","?","R","B"],"character_chosen":"IRONCLAD","items_purchased":["Cleave"],"campfire_rested":3,"item_purchase_floors":[5],"current_hp_per_floor":[86,86,86,85,85,84,84,68,68,68,74,80,80,80,80,18,88,81,81,88,57,57,83,81,81,81,81,43,43,69,69,88,0],"gold":520,"neow_bonus":"TEN_PERCENT_HP_BONUS","is_prod":false,"is_daily":false,"chose_seed":false,"campfire_upgraded":5,"win_rate":0,"timestamp":1547526968,"path_taken":["M","$","?","M","?","M","R","E","T","R","?","?","?","?","R","BOSS","M","?","?","?","?","R","M","R","T","R","?","?","R","?","R","BOSS"],"build_version":"2019-01-10","purchased_purges":1,"victory":false,"max_hp_per_floor":[88,88,88,88,88,88,88,88,88,88,88,88,88,88,88,88,88,88,88,88,88,88,88,88,88,88,88,88,88,88,88,88,88],"card_choices":[{"not_picked":["Pommel Strike","Entrench"],"picked":"Clothesline","floor":1},{"not_picked":["Sword Boomerang","Iron Wave"],"picked":"Headbutt","floor":4},{"not_picked":["Iron Wave","Evolve"],"picked":"Wild Strike","floor":6},{"not_picked":["Searing Blow","Infernal Blade"],"picked":"Barricade","floor":8},{"not_picked":["Pommel Strike","Wild Strike"],"picked":"Anger","floor":11},{"not_picked":["Feel No Pain","Clothesline"],"picked":"Shrug It Off","floor":12},{"not_picked":["Exhume","Dark Embrace"],"picked":"Impervious","floor":16},{"not_picked":["Evolve","Iron Wave"],"picked":"Wild Strike+1","floor":18},{"not_picked":["Blood for Blood","Sever Soul"],"picked":"Feel No Pain+1","floor":20},{"not_picked":["Thunderclap","Perfected Strike"],"picked":"Headbutt","floor":24},{"not_picked":["Rampage","Cleave"],"picked":"Power Through","floor":28}],"player_experience":444310,"relics_obtained":[{"floor":8,"key":"PreservedInsect"},{"floor":9,"key":"Whetstone"},{"floor":13,"key":"Ice Cream"},{"floor":26,"key":"Art of War"},{"floor":29,"key":"Meat on the Bone"}],"event_choices":[{"damage_healed":0,"gold_gain":0,"player_choice":"Got Potions","damage_taken":0,"max_hp_gain":0,"max_hp_loss":0,"event_name":"Lab","floor":3,"gold_loss":0},{"cards_removed":["Strike_R"],"damage_healed":0,"gold_gain":0,"player_choice":"Card Removal","damage_taken":0,"max_hp_gain":0,"max_hp_loss":0,"event_name":"The Cleric","floor":14,"gold_loss":50},{"damage_healed":0,"gold_gain":0,"player_choice":"Trade","damage_taken":0,"relics_obtained":["SsserpentHead"],"max_hp_gain":0,"max_hp_loss":0,"event_name":"FaceTrader","floor":19,"gold_loss":0},{"damage_healed":0,"gold_gain":0,"player_choice":"Fight","damage_taken":0,"max_hp_gain":0,"max_hp_loss":0,"event_name":"Colosseum","floor":21,"gold_loss":0},{"damage_healed":0,"gold_gain":0,"player_choice":"Fled From Nobs","damage_taken":0,"max_hp_gain":0,"max_hp_loss":0,"event_name":"Colosseum","floor":21,"gold_loss":0},{"damage_healed":0,"gold_gain":0,"player_choice":"Bought 1 Potion","damage_taken":0,"max_hp_gain":0,"max_hp_loss":0,"event_name":"The Woman in Blue","floor":22,"gold_loss":0},{"damage_healed":0,"gold_gain":0,"player_choice":"Ignored","damage_taken":0,"max_hp_gain":0,"max_hp_loss":0,"event_name":"Vampires","floor":31,"gold_loss":0}],"is_beta":false,"boss_relics":[{"not_picked":["Sozu","Empty Cage"],"picked":"Black Blood"}],"items_purged_floors":[2],"is_endless":false,"potions_floor_spawned":[8,11,12,20],"killed_by":"Automaton","ascension_level":3}