{"gold_per_floor":[109,72,90,90,90,90,124,124,124,149,207,220,220,238,238,238],"floor_reached":16,"playtime":462,"items_purged":[],"score":291,"play_id":"484e7129-c7cc-45a8-9f3a-39abad21b9a0","local_time":"20190703111330","is_ascension_mode":true,"campfire_choices":[{"data":"Dualcast","floor":6.0,"key":"SMITH"},{"data":"Coolheaded","floor":8.0,"key":"SMITH"},{"data":"Loop","floor":15,"key":"SMITH"}],"neow_cost":"NONE","seed_source_timestamp":153603094785449,"circlet_count":0,"master_deck":["AscendersBane","Strike_B","Strike_B","Strike_B","Strike_B","Defend_B","Defend_B","Defend_B","Defend_B","Zap","Dualcast+1","Coolheaded+1","Undo","Streamline+1","Turbo","Reboot","Loop+1"],"special_seed":0,"relics":["Cracked Core","NeowsBlessing","Juzu Bracelet","Mango","Bronze Scales","Pear","Gambling Chip"],"potions_floor_usage":[14],"damage_taken":[{"damage":0.0,"enemies":"2 Louse","floor":1.0,"turns":1.0},{"damage":0.0,"enemies":"Cultist","floor":3.0,"turns":1.0},{"damage":0.0,"enemies":"Lagavulin","floor":7.0,"turns":1.0},{"damage":7.0,"enemies":"3 Sentries","floor":10.0,"turns":6.0},{"damage":25.0,"enemies":"3 Sentries","floor":11.0,"turns":5.0},{"damage":2.0,"enemies":"Jaw Worm","floor":12.0,"turns":3.0},{"damage":7,"enemies":"Exordium Wildlife","floor":14,"turns":3},{"damage":45,"enemies":"Slime Boss","floor":16,"turns":8}],"seed_played":"8661058337001500508","potions_obtained":[{"floor":1.0,"key":"FocusPotion"},{"floor":12.0,"key":"Poison Potion"}],"is_trial":false,"path_per_floor":["M","$","M","?","?","R","E","R","T","E","?","M","T","M","R","B"],"character_chosen":"DEFECT","items_purchased":["Undo"],"campfire_rested":0,"item_purchase_floors":[2],"current_hp_per_floor":[64,64,64,64,64,64,64,64,78,71,56,54,54,47,47,2],"gold":238,"neow_bonus":"THREE_ENEMY_KILL","is_prod":false,"is_daily":false,"chose_seed":false,"campfire_upgraded":3,"win_rate":0,"timestamp":1562123610,"path_taken":["M","$","M","?","?","R","E","R","T","E","?","M","?","M","R","BOSS"],"build_version":"2019-07-01","purchased_purges":0,"victory":false,"max_hp_per_floor":[71,71,71,71,71,71,71,71,85,85,95,95,95,95,95,95],"card_choices":[{"not_picked":["Scrape","Lockon"],"picked":"Coolheaded","floor":1.0},{"not_picked":["Beam Cell","Storm"],"picked":"Streamline","floor":3.0},{"not_picked":["Conserve Battery","Lockon"],"picked":"Turbo","floor":7.0},{"not_picked":["Cold Snap","Barrage","Conserve Battery"],"picked":"SKIP","floor":10.0},{"not_picked":["Coolheaded","Steam"],"picked":"Reboot","floor":11.0},{"not_picked":["Ball Lightning","Redo"],"picked":"Loop","floor":12.0},{"not_picked":["Stack","Go for the Eyes","Redo"],"picked":"SKIP","floor":14}],"player_experience":1049836,"relics_obtained":[{"floor":7.0,"key":"Juzu Bracelet"},{"floor":9.0,"key":"Mango"},{"floor":10.0,"key":"Bronze Scales"},{"floor":11.0,"key":"Pear"},{"floor":13.0,"key":"Gambling Chip"}],"event_choices":[{"damage_healed":0.0,"max_hp_gain":0.0,"max_hp_loss":0.0,"gold_gain":0.0,"event_name":"Liars Game","player_choice":"Ignored","floor":4.0,"gold_loss":0.0,"damage_taken":0.0},{"damage_healed":0.0,"max_hp_gain":0.0,"max_hp_loss":0.0,"gold_gain":0.0,"event_name":"Upgrade Shrine","player_choice":"Upgraded","floor":5.0,"gold_loss":0.0,"damage_taken":0.0,"cards_upgraded":["Streamline"]},{"damage_healed":0.0,"max_hp_gain":0.0,"max_hp_loss":0.0,"gold_gain":0.0,"event_name":"Dead Adventurer","player_choice":"Searched \u00272\u0027 times","floor":11.0,"gold_loss":0.0,"damage_taken":0.0}],"is_beta":false,"boss_relics":[],"items_purged_floors":[],"is_endless":false,"potions_floor_spawned":[1,12],"killed_by":"Slime Boss","ascension_level":20}