{"gold_per_floor":[116,116,41,41,51,51,63,83,107,107,107,121,150,93,93,168,168,182,97,97,35,35],"floor_reached":22,"playtime":844,"items_purged":[],"score":346,"play_id":"271ea587-1616-44ad-9b0b-87d22965232a","local_time":"20190313134313","is_ascension_mode":true,"campfire_choices":[{"data":"Whirlwind","floor":6,"key":"SMITH"},{"floor":15,"key":"REST"}],"neow_cost":"NONE","seed_source_timestamp":302288125963027,"circlet_count":0,"master_deck":["AscendersBane","Strike_R","Defend_R","Defend_R","Defend_R","Defend_R","Bash","Inflame","Whirlwind+1","Cleave","Cleave","Body Slam","Iron Wave","Anger","Shrug It Off","Limit Break","Thunderclap+1","Rampage"],"relics":["Burning Blood","NeowsBlessing","Dream Catcher","Orichalcum","Blood Vial","Black Star","The Courier"],"potions_floor_usage":[8,13,22],"damage_taken":[{"damage":0,"enemies":"Jaw Worm","floor":1,"turns":1},{"damage":0,"enemies":"2 Louse","floor":5,"turns":1},{"damage":0,"enemies":"Small Slimes","floor":7,"turns":1},{"damage":6,"enemies":"Exordium Thugs","floor":8,"turns":3},{"damage":12,"enemies":"2 Fungi Beasts","floor":12,"turns":3},{"damage":15,"enemies":"3 Sentries","floor":13,"turns":3},{"damage":68,"enemies":"Slime Boss","floor":16,"turns":10},{"damage":40,"enemies":"Chosen","floor":18,"turns":6},{"damage":35,"enemies":"Shell Parasite","floor":22,"turns":6}],"seed_played":"-1638569927275274714","potions_obtained":[{"floor":7,"key":"Strength Potion"},{"floor":8,"key":"PowerPotion"},{"floor":12,"key":"Weak Potion"}],"is_trial":false,"path_per_floor":["M","?","?","?","M","R","M","M","T","?","$","M","E","$","R","B",null,"M","?","?","$","M"],"character_chosen":"IRONCLAD","items_purchased":["Anger","Rampage"],"campfire_rested":1,"item_purchase_floors":[14,21],"current_hp_per_floor":[74,74,74,69,75,75,75,75,75,75,75,69,60,60,75,13,60,28,28,28,28,0],"gold":35,"neow_bonus":"THREE_ENEMY_KILL","is_prod":false,"is_daily":false,"chose_seed":false,"campfire_upgraded":1,"win_rate":0,"timestamp":1552444993,"path_taken":["M","?","?","?","M","R","M","M","T","?","$","?","E","$","R","BOSS","M","?","?","$","M"],"build_version":"2019-01-23","purchased_purges":0,"victory":false,"max_hp_per_floor":[75,75,75,75,75,75,75,75,75,75,75,75,75,75,75,75,75,75,75,75,75,75],"card_choices":[{"not_picked":["Anger","Dual Wield"],"picked":"Inflame","floor":1},{"not_picked":["Dual Wield","Combust"],"picked":"Cleave","floor":5},{"not_picked":["Wild Strike","Havoc"],"picked":"Cleave","floor":7},{"not_picked":["Perfected Strike","Clash"],"picked":"Body Slam","floor":8},{"not_picked":["Power Through","Pommel Strike"],"picked":"Iron Wave","floor":12},{"not_picked":["Wild Strike","Perfected Strike","Combust"],"picked":"SKIP","floor":13},{"not_picked":["Battle Trance","Heavy Blade"],"picked":"Shrug It Off","floor":15},{"not_picked":["Immolate","Reaper"],"picked":"Limit Break","floor":16},{"not_picked":["Sword Boomerang","Wild Strike"],"picked":"Thunderclap+1","floor":18}],"player_experience":841473,"relics_obtained":[{"floor":9,"key":"Orichalcum"},{"floor":13,"key":"Blood Vial"}],"event_choices":[{"damage_healed":0,"gold_gain":0,"cards_transformed":["Strike_R"],"player_choice":"Change","damage_taken":0,"max_hp_gain":0,"max_hp_loss":0,"event_name":"Living Wall","floor":2,"gold_loss":0,"cards_obtained":["Whirlwind"]},{"cards_removed":["Strike_R"],"damage_healed":0,"gold_gain":0,"player_choice":"Card Removal","damage_taken":0,"max_hp_gain":0,"max_hp_loss":0,"event_name":"The Cleric","floor":3,"gold_loss":75},{"damage_healed":0,"gold_gain":0,"player_choice":"Success","damage_taken":5,"relics_obtained":["Dream Catcher"],"max_hp_gain":0,"max_hp_loss":0,"event_name":"Scrap Ooze","floor":4,"gold_loss":0},{"cards_removed":["Strike_R"],"damage_healed":0,"gold_gain":0,"player_choice":"Purged","damage_taken":0,"max_hp_gain":0,"max_hp_loss":0,"event_name":"Purifier","floor":10,"gold_loss":0},{"damage_healed":0,"gold_gain":0,"player_choice":"Obtained Relic","damage_taken":0,"relics_obtained":["The Courier"],"max_hp_gain":0,"max_hp_loss":0,"event_name":"Addict","floor":19,"gold_loss":85},{"cards_removed":["Strike_R"],"damage_healed":0,"gold_gain":0,"player_choice":"Card Removal","damage_taken":0,"max_hp_gain":0,"max_hp_loss":0,"event_name":"Wheel of Change","floor":20,"gold_loss":0}],"is_beta":false,"boss_relics":[{"not_picked":["Velvet Choker","Eternal Feather"],"picked":"Black Star"}],"items_purged_floors":[],"is_endless":false,"potions_floor_spawned":[7,8,12],"killed_by":"Shell Parasite","ascension_level":18}