{"gold_per_floor":[117,131,31,31,31,61,73,73,100,135,135,146,166,182,182,182],"floor_reached":16,"playtime":395,"items_purged":[],"score":324,"play_id":"596f2d1d-cbcf-4be7-8dcc-a88f282d0342","local_time":"20190709165746","is_ascension_mode":true,"campfire_choices":[{"data":"Masterful Stab","floor":8.0,"key":"SMITH"},{"data":"Die Die Die","floor":15,"key":"SMITH"}],"neow_cost":"NONE","seed_source_timestamp":89794667202748,"circlet_count":0,"master_deck":["AscendersBane","Strike_G","Strike_G","Strike_G","Defend_G","Defend_G","Defend_G","Defend_G","Defend_G","Survivor","Neutralize","Tactician+1","Terror","Acrobatics","Footwork","Masterful Stab+1","Underhanded Strike","Die Die Die+1"],"special_seed":0,"relics":["Ring of the Snake","NeowsBlessing","Art of War","Snake Skull","Bottled Lightning"],"potions_floor_usage":[16],"damage_taken":[{"damage":0.0,"enemies":"2 Louse","floor":1.0,"turns":1.0},{"damage":0.0,"enemies":"Cultist","floor":2.0,"turns":1.0},{"damage":0.0,"enemies":"3 Sentries","floor":6.0,"turns":1.0},{"damage":0.0,"enemies":"Small Slimes","floor":7.0,"turns":4.0},{"damage":0.0,"enemies":"Gremlin Nob","floor":10.0,"turns":3.0},{"damage":2.0,"enemies":"2 Fungi Beasts","floor":12.0,"turns":4.0},{"damage":0.0,"enemies":"Exordium Wildlife","floor":13.0,"turns":5.0},{"damage":12,"enemies":"Exordium Thugs","floor":14,"turns":7},{"damage":0,"enemies":"Slime Boss","floor":16,"turns":4}],"seed_played":"4311289867604355888","potions_obtained":[{"floor":6.0,"key":"GamblersBrew"},{"floor":7.0,"key":"Ancient Potion"},{"floor":13.0,"key":"SteroidPotion"},{"floor":14,"key":"Energy Potion"}],"is_trial":false,"path_per_floor":["M","M","$","?","?","E","M","R","T","E","?","M","M","M","R","B"],"character_chosen":"THE_SILENT","items_purchased":["Acrobatics","Footwork"],"campfire_rested":0,"item_purchase_floors":[3,3],"current_hp_per_floor":[59,59,59,52,52,52,52,52,52,52,52,50,50,38,38,38],"gold":182,"neow_bonus":"THREE_ENEMY_KILL","is_prod":false,"is_daily":false,"chose_seed":false,"campfire_upgraded":2,"win_rate":0,"timestamp":1562662666,"path_taken":["M","M","$","?","?","E","?","R","T","E","?","M","M","M","R","BOSS"],"build_version":"2019-07-05","purchased_purges":0,"victory":false,"max_hp_per_floor":[66,66,66,66,66,66,66,66,66,66,66,66,66,66,66,66],"card_choices":[{"not_picked":["Dodge and Roll","Acrobatics"],"picked":"Tactician","floor":1.0},{"not_picked":["Underhanded Strike","Endless Agony"],"picked":"Terror","floor":2.0},{"not_picked":["Bouncing Flask","Sucker Punch","Caltrops"],"picked":"SKIP","floor":6.0},{"not_picked":["Choke","Bane","Dodge and Roll"],"picked":"SKIP","floor":7.0},{"not_picked":["Leg Sweep","Masterful Stab"],"picked":"Underhanded Strike","floor":10.0},{"not_picked":["PiercingWail","Bane","Finisher"],"picked":"SKIP","floor":12.0},{"not_picked":["Poisoned Stab","Quick Slash"],"picked":"Die Die Die","floor":13.0},{"not_picked":["Poisoned Stab","Outmaneuver","Flying Knee"],"picked":"SKIP","floor":14}],"player_experience":1079218,"relics_obtained":[{"floor":6.0,"key":"Art of War"},{"floor":9.0,"key":"Snake Skull"},{"floor":10.0,"key":"Bottled Lightning"}],"event_choices":[{"cards_removed":["Strike_G"],"damage_healed":0.0,"max_hp_gain":0.0,"max_hp_loss":0.0,"gold_gain":0.0,"event_name":"Golden Wing","player_choice":"Card Removal","floor":4.0,"gold_loss":0.0,"damage_taken":7.0},{"damage_healed":0.0,"max_hp_gain":0.0,"max_hp_loss":0.0,"gold_gain":0.0,"cards_transformed":["Strike_G"],"event_name":"Transmorgrifier","player_choice":"Transformed","floor":5.0,"gold_loss":0.0,"damage_taken":0.0,"cards_obtained":["Masterful Stab"]},{"damage_healed":0.0,"max_hp_gain":0.0,"max_hp_loss":0.0,"gold_gain":0.0,"event_name":"Accursed Blacksmith","player_choice":"Forge","floor":11.0,"gold_loss":0.0,"damage_taken":0.0,"cards_upgraded":["Tactician"]}],"is_beta":false,"boss_relics":[],"items_purged_floors":[],"is_endless":false,"potions_floor_spawned":[6,7,13,14],"killed_by":"Slime Boss","ascension_level":20}