{"gold_per_floor":[109,124,199,199,118,146,156,211,237,237,39,55,72,72],"floor_reached":14,"playtime":2055,"items_purged":[],"score":219,"play_id":"869899d6-e1dc-42e2-aa70-d5cb9fcad7d5","local_time":"20190305211900","is_ascension_mode":true,"campfire_choices":[{"floor":10,"key":"REST"}],"neow_cost":"NONE","seed_source_timestamp":5402884959131,"circlet_count":0,"master_deck":["AscendersBane","Strike_R","Strike_R","Strike_R","Strike_R","Defend_R","Defend_R","Defend_R","Defend_R","Bash","Anger","Body Slam","Juggernaut","Impervious","Warcry","Cleave","Apotheosis","Burning Pact","Shrug It Off"],"relics":["Burning Blood","NeowsBlessing","Omamori","Dream Catcher","Potion Belt"],"potions_floor_usage":[12],"damage_taken":[{"damage":0,"enemies":"Cultist","floor":1,"turns":1},{"damage":0,"enemies":"2 Louse","floor":2,"turns":1},{"damage":0,"enemies":"3 Sentries","floor":6,"turns":2},{"damage":9,"enemies":"Jaw Worm","floor":7,"turns":4},{"damage":65,"enemies":"3 Sentries","floor":8,"turns":11},{"damage":4,"enemies":"2 Fungi Beasts","floor":12,"turns":4},{"damage":8,"enemies":"Blue Slaver","floor":13,"turns":4},{"damage":40,"enemies":"Gremlin Nob","floor":14,"turns":4}],"seed_played":"-3218140217763646374","potions_obtained":[{"floor":2,"key":"Dexterity Potion"},{"floor":8,"key":"Block Potion"},{"floor":13,"key":"SpeedPotion"}],"is_trial":false,"path_per_floor":["M","M","?","?","$","E","M","?","T","R","$","M","M","E"],"character_chosen":"IRONCLAD","items_purchased":["Impervious","Apotheosis"],"campfire_rested":1,"item_purchase_floors":[5,11],"current_hp_per_floor":[74,75,64,64,64,70,67,8,8,30,30,32,30,0],"gold":72,"neow_bonus":"THREE_ENEMY_KILL","is_prod":false,"is_daily":false,"chose_seed":false,"campfire_upgraded":0,"win_rate":0,"timestamp":1551781140,"path_taken":["M","?","?","?","$","E","M","?","T","R","?","M","M","E"],"build_version":"2019-01-23","purchased_purges":0,"victory":false,"max_hp_per_floor":[75,75,75,75,75,75,75,75,75,75,75,75,75,75],"card_choices":[{"not_picked":["Flex","Warcry"],"picked":"Anger","floor":1},{"not_picked":["Burning Pact","Shrug It Off"],"picked":"Body Slam","floor":2},{"not_picked":["Dual Wield","Thunderclap","Spot Weakness"],"picked":"SKIP","floor":6},{"not_picked":["Carnage","Reckless Charge"],"picked":"Warcry","floor":7},{"not_picked":["Dual Wield","Warcry"],"picked":"Cleave","floor":8},{"not_picked":["Whirlwind","Bludgeon"],"picked":"Burning Pact","floor":12},{"not_picked":["Warcry","Pummel"],"picked":"Shrug It Off","floor":13}],"player_experience":800345,"relics_obtained":[{"floor":6,"key":"Omamori"},{"floor":8,"key":"Dream Catcher"},{"floor":9,"key":"Potion Belt"}],"event_choices":[{"damage_healed":0,"gold_gain":75,"player_choice":"Gather Gold","damage_taken":11,"max_hp_gain":0,"max_hp_loss":0,"event_name":"World of Goop","floor":3,"gold_loss":0},{"damage_healed":0,"gold_gain":0,"cards_transformed":["Strike_R"],"player_choice":"Change","damage_taken":0,"max_hp_gain":0,"max_hp_loss":0,"event_name":"Living Wall","floor":4,"gold_loss":0,"cards_obtained":["Juggernaut"]},{"damage_healed":0,"gold_gain":0,"player_choice":"Searched \u00271\u0027 times","damage_taken":0,"max_hp_gain":0,"max_hp_loss":0,"event_name":"Dead Adventurer","floor":8,"gold_loss":0}],"is_beta":false,"boss_relics":[],"items_purged_floors":[],"is_endless":false,"potions_floor_spawned":[2,8,13],"killed_by":"Gremlin Nob","ascension_level":18}