{"gold_per_floor":[114,114,133,144,29,63,63,41,41,71,71,71,71,87,87,185,185,200,211,223,223,223],"floor_reached":22,"playtime":2545,"items_purged":["Injury"],"score":233,"play_id":"3a9e8159-7f09-45ef-a748-e1341cd80401","local_time":"20190628144521","is_ascension_mode":true,"campfire_choices":[{"data":"Bash","floor":7,"key":"SMITH"},{"floor":13,"key":"REST"},{"data":"Rampage","floor":15,"key":"SMITH"}],"neow_cost":"CURSE","seed_source_timestamp":1101994425825800,"circlet_count":0,"master_deck":["Strike_R","Strike_R","Strike_R","Strike_R","Defend_R","Defend_R","Defend_R","Bash+1","Whirlwind","Limit Break","Rampage+1","Reckless Charge","Bloodletting","Fire Breathing","Juggernaut","Shrug It Off+1","Double Tap"],"relics":["Burning Blood","Mango","Mercury Hourglass","Bag of Marbles","Cursed Key"],"potions_floor_usage":[6,16,16,16,20],"damage_taken":[{"damage":1,"enemies":"2 Louse","floor":1,"turns":3},{"damage":6,"enemies":"Cultist","floor":3,"turns":4},{"damage":15,"enemies":"Small Slimes","floor":4,"turns":3},{"damage":32,"enemies":"Gremlin Nob","floor":6,"turns":4},{"damage":34,"enemies":"3 Sentries","floor":10,"turns":5},{"damage":16,"enemies":"3 Louse","floor":14,"turns":3},{"damage":35,"enemies":"Hexaghost","floor":16,"turns":6},{"damage":28,"enemies":"2 Thieves","floor":18,"turns":3},{"damage":26,"enemies":"Shell Parasite","floor":19,"turns":4},{"damage":43,"enemies":"Snake Plant","floor":20,"turns":4},{"damage":24,"enemies":"Cultist and Chosen","floor":22,"turns":3}],"seed_played":"-1811366083589307548","potions_obtained":[{"floor":1,"key":"AttackPotion"},{"floor":4,"key":"LiquidBronze"},{"floor":10,"key":"Poison Potion"},{"floor":14,"key":"PowerPotion"},{"floor":18,"key":"Strength Potion"}],"is_trial":false,"path_per_floor":["M","?","M","M","$","E","R","$","T","E","?","$","R","M","R","B",null,"M","M","M","$","M"],"character_chosen":"IRONCLAD","items_purchased":["Fire Breathing","Shrug It Off"],"campfire_rested":1,"item_purchase_floors":[5,8],"current_hp_per_floor":[80,80,80,71,71,59,59,59,59,31,31,31,59,49,49,20,94,72,52,15,15,0],"gold":223,"neow_bonus":"TRANSFORM_TWO_CARDS","is_prod":false,"is_daily":false,"chose_seed":false,"campfire_upgraded":2,"win_rate":0,"timestamp":1561758321,"path_taken":["M","?","?","M","$","E","R","$","T","E","?","$","R","M","R","BOSS","M","?","M","$","M"],"build_version":"2019-01-23","purchased_purges":1,"victory":false,"max_hp_per_floor":[80,80,80,80,80,94,94,94,94,94,94,94,94,94,94,94,94,94,94,94,94,94],"card_choices":[{"not_picked":["Sword Boomerang","Clash"],"picked":"Rampage","floor":1},{"not_picked":["Blood for Blood","Havoc"],"picked":"Reckless Charge","floor":3},{"not_picked":["Flex","Havoc"],"picked":"Bloodletting","floor":4},{"not_picked":["Carnage","Corruption"],"picked":"Juggernaut","floor":6},{"not_picked":["Warcry","Shrug It Off","Armaments"],"picked":"SKIP","floor":10},{"not_picked":["True Grit","Clash","Warcry"],"picked":"SKIP","floor":14},{"not_picked":["Berserk","Immolate"],"picked":"Double Tap","floor":16},{"not_picked":["Headbutt+1","Anger","Twin Strike"],"picked":"SKIP","floor":18},{"not_picked":["Clash","Anger","Disarm+1"],"picked":"SKIP","floor":19},{"not_picked":["Disarm","Thunderclap","Sever Soul+1"],"picked":"SKIP","floor":20}],"player_experience":589546,"relics_obtained":[{"floor":6,"key":"Mango"},{"floor":9,"key":"Mercury Hourglass"},{"floor":10,"key":"Bag of Marbles"}],"event_choices":[{"damage_healed":0,"gold_gain":0,"player_choice":"Bought 0 Potions","damage_taken":0,"max_hp_gain":0,"max_hp_loss":0,"event_name":"The Woman in Blue","floor":2,"gold_loss":0},{"damage_healed":0,"gold_gain":0,"player_choice":"Upgraded","damage_taken":0,"max_hp_gain":0,"max_hp_loss":0,"event_name":"Upgrade Shrine","floor":11,"gold_loss":0,"cards_upgraded":["Shrug It Off"]}],"is_beta":false,"boss_relics":[{"not_picked":["Snecko Eye","Calling Bell"],"picked":"Cursed Key"}],"items_purged_floors":[5],"is_endless":false,"potions_floor_spawned":[1,4,10,14,18],"killed_by":"Cultist and Chosen","ascension_level":4}