{"gold_per_floor":[20,32,51,66,241,241,257,257,333,333,396,422,422,472,472,592,592,612,662,325,320,370,403,403,436,436,457,457,457],"floor_reached":29,"playtime":2007,"items_purged":["Strike_R"],"score":381,"play_id":"3ecd8787-f687-4fb8-93f5-eb893644c84f","local_time":"20190617194143","is_ascension_mode":true,"campfire_choices":[{"data":"Armaments","floor":6.0,"key":"SMITH"},{"data":"True Grit","floor":8.0,"key":"SMITH"},{"data":"Havoc","floor":13.0,"key":"SMITH"},{"floor":15.0,"key":"REST"},{"data":"1","floor":24.0,"key":"LIFT"},{"data":"2","floor":28,"key":"LIFT"}],"neow_cost":"NO_GOLD","seed_source_timestamp":0,"circlet_count":0,"master_deck":["Strike_R","Strike_R+1","Strike_R","Defend_R","Defend_R","Defend_R","Bash","Metallicize","Twin Strike+1","Armaments+1","True Grit+1","Doubt","Ghostly Armor","Havoc+1","Spot Weakness","Dark Embrace","Wild Strike","Feel No Pain","Battle Trance","Evolve","Rage+1","Power Through+1","Pain","Headbutt"],"special_seed":0,"relics":["Burning Blood","Mummified Hand","SsserpentHead","Girya","Golden Idol","Cursed Key","PreservedInsect","Art of War","Whetstone","Ice Cream","Dead Branch"],"potions_floor_usage":[29],"damage_taken":[{"damage":13.0,"enemies":"Jaw Worm","floor":1.0,"turns":4.0},{"damage":0.0,"enemies":"2 Louse","floor":2.0,"turns":3.0},{"damage":3.0,"enemies":"Cultist","floor":3.0,"turns":4.0},{"damage":11.0,"enemies":"3 Louse","floor":4.0,"turns":5.0},{"damage":10.0,"enemies":"2 Fungi Beasts","floor":7.0,"turns":5.0},{"damage":0.0,"enemies":"Looter","floor":11.0,"turns":5.0},{"damage":20.0,"enemies":"3 Sentries","floor":12.0,"turns":17.0},{"damage":58.0,"enemies":"Hexaghost","floor":16.0,"turns":12.0},{"damage":6.0,"enemies":"3 Byrds","floor":18.0,"turns":6.0},{"damage":17.0,"enemies":"2 Thieves","floor":21.0,"turns":4.0},{"damage":6.0,"enemies":"Book of Stabbing","floor":23.0,"turns":4.0},{"damage":28.0,"enemies":"Slavers","floor":25.0,"turns":6.0},{"damage":5,"enemies":"Sentry and Sphere","floor":27,"turns":5},{"damage":40,"enemies":"Gremlin Leader","floor":29,"turns":5}],"seed_played":"5873454438929501349","potions_obtained":[{"floor":1.0,"key":"Swift Potion"},{"floor":3.0,"key":"EssenceOfSteel"},{"floor":16.0,"key":"AttackPotion"},{"floor":21.0,"key":"AttackPotion"},{"floor":25.0,"key":"GamblersBrew"}],"is_trial":false,"path_per_floor":["M","M","M","M","?","R","M","R","T","?","M","E","R","?","R","B",null,"M","?","$","M","?","E","R","E","T","M","R","E"],"character_chosen":"IRONCLAD","items_purchased":["Feel No Pain","PreservedInsect","Battle Trance"],"campfire_rested":1,"item_purchase_floors":[20,20,20],"current_hp_per_floor":[65,71,74,69,69,69,65,65,65,65,71,57,57,37,61,9,62,62,62,62,51,51,51,51,29,29,30,30,0],"gold":457,"neow_bonus":"REMOVE_TWO","is_prod":false,"is_daily":false,"chose_seed":false,"campfire_upgraded":3,"win_rate":0,"timestamp":1560814903,"path_taken":["M","M","M","M","?","R","M","R","T","?","?","E","R","?","R","BOSS","M","?","$","M","?","E","R","E","T","M","R","E"],"build_version":"2019-01-23","purchased_purges":1,"victory":false,"max_hp_per_floor":[80,80,80,80,80,80,80,80,80,80,80,80,80,80,80,80,80,80,80,80,80,80,80,80,80,80,80,80,80],"card_choices":[{"not_picked":["Sever Soul","Dual Wield"],"picked":"Metallicize","floor":1.0},{"not_picked":["Entrench","Iron Wave"],"picked":"Twin Strike","floor":2.0},{"not_picked":["Clash","Heavy Blade"],"picked":"Armaments","floor":3.0},{"not_picked":["Entrench","Twin Strike"],"picked":"True Grit","floor":4.0},{"not_picked":["Twin Strike","Clash"],"picked":"Ghostly Armor","floor":7.0},{"not_picked":["Anger","Clash"],"picked":"Havoc","floor":11.0},{"not_picked":["Combust","Warcry"],"picked":"Spot Weakness","floor":12.0},{"not_picked":["Double Tap","Impervious"],"picked":"Dark Embrace","floor":16.0},{"not_picked":["Rage","Warcry"],"picked":"Wild Strike","floor":18.0},{"not_picked":["Wild Strike","Rupture"],"picked":"Evolve","floor":21.0},{"not_picked":["Perfected Strike+1","Burning Pact"],"picked":"Rage+1","floor":23.0},{"not_picked":["Blood for Blood+1","Rampage"],"picked":"Power Through+1","floor":25.0},{"not_picked":["Sword Boomerang+1","Clothesline"],"picked":"Headbutt","floor":27}],"player_experience":271616,"relics_obtained":[{"floor":9.0,"key":"Mummified Hand"},{"floor":12.0,"key":"Girya"},{"floor":23.0,"key":"Whetstone"},{"floor":25.0,"key":"Ice Cream"},{"floor":26,"key":"Dead Branch"}],"event_choices":[{"damage_healed":0.0,"max_hp_gain":0.0,"max_hp_loss":0.0,"gold_gain":175.0,"event_name":"Liars Game","player_choice":"AGREE","floor":5.0,"gold_loss":0.0,"damage_taken":0.0,"cards_obtained":["Doubt"]},{"damage_healed":0.0,"max_hp_gain":0.0,"max_hp_loss":0.0,"gold_gain":0.0,"event_name":"FaceTrader","player_choice":"Trade","floor":10.0,"gold_loss":0.0,"damage_taken":0.0,"relics_obtained":["SsserpentHead"]},{"damage_healed":0.0,"max_hp_gain":0.0,"max_hp_loss":0.0,"gold_gain":0.0,"event_name":"Golden Idol","player_choice":"Take Damage","floor":14.0,"gold_loss":0.0,"damage_taken":20.0,"relics_obtained":["Golden Idol"]},{"damage_healed":0.0,"max_hp_gain":0.0,"max_hp_loss":0.0,"gold_gain":0.0,"event_name":"Ghosts","player_choice":"Ignored","floor":19.0,"gold_loss":0.0,"damage_taken":0.0},{"damage_healed":0.0,"max_hp_gain":0.0,"max_hp_loss":0.0,"gold_gain":0.0,"event_name":"The Mausoleum","player_choice":"Opened","floor":22.0,"gold_loss":0.0,"damage_taken":0.0,"relics_obtained":["Art of War"]}],"is_beta":false,"boss_relics":[{"not_picked":["Tiny House","Coffee Dripper"],"picked":"Cursed Key"}],"items_purged_floors":[20],"is_endless":false,"potions_floor_spawned":[1,3,16,21,25],"killed_by":"Gremlin Leader","ascension_level":9}