{"gold_per_floor":[211,231,241,166,179,179,179,179,179,207,226,238,36,48,48,48],"floor_reached":16,"playtime":581,"items_purged":["Strike_R"],"score":104,"play_id":"ec9d68c6-5dd1-4443-87fb-22a93b9c68bd","local_time":"20181212234841","is_ascension_mode":false,"campfire_choices":[{"floor":6,"key":"RECALL"},{"data":"Whirlwind","floor":8,"key":"SMITH"},{"floor":15,"key":"REST"}],"neow_cost":"NONE","seed_source_timestamp":1634992992306812,"circlet_count":0,"master_deck":["Strike_R","Strike_R","Strike_R","Strike_R","Defend_R","Defend_R","Defend_R","Defend_R","Bash","Whirlwind+1","Headbutt","Clumsy","Fire Breathing","Dual Wield","Seeing Red","Double Tap","Warcry"],"relics":["Burning Blood","Du-Vu Doll"],"potions_floor_usage":[11,12,16],"damage_taken":[{"damage":5,"enemies":"2 Louse","floor":1,"turns":3},{"damage":1,"enemies":"Cultist","floor":2,"turns":3},{"damage":12,"enemies":"Small Slimes","floor":3,"turns":3},{"damage":6,"enemies":"2 Fungi Beasts","floor":5,"turns":2},{"damage":62,"enemies":"Lagavulin","floor":10,"turns":7},{"damage":0,"enemies":"Blue Slaver","floor":11,"turns":2},{"damage":10,"enemies":"Red Slaver","floor":12,"turns":3},{"damage":0,"enemies":"Lots of Slimes","floor":14,"turns":1},{"damage":50,"enemies":"Slime Boss","floor":16,"turns":8}],"seed_played":"-7217479431816508627","potions_obtained":[{"floor":1,"key":"LiquidBronze"},{"floor":3,"key":"SkillPotion"},{"floor":10,"key":"AttackPotion"},{"floor":11,"key":"Weak Potion"}],"is_trial":false,"path_per_floor":["M","M","M","$","M","R","?","R","T","E","M","M","$","M","R","B"],"character_chosen":"IRONCLAD","items_purchased":["Double Tap","Energy Potion"],"campfire_rested":1,"item_purchase_floors":[13,13],"current_hp_per_floor":[80,80,74,74,74,74,74,74,74,18,24,20,20,26,50,0],"gold":48,"neow_bonus":"HUNDRED_GOLD","is_prod":false,"is_daily":false,"chose_seed":false,"campfire_upgraded":1,"win_rate":0,"timestamp":1544618921,"path_taken":["M","M","M","$","M","R","?","R","T","E","M","M","$","M","R","BOSS"],"build_version":"2018-12-06","purchased_purges":1,"victory":false,"max_hp_per_floor":[80,80,80,80,80,80,80,80,80,80,80,80,80,80,80,80],"card_choices":[{"not_picked":["Searing Blow","Clash"],"picked":"Whirlwind","floor":1},{"not_picked":["Clash","Armaments"],"picked":"Headbutt","floor":2},{"not_picked":["Second Wind","Uppercut","Perfected Strike"],"picked":"SKIP","floor":3},{"not_picked":["Carnage","Headbutt","Reckless Charge"],"picked":"SKIP","floor":5},{"not_picked":["Searing Blow","Sever Soul"],"picked":"Dual Wield","floor":10},{"not_picked":["Thunderclap","Body Slam"],"picked":"Seeing Red","floor":11},{"not_picked":["Body Slam","Iron Wave","Dropkick"],"picked":"SKIP","floor":12},{"not_picked":["Pommel Strike","Bloodletting"],"picked":"Warcry","floor":14}],"player_experience":216432,"relics_obtained":[{"floor":10,"key":"Du-Vu Doll"}],"event_choices":[{"damage_healed":0,"gold_gain":0,"player_choice":"2 cards matched","damage_taken":0,"max_hp_gain":0,"max_hp_loss":0,"event_name":"Match and Keep!","floor":7,"gold_loss":0,"cards_obtained":["Clumsy","Fire Breathing"]},{"damage_healed":0,"gold_gain":0,"player_choice":"2 cards matched","damage_taken":0,"max_hp_gain":0,"max_hp_loss":0,"event_name":"Match and Keep!","floor":7,"gold_loss":0,"cards_obtained":["Clumsy","Fire Breathing"]}],"is_beta":false,"boss_relics":[],"items_purged_floors":[4],"is_endless":false,"potions_floor_spawned":[1,3,10,11],"killed_by":"Slime Boss","ascension_level":0}