{"gold_per_floor":[111,0,0,10,78,103,103,138,193,259,309,327,477,545,545,643,643,660,79,97,177,189,217,217,366,366,6,26,26,60,60],"floor_reached":31,"playtime":1881,"items_purged":["Strike_R","Strike_R"],"score":453,"play_id":"862ce8c8-5ced-49ab-884a-9cf7516b18d4","local_time":"20190806053021","is_ascension_mode":true,"campfire_choices":[{"data":"Armaments","floor":7.0,"key":"SMITH"},{"data":"Inflame","floor":15.0,"key":"SMITH"},{"floor":24,"key":"REST"},{"floor":29,"key":"REST"}],"neow_cost":"NONE","seed_source_timestamp":2275393456467400,"circlet_count":0,"master_deck":["AscendersBane","Strike_R","Strike_R","Strike_R","Defend_R","Defend_R","Defend_R","Defend_R","Bash","Body Slam","Ghostly Armor","Sever Soul","Armaments+1","Flame Barrier","Dropkick","Dual Wield","Pommel Strike","Parasite","Double Tap","Inflame+1","Barricade","Feel No Pain","True Grit","Whirlwind","Evolve","Writhe","Feed","Clothesline+1"],"special_seed":0,"relics":["Burning Blood","NeowsBlessing","SsserpentHead","Bottled Lightning","Orichalcum","Happy Flower","Fusion Hammer","Sling","Juzu Bracelet","Tiny Chest","Blue Candle","Meat on the Bone","Membership Card","Paper Frog","Bottled Flame"],"potions_floor_usage":[23,23,30,31],"damage_taken":[{"damage":0.0,"enemies":"Jaw Worm","floor":1.0,"turns":1.0},{"damage":0.0,"enemies":"Cultist","floor":4.0,"turns":1.0},{"damage":0.0,"enemies":"2 Louse","floor":5.0,"turns":1.0},{"damage":45.0,"enemies":"Lagavulin","floor":6.0,"turns":10.0},{"damage":35.0,"enemies":"Gremlin Nob","floor":8.0,"turns":4.0},{"damage":7.0,"enemies":"Red Slaver","floor":10.0,"turns":4.0},{"damage":0.0,"enemies":"Blue Slaver","floor":12.0,"turns":3.0},{"damage":6.0,"enemies":"2 Fungi Beasts","floor":14.0,"turns":4.0},{"damage":45.0,"enemies":"Hexaghost","floor":16.0,"turns":11.0},{"damage":6.0,"enemies":"3 Byrds","floor":18.0,"turns":5.0},{"damage":0.0,"enemies":"Chosen","floor":20.0,"turns":6.0},{"damage":44.0,"enemies":"Snake Plant","floor":22.0,"turns":6.0},{"damage":10,"enemies":"Gremlin Leader","floor":23,"turns":5},{"damage":47,"enemies":"Sentry and Sphere","floor":28,"turns":8},{"damage":27,"enemies":"Book of Stabbing","floor":30,"turns":5},{"damage":37,"enemies":"Chosen and Byrds","floor":31,"turns":6}],"seed_played":"-6754178639043612431","potions_obtained":[{"floor":4.0,"key":"Swift Potion"},{"floor":6.0,"key":"EntropicBrew"},{"floor":10.0,"key":"Regen Potion"},{"floor":14.0,"key":"FearPotion"},{"floor":16.0,"key":"Swift Potion"},{"floor":20.0,"key":"Ancient Potion"},{"floor":22.0,"key":"Swift Potion"},{"floor":28,"key":"SteroidPotion"}],"is_trial":false,"path_per_floor":["M","$","?","M","M","E","R","E","T","M","?","M","?","M","R","B",null,"M","$","M","?","M","E","R","?","T","$","M","R","E","M"],"character_chosen":"IRONCLAD","items_purchased":["Ghostly Armor","Sever Soul","Feel No Pain","True Grit","Whirlwind","Sling","Juzu Bracelet","Membership Card","Paper Frog"],"campfire_rested":2,"item_purchase_floors":[2,2,19,19,19,19,19,27,27],"current_hp_per_floor":[78,78,78,80,80,41,41,12,12,11,31,37,37,37,37,13,63,63,63,69,69,31,27,51,51,51,51,22,46,37,0],"gold":60,"neow_bonus":"THREE_ENEMY_KILL","is_prod":false,"is_daily":false,"chose_seed":false,"campfire_upgraded":2,"win_rate":0,"timestamp":1565091021,"path_taken":["M","$","?","M","?","E","R","E","T","?","?","M","?","?","R","BOSS","M","$","M","?","M","E","R","?","T","$","M","R","E","M"],"build_version":"2019-07-18","purchased_purges":2,"victory":false,"max_hp_per_floor":[80,80,80,80,80,80,80,80,80,80,80,80,80,80,80,80,80,80,80,80,80,80,80,80,80,80,80,80,80,80,80],"card_choices":[{"not_picked":["Dropkick","Cleave"],"picked":"Body Slam","floor":1.0},{"not_picked":["Perfected Strike","Warcry"],"picked":"Armaments","floor":4.0},{"not_picked":["Carnage","Wild Strike"],"picked":"Flame Barrier","floor":5.0},{"not_picked":["Armaments","Cleave"],"picked":"Dropkick","floor":6.0},{"not_picked":["Heavy Blade","Hemokinesis"],"picked":"Dual Wield","floor":8.0},{"not_picked":["Clash","Sword Boomerang"],"picked":"Pommel Strike","floor":10.0},{"not_picked":["Headbutt","Ghostly Armor"],"picked":"Double Tap","floor":12.0},{"not_picked":["Anger","Wild Strike"],"picked":"Inflame","floor":14.0},{"not_picked":["Limit Break","Offering"],"picked":"Barricade","floor":16.0},{"not_picked":["Armaments+1","Perfected Strike+1","Warcry"],"picked":"SKIP","floor":18.0},{"not_picked":["Thunderclap","Rupture+1"],"picked":"Evolve","floor":20.0},{"not_picked":["Clash","Warcry","Havoc"],"picked":"SKIP","floor":22.0},{"not_picked":["Thunderclap","Iron Wave"],"picked":"Feed","floor":23},{"not_picked":["Havoc","Heavy Blade"],"picked":"Clothesline+1","floor":28},{"not_picked":["Cleave+1","Heavy Blade","Fire Breathing"],"picked":"SKIP","floor":30}],"player_experience":197449,"relics_obtained":[{"floor":6.0,"key":"Bottled Lightning"},{"floor":8.0,"key":"Orichalcum"},{"floor":9.0,"key":"Happy Flower"},{"floor":23,"key":"Blue Candle"},{"floor":26,"key":"Meat on the Bone"},{"floor":30,"key":"Bottled Flame"}],"event_choices":[{"damage_healed":0.0,"max_hp_gain":0.0,"max_hp_loss":0.0,"gold_gain":0.0,"event_name":"FaceTrader","player_choice":"Trade","floor":3.0,"gold_loss":0.0,"damage_taken":0.0,"relics_obtained":["SsserpentHead"]},{"damage_healed":20.0,"max_hp_gain":0.0,"max_hp_loss":0.0,"gold_gain":0.0,"event_name":"Mushrooms","player_choice":"Healed and dodged fight","floor":11.0,"gold_loss":0.0,"damage_taken":0.0,"cards_obtained":["Parasite"]},{"damage_healed":0.0,"max_hp_gain":0.0,"max_hp_loss":0.0,"gold_gain":100.0,"event_name":"Golden Shrine","player_choice":"Pray","floor":13.0,"gold_loss":0.0,"damage_taken":0.0},{"damage_healed":0.0,"max_hp_gain":0.0,"max_hp_loss":0.0,"gold_gain":0.0,"event_name":"The Mausoleum","player_choice":"Opened","floor":21.0,"gold_loss":0.0,"damage_taken":0.0,"relics_obtained":["Tiny Chest"],"cards_obtained":["Writhe"]},{"damage_healed":0,"gold_gain":99,"player_choice":"Stole From Cult","damage_taken":0,"max_hp_gain":0,"max_hp_loss":0,"event_name":"Nest","floor":25,"gold_loss":0}],"is_beta":true,"boss_relics":[{"not_picked":["Astrolabe","Philosopher\u0027s Stone"],"picked":"Fusion Hammer"}],"items_purged_floors":[19,27],"is_endless":false,"potions_floor_spawned":[4,6,10,14,16,20,22,28],"killed_by":"Chosen and Byrds","ascension_level":10}