{"gold_per_floor":[115,130,147,161,4,4,34,34,34,34,54,4,4,22,22,123,123,134,134,149,149,49,82,93,121,121,133,144,144,156,169,169,265,265,279,324,339,31,31,63,63,93,93,106,106,124,124,135,135,135,135,135,1,33,33],"floor_reached":56,"playtime":5109,"items_purged":["Strike_B","Strike_B","Defend_B"],"score":1941,"play_id":"fc62bc0e-7535-432a-be2d-4f7d87986ba9","local_time":"20190807093626","is_ascension_mode":true,"campfire_choices":[{"data":"Reinforced Body","floor":6.0,"key":"SMITH"},{"data":"Glacier","floor":8.0,"key":"SMITH"},{"data":"Ball Lightning","floor":10.0,"key":"SMITH"},{"data":"Conserve Battery","floor":13.0,"key":"SMITH"},{"data":"Echo Form","floor":15.0,"key":"SMITH"},{"data":"Consume","floor":32.0,"key":"SMITH"},{"data":"Transmutation","floor":45,"key":"SMITH"},{"floor":47,"key":"RECALL"},{"data":"Hologram","floor":49,"key":"SMITH"},{"data":"Glacier","floor":52,"key":"SMITH"}],"neow_cost":"NONE","seed_source_timestamp":2373278377623600,"circlet_count":0,"master_deck":["AscendersBane","Defend_B","Defend_B","Zap","Dualcast","Ball Lightning+1","BootSequence","Glacier+1","Reinforced Body+1","Conserve Battery+1","Echo Form+1","Glacier+1","Blizzard+1","Blizzard+1","Consume+1","All For One+1","Conserve Battery+1","All For One+1","Transmutation+1","Loop+1","Tempest+1","Hologram+1","Dark Shackles","Ball Lightning+1","Chaos+1"],"special_seed":0,"relics":["Snecko Eye","Cables","Molten Egg 2","Inserter","Bottled Tornado","Anchor","Boot","Mummified Hand","Empty Cage","Unceasing Top","Pantograph","Blood Vial","Lantern"],"potions_floor_usage":[55],"damage_taken":[{"damage":2.0,"enemies":"2 Louse","floor":1.0,"turns":3.0},{"damage":7.0,"enemies":"Jaw Worm","floor":2.0,"turns":4.0},{"damage":0.0,"enemies":"Small Slimes","floor":3.0,"turns":3.0},{"damage":4.0,"enemies":"Exordium Thugs","floor":4.0,"turns":5.0},{"damage":0.0,"enemies":"Blue Slaver","floor":11.0,"turns":3.0},{"damage":0.0,"enemies":"2 Fungi Beasts","floor":14.0,"turns":4.0},{"damage":0.0,"enemies":"Hexaghost","floor":16.0,"turns":12.0},{"damage":4.0,"enemies":"Chosen","floor":18.0,"turns":8.0},{"damage":1.0,"enemies":"2 Thieves","floor":20.0,"turns":4.0},{"damage":9.0,"enemies":"Gremlin Leader","floor":23.0,"turns":7.0},{"damage":0.0,"enemies":"Shelled Parasite and Fungi","floor":24.0,"turns":8.0},{"damage":13.0,"enemies":"Slavers","floor":25.0,"turns":7.0},{"damage":0.0,"enemies":"3 Cultists","floor":27.0,"turns":7.0},{"damage":4.0,"enemies":"Snake Plant","floor":28.0,"turns":5.0},{"damage":0.0,"enemies":"Cultist and Chosen","floor":30.0,"turns":8.0},{"damage":2.0,"enemies":"Shelled Parasite and Fungi","floor":31.0,"turns":6.0},{"damage":0.0,"enemies":"Champ","floor":33.0,"turns":9.0},{"damage":0.0,"enemies":"3 Shapes","floor":35.0,"turns":5.0},{"damage":0.0,"enemies":"2 Orb Walkers","floor":36.0,"turns":4.0},{"damage":0.0,"enemies":"Orb Walker","floor":37.0,"turns":6.0},{"damage":0.0,"enemies":"Giant Head","floor":40.0,"turns":8.0},{"damage":0,"enemies":"Nemesis","floor":42,"turns":11},{"damage":5,"enemies":"Sphere and 2 Shapes","floor":44,"turns":5},{"damage":2,"enemies":"3 Darklings","floor":46,"turns":5},{"damage":0,"enemies":"4 Shapes","floor":48,"turns":3},{"damage":33,"enemies":"Time Eater","floor":50,"turns":11},{"damage":31,"enemies":"Shield and Spear","floor":54,"turns":6},{"damage":16,"enemies":"The Heart","floor":55,"turns":8}],"seed_played":"2524319761779448415","potions_obtained":[{"floor":1.0,"key":"EssenceOfSteel"},{"floor":3.0,"key":"SkillPotion"},{"floor":23.0,"key":"FearPotion"},{"floor":24.0,"key":"Strength Potion"},{"floor":27.0,"key":"Energy Potion"},{"floor":31.0,"key":"SpeedPotion"},{"floor":37.0,"key":"Weak Potion"},{"floor":42,"key":"FocusPotion"}],"is_trial":false,"path_per_floor":["M","M","M","M","$","R","?","R","T","R","M","?","R","M","R","B",null,"M","?","M","T","$","E","M","E","T","M","M","?","M","M","R","B",null,"M","?","M","$","?","E","?","E","T","M","R","M","R","M","R","B",null,"R","$","E","B",null],"character_chosen":"DEFECT","items_purchased":["Reinforced Body","Transmutation","Dark Shackles","Ball Lightning+1"],"campfire_rested":0,"item_purchase_floors":[5,38,53,53],"current_hp_per_floor":[66,59,59,55,55,55,55,55,55,55,55,55,55,55,55,55,70,66,66,65,65,65,63,75,75,75,75,75,61,75,80,80,80,80,80,80,80,80,80,80,70,70,70,67,67,67,67,69,69,47,72,72,72,43,54],"gold":33,"neow_bonus":"BOSS_RELIC","is_prod":false,"is_daily":false,"chose_seed":false,"campfire_upgraded":9,"win_rate":0,"timestamp":1565192186,"path_taken":["M","M","M","M","$","R","?","R","T","R","M","?","R","M","R","BOSS","M","?","M","?","$","E","?","E","T","M","M","?","M","M","R","BOSS","M","?","M","$","?","E","?","E","T","M","R","M","R","M","R","BOSS","R","$","E","BOSS"],"build_version":"2019-07-18","purchased_purges":3,"victory":true,"max_hp_per_floor":[75,75,75,75,75,75,75,75,75,75,75,75,75,75,75,75,75,75,75,75,75,75,75,75,75,75,75,75,80,80,80,80,80,80,80,80,80,80,80,80,80,80,80,80,80,80,80,80,80,80,80,80,80,80,80],"card_choices":[{"not_picked":["Rebound","Darkness"],"picked":"Ball Lightning","floor":1.0},{"not_picked":["Coolheaded","Darkness"],"picked":"BootSequence","floor":2.0},{"not_picked":["Beam Cell","Chaos"],"picked":"Glacier","floor":3.0},{"not_picked":["Barrage","Aggregate","Rebound"],"picked":"SKIP","floor":4.0},{"not_picked":["Turbo","Beam Cell+1"],"picked":"Conserve Battery","floor":11.0},{"not_picked":["Chaos","Rip and Tear+1"],"picked":"Echo Form","floor":14.0},{"not_picked":["Leap","Streamline+1"],"picked":"Glacier","floor":18.0},{"not_picked":["Reprogram","Stack+1"],"picked":"Self Repair","floor":20.0},{"not_picked":["Reinforced Body","Ball Lightning+1","Force Field"],"picked":"SKIP","floor":23.0},{"not_picked":["Ball Lightning+1","Doom and Gloom+1"],"picked":"Blizzard+1","floor":24.0},{"not_picked":["Core Surge+1","Turbo"],"picked":"Consume","floor":25.0},{"not_picked":["Go for the Eyes+1","Redo+1","Gash+1"],"picked":"SKIP","floor":27.0},{"not_picked":["Beam Cell+1","Compile Driver+1","Barrage+1"],"picked":"SKIP","floor":28.0},{"not_picked":["Aggregate","BootSequence"],"picked":"All For One+1","floor":30.0},{"not_picked":["Cold Snap+1","Beam Cell+1"],"picked":"Conserve Battery+1","floor":31.0},{"not_picked":["Multi-Cast","Rainbow"],"picked":"All For One+1","floor":33.0},{"not_picked":["Reprogram+1","Stack","Barrage+1"],"picked":"SKIP","floor":35.0},{"not_picked":["Stack","Sweeping Beam+1","Coolheaded"],"picked":"SKIP","floor":37.0},{"not_picked":["Biased Cognition","Redo","Conserve Battery"],"picked":"SKIP","floor":40.0},{"not_picked":["Turbo","Gash+1","Rebound+1"],"picked":"SKIP","floor":42},{"not_picked":["Go for the Eyes+1","Recycle+1"],"picked":"Loop+1","floor":44},{"not_picked":["Auto Shields+1","FTL+1"],"picked":"Tempest+1","floor":46},{"not_picked":["Redo+1","Steam+1"],"picked":"Hologram","floor":48},{"not_picked":["Sunder+1","Beam Cell+1"],"picked":"Chaos+1","floor":54}],"player_experience":231766,"relics_obtained":[{"floor":9.0,"key":"Molten Egg 2"},{"floor":21.0,"key":"Bottled Tornado"},{"floor":23.0,"key":"Anchor"},{"floor":25.0,"key":"Boot"},{"floor":26.0,"key":"Mummified Hand"},{"floor":36.0,"key":"Unceasing Top"},{"floor":40.0,"key":"Pantograph"},{"floor":42,"key":"Blood Vial"},{"floor":54,"key":"Lantern"}],"event_choices":[{"damage_healed":0.0,"max_hp_gain":0.0,"max_hp_loss":0.0,"gold_gain":30.0,"event_name":"Dead Adventurer","player_choice":"Searched \u00272\u0027 times","floor":7.0,"gold_loss":0.0,"damage_taken":0.0,"relics_obtained":["Cables"]},{"cards_removed":["Strike_B"],"damage_healed":0.0,"max_hp_gain":0.0,"max_hp_loss":0.0,"gold_gain":0.0,"event_name":"The Cleric","player_choice":"Card Removal","floor":12.0,"gold_loss":50.0,"damage_taken":0.0},{"damage_healed":0.0,"max_hp_gain":0.0,"max_hp_loss":0.0,"gold_gain":0.0,"event_name":"The Library","player_choice":"Read","floor":19.0,"gold_loss":0.0,"damage_taken":0.0,"cards_obtained":["Blizzard"]},{"damage_healed":0.0,"max_hp_gain":5.0,"max_hp_loss":0.0,"gold_gain":0.0,"event_name":"Forgotten Altar","player_choice":"Shed Blood","floor":29.0,"gold_loss":0.0,"damage_taken":19.0},{"damage_healed":0.0,"max_hp_gain":0.0,"max_hp_loss":0.0,"gold_gain":0.0,"event_name":"Mysterious Sphere","player_choice":"Fight","floor":36.0,"gold_loss":0.0,"damage_taken":0.0},{"cards_removed":["Self Repair"],"damage_healed":0.0,"max_hp_gain":0.0,"max_hp_loss":0.0,"gold_gain":0.0,"event_name":"Falling","player_choice":"Removed Power","floor":39.0,"gold_loss":0.0,"damage_taken":0.0},{"damage_healed":0.0,"max_hp_gain":0.0,"max_hp_loss":0.0,"gold_gain":0.0,"event_name":"SensoryStone","player_choice":"Memory 3","floor":41.0,"gold_loss":0.0,"damage_taken":10.0}],"is_beta":true,"boss_relics":[{"not_picked":["Cursed Key","Eternal Feather"],"picked":"Inserter"},{"not_picked":["Pandora\u0027s Box","Tiny House"],"picked":"Empty Cage"}],"items_purged_floors":[5,22,38],"is_endless":false,"potions_floor_spawned":[1,3,16,23,24,27,31,37,40,42,46],"ascension_level":11}