{"gold_per_floor":[116,127,127,140,65,96,171,171,171,171,78,78,106,120,120,224,274,284,284,95,107,107,107],"floor_reached":23,"playtime":1846,"items_purged":["Strike_R"],"score":246,"play_id":"ac356a28-10ae-4f3c-93ee-6bf46dc7cb88","local_time":"20190118233322","is_ascension_mode":true,"campfire_choices":[{"floor":8,"key":"REST"},{"floor":10,"key":"REST"},{"data":"Fire Breathing","floor":12,"key":"SMITH"},{"floor":15,"key":"REST"}],"neow_cost":"TEN_PERCENT_HP_LOSS","seed_source_timestamp":883345647515575,"circlet_count":0,"master_deck":["Strike_R+1","Strike_R","Strike_R","Defend_R","Defend_R","Defend_R","Defend_R","Bash","Battle Trance","Seeing Red","Carnage","Rampage","Intimidate","Fire Breathing+1","Thunderclap","Exhume","Corruption+1","Whirlwind","Fire Breathing","Warcry","Metallicize"],"relics":["Burning Blood","Calipers","Bird Faced Urn","Mummified Hand","PreservedInsect","Tiny House","Juzu Bracelet"],"potions_floor_usage":[14,16,18,21,21,21,21,23],"damage_taken":[{"damage":7,"enemies":"Small Slimes","floor":1,"turns":3},{"damage":9,"enemies":"2 Louse","floor":2,"turns":2},{"damage":7,"enemies":"Jaw Worm","floor":4,"turns":2},{"damage":38,"enemies":"Gremlin Nob","floor":6,"turns":4},{"damage":32,"enemies":"3 Sentries","floor":13,"turns":7},{"damage":2,"enemies":"Exordium Thugs","floor":14,"turns":4},{"damage":66,"enemies":"Hexaghost","floor":16,"turns":11},{"damage":21,"enemies":"Shell Parasite","floor":18,"turns":4},{"damage":8,"enemies":"Chosen","floor":21,"turns":6},{"damage":68,"enemies":"Book of Stabbing","floor":23,"turns":6}],"seed_played":"-4306650415574994577","potions_obtained":[{"floor":1,"key":"Dexterity Potion"},{"floor":4,"key":"EntropicBrew"},{"floor":13,"key":"EssenceOfSteel"},{"floor":16,"key":"Block Potion"},{"floor":17,"key":"EssenceOfSteel"},{"floor":18,"key":"PowerPotion"}],"is_trial":false,"path_per_floor":["M","M","?","M","$","E","?","R","T","R","$","R","E","M","R","B",null,"M","?","$","M","?","E"],"character_chosen":"IRONCLAD","items_purchased":["Fire Breathing","Thunderclap","Fire Breathing","Juzu Bracelet"],"campfire_rested":3,"item_purchase_floors":[11,11,20,20],"current_hp_per_floor":[71,68,68,67,67,35,24,45,45,66,66,66,42,48,69,11,62,51,51,51,57,57,0],"gold":107,"neow_bonus":"ONE_RARE_RELIC","is_prod":false,"is_daily":false,"chose_seed":false,"campfire_upgraded":1,"win_rate":0,"timestamp":1547814802,"path_taken":["M","M","?","M","$","E","?","R","T","R","$","R","E","M","R","BOSS","M","?","?","M","?","E"],"build_version":"2019-01-17v2","purchased_purges":1,"victory":false,"max_hp_per_floor":[72,72,72,72,72,72,72,72,72,72,72,72,72,72,72,72,77,77,77,77,77,77,77],"card_choices":[{"not_picked":["Headbutt","Sentinel"],"picked":"Battle Trance","floor":1},{"not_picked":["Body Slam","Warcry"],"picked":"Seeing Red","floor":2},{"not_picked":["Havoc","Dual Wield"],"picked":"Rampage","floor":4},{"not_picked":["Battle Trance","Havoc"],"picked":"Intimidate","floor":6},{"not_picked":["Sever Soul","Perfected Strike","Rampage"],"picked":"SKIP","floor":13},{"not_picked":["Sever Soul","Thunderclap","Havoc"],"picked":"SKIP","floor":14},{"not_picked":["Feed","Berserk"],"picked":"Exhume","floor":16},{"not_picked":["Sentinel","Sword Boomerang"],"picked":"Corruption","floor":17},{"not_picked":["Anger","Second Wind"],"picked":"Whirlwind","floor":18},{"not_picked":["Twin Strike","Bloodletting"],"picked":"Warcry","floor":21}],"player_experience":482478,"relics_obtained":[{"floor":6,"key":"Bird Faced Urn"},{"floor":9,"key":"Mummified Hand"},{"floor":13,"key":"PreservedInsect"}],"event_choices":[{"damage_healed":0,"gold_gain":0,"cards_transformed":["Strike_R"],"player_choice":"Change","damage_taken":0,"max_hp_gain":0,"max_hp_loss":0,"event_name":"Living Wall","floor":3,"gold_loss":0,"cards_obtained":["Carnage"]},{"damage_healed":0,"gold_gain":75,"player_choice":"Gather Gold","damage_taken":11,"max_hp_gain":0,"max_hp_loss":0,"event_name":"World of Goop","floor":7,"gold_loss":0},{"damage_healed":0,"gold_gain":0,"player_choice":"Upgraded","damage_taken":0,"max_hp_gain":0,"max_hp_loss":0,"event_name":"Upgrade Shrine","floor":19,"gold_loss":0,"cards_upgraded":["Corruption"]},{"damage_healed":0,"gold_gain":0,"player_choice":"Read","damage_taken":0,"max_hp_gain":0,"max_hp_loss":0,"event_name":"The Library","floor":22,"gold_loss":0,"cards_obtained":["Metallicize"]}],"is_beta":false,"boss_relics":[{"not_picked":["Runic Cube","Calling Bell"],"picked":"Tiny House"}],"items_purged_floors":[5],"is_endless":false,"potions_floor_spawned":[1,4,13,16,18],"killed_by":"Book of Stabbing","ascension_level":5}