{"gold_per_floor":[112,66,16,16,29,29,94,94,94,112,33,43,68,80,80,175,175,195,120,120,5,22,22,34,62,62,62,82,82,82,100,100,201,201,216,216,242,253,263,263,282,46,69,69],"floor_reached":44,"playtime":2750,"items_purged":["Strike_B"],"score":559,"play_id":"2d3ff8d4-af4e-4089-9147-b0bfef902e60","local_time":"20190109220426","is_ascension_mode":true,"campfire_choices":[{"data":"Stack","floor":6,"key":"SMITH"},{"data":"Defragment","floor":8,"key":"SMITH"},{"floor":15,"key":"REST"},{"floor":23,"key":"REST"},{"floor":27,"key":"REST"},{"floor":32,"key":"REST"},{"data":"Echo Form","floor":40,"key":"SMITH"}],"neow_cost":"NONE","seed_source_timestamp":410620386701089,"circlet_count":0,"master_deck":["Strike_B","Defend_B","Defend_B","Defend_B","Defend_B","Zap","Dualcast","Ball Lightning","Coolheaded","Stack+1","Defragment+1","Sunder","Defragment","Redo","Leap","Sweeping Beam","Echo Form+1","Melter","Redo+1","Defragment","Turbo","Beam Cell+1","Sunder+1","Leap","Conserve Battery","Conserve Battery","Electrodynamics","Heatsinks+1","Thinking Ahead","Blind","Transmutation","Rebound","Parasite","Turbo+1","Chill","Defragment","Force Field","Steam"],"relics":["FrozenCore","NeowsBlessing","Pantograph","Tiny Chest","Matryoshka","Bag of Marbles","Symbiotic Virus","Cables","PreservedInsect","Strawberry","Juzu Bracelet","Eternal Feather","Bronze Scales","Potion Belt"],"potions_floor_usage":[16,16,16,22,28,31,33,44],"damage_taken":[{"damage":0,"enemies":"Jaw Worm","floor":1,"turns":1},{"damage":0,"enemies":"Cultist","floor":5,"turns":1},{"damage":0,"enemies":"3 Sentries","floor":7,"turns":1},{"damage":8,"enemies":"Small Slimes","floor":10,"turns":2},{"damage":14,"enemies":"3 Louse","floor":12,"turns":3},{"damage":8,"enemies":"Gremlin Nob","floor":13,"turns":4},{"damage":0,"enemies":"Exordium Wildlife","floor":14,"turns":3},{"damage":21,"enemies":"Hexaghost","floor":16,"turns":10},{"damage":0,"enemies":"Spheric Guardian","floor":18,"turns":6},{"damage":24,"enemies":"2 Thieves","floor":19,"turns":5},{"damage":17,"enemies":"3 Cultists","floor":22,"turns":6},{"damage":18,"enemies":"Centurion and Healer","floor":24,"turns":7},{"damage":10,"enemies":"Book of Stabbing","floor":25,"turns":7},{"damage":20,"enemies":"Snake Plant","floor":28,"turns":3},{"damage":9,"enemies":"Chosen and Byrds","floor":31,"turns":5},{"damage":55,"enemies":"Collector","floor":33,"turns":9},{"damage":0,"enemies":"3 Shapes","floor":35,"turns":3},{"damage":13,"enemies":"Orb Walker","floor":38,"turns":4},{"damage":12,"enemies":"Writhing Mass","floor":39,"turns":5},{"damage":31,"enemies":"Jaw Worm Horde","floor":41,"turns":4},{"damage":39,"enemies":"Maw","floor":44,"turns":8}],"seed_played":"-227228215278109478","potions_obtained":[{"floor":1,"key":"SpeedPotion"},{"floor":5,"key":"EssenceOfSteel"},{"floor":10,"key":"Block Potion"},{"floor":14,"key":"Weak Potion"},{"floor":16,"key":"FocusPotion"},{"floor":25,"key":"SkillPotion"},{"floor":28,"key":"GamblersBrew"},{"floor":31,"key":"Regen Potion"},{"floor":35,"key":"FearPotion"}],"is_trial":false,"path_per_floor":["M","$","?","?","M","R","E","R","T","M","$","M","E","M","R","B",null,"M","M","T","$","M","R","M","E","T","R","M","?","?","M","R","B",null,"M","?","T","M","M","R","M","$","T","M"],"character_chosen":"DEFECT","items_purchased":["Coolheaded","Defragment","Defragment","Turbo","Defragment","Force Field","Steam"],"campfire_rested":4,"item_purchase_floors":[2,11,21,21,42,42,42],"current_hp_per_floor":[75,75,75,75,75,75,75,75,75,67,67,53,45,45,67,54,75,75,51,51,51,34,56,38,28,35,59,39,66,66,57,81,39,82,82,72,72,59,47,68,37,37,37,0],"gold":69,"neow_bonus":"THREE_ENEMY_KILL","is_prod":false,"is_daily":false,"chose_seed":false,"campfire_upgraded":3,"win_rate":0,"timestamp":1547031866,"path_taken":["M","$","?","?","M","R","E","R","T","?","?","?","E","M","R","BOSS","M","M","?","?","M","R","M","E","T","R","M","?","?","M","R","BOSS","M","?","?","M","M","R","M","$","T","M"],"build_version":"2019-01-03v4","purchased_purges":1,"victory":false,"max_hp_per_floor":[75,75,75,75,75,75,75,75,75,75,75,75,75,75,75,75,75,75,75,75,75,75,75,75,75,82,82,82,82,82,82,82,82,82,82,82,82,82,82,82,82,82,82,82],"card_choices":[{"not_picked":["Hologram","Streamline"],"picked":"Ball Lightning","floor":1},{"not_picked":["Barrage","Self Repair"],"picked":"Stack","floor":5},{"not_picked":["BootSequence","Consume"],"picked":"Defragment","floor":7},{"not_picked":["Steam","Darkness"],"picked":"Sunder","floor":10},{"not_picked":["Glacier","Steam Power"],"picked":"Redo","floor":12},{"not_picked":["Go for the Eyes","Seek"],"picked":"Leap","floor":13},{"not_picked":["Stack","Blizzard"],"picked":"Sweeping Beam","floor":14},{"not_picked":["Meteor Strike","Hyperbeam"],"picked":"Echo Form","floor":16},{"not_picked":["Ball Lightning","Skim"],"picked":"Melter","floor":18},{"not_picked":["Sweeping Beam","Beam Cell"],"picked":"Redo+1","floor":19},{"not_picked":["Streamline","Lockon"],"picked":"Beam Cell+1","floor":22},{"not_picked":["Redo","Beam Cell+1"],"picked":"Sunder+1","floor":24},{"not_picked":["Sweeping Beam","Lockon+1"],"picked":"Leap","floor":25},{"not_picked":["Consume","Gash"],"picked":"Conserve Battery","floor":28},{"not_picked":["Melter","Genetic Algorithm"],"picked":"Conserve Battery","floor":31},{"not_picked":["Buffer","All For One"],"picked":"Electrodynamics","floor":33},{"not_picked":["Lockon","Compile Driver"],"picked":"Heatsinks+1","floor":35},{"not_picked":["Good Instincts","Secret Weapon"],"picked":"Thinking Ahead","floor":36},{"not_picked":["Impatience","Master of Strategy"],"picked":"Blind","floor":36},{"not_picked":["Swift Strike","HandOfGreed"],"picked":"Transmutation","floor":36},{"not_picked":["Stack+1","Conserve Battery+1"],"picked":"Rebound","floor":38},{"not_picked":["Storm","Conserve Battery+1"],"picked":"Turbo+1","floor":39},{"not_picked":["Force Field+1","Redo"],"picked":"Chill","floor":41}],"player_experience":408553,"relics_obtained":[{"floor":7,"key":"Tiny Chest"},{"floor":9,"key":"Matryoshka"},{"floor":13,"key":"Bag of Marbles"},{"floor":20,"key":"Symbiotic Virus"},{"floor":20,"key":"Cables"},{"floor":25,"key":"PreservedInsect"},{"floor":26,"key":"Strawberry"},{"floor":26,"key":"Juzu Bracelet"},{"floor":37,"key":"Bronze Scales"},{"floor":43,"key":"Potion Belt"}],"event_choices":[{"cards_removed":["Strike_B"],"damage_healed":0,"gold_gain":0,"player_choice":"Card Removal","damage_taken":0,"max_hp_gain":0,"max_hp_loss":0,"event_name":"The Cleric","floor":3,"gold_loss":50},{"damage_healed":0,"gold_gain":0,"player_choice":"Gave Potion","damage_taken":0,"relics_obtained":["Pantograph"],"max_hp_gain":0,"max_hp_loss":0,"event_name":"WeMeetAgain","floor":4,"gold_loss":0},{"damage_healed":27,"gold_gain":0,"player_choice":"Heal","damage_taken":0,"max_hp_gain":0,"max_hp_loss":0,"event_name":"The Library","floor":29,"gold_loss":0},{"cards_removed":["Strike_B"],"damage_healed":0,"gold_gain":0,"player_choice":"Elegance","damage_taken":0,"max_hp_gain":0,"max_hp_loss":0,"event_name":"Back to Basics","floor":30,"gold_loss":0},{"damage_healed":0,"gold_gain":0,"player_choice":"Memory 3","damage_taken":10,"max_hp_gain":0,"max_hp_loss":0,"event_name":"SensoryStone","floor":36,"gold_loss":0}],"is_beta":false,"boss_relics":[{"not_picked":["Calling Bell","Coffee Dripper"],"picked":"FrozenCore"},{"not_picked":["Philosopher\u0027s Stone","Tiny House"],"picked":"Eternal Feather"}],"items_purged_floors":[42],"is_endless":false,"potions_floor_spawned":[1,5,10,14,16,25,28,31,35],"killed_by":"Maw","ascension_level":2}