{"gold_per_floor":[119,89,104,54,54,54,86,86,112,112,112,140,153,153,153,153],"floor_reached":16,"playtime":391,"items_purged":[],"score":249,"play_id":"c75b8674-6411-471b-89d6-ff1b8e05d37c","local_time":"20190307112632","is_ascension_mode":true,"campfire_choices":[{"data":"Corruption","floor":6,"key":"SMITH"},{"data":"Cleave","floor":8,"key":"SMITH"},{"data":"Bash","floor":11,"key":"SMITH"},{"floor":15,"key":"REST"}],"neow_cost":"NONE","seed_source_timestamp":82140785086234,"circlet_count":0,"master_deck":["AscendersBane","Strike_R","Strike_R","Strike_R","Strike_R","Strike_R","Defend_R","Defend_R","Defend_R","Defend_R","Bash+1","Corruption+1","Evolve","Cleave+1","Rage","Body Slam","Clothesline","Injury"],"relics":["Burning Blood","NeowsBlessing","Bottled Tornado","Oddly Smooth Stone","Matryoshka","Gremlin Horn","Golden Idol"],"potions_floor_usage":[2,12,12,16],"damage_taken":[{"damage":0,"enemies":"Jaw Worm","floor":1,"turns":1},{"damage":0,"enemies":"Cultist","floor":3,"turns":1},{"damage":0,"enemies":"3 Sentries","floor":7,"turns":1},{"damage":20,"enemies":"Lagavulin","floor":12,"turns":7},{"damage":7,"enemies":"2 Louse","floor":13,"turns":2},{"damage":83,"enemies":"Hexaghost","floor":16,"turns":13}],"seed_played":"-7365658887214838450","potions_obtained":[{"floor":2,"key":"Poison Potion"},{"floor":2,"key":"Fruit Juice"},{"floor":3,"key":"Energy Potion"},{"floor":12,"key":"Explosive Potion"},{"floor":13,"key":"Dexterity Potion"}],"is_trial":false,"path_per_floor":["M","?","M","$","?","R","E","R","T","?","R","E","M","?","R","B"],"character_chosen":"IRONCLAD","items_purchased":["Cleave"],"campfire_rested":1,"item_purchase_floors":[4],"current_hp_per_floor":[74,79,80,80,80,80,80,80,80,75,75,61,60,60,80,0],"gold":153,"neow_bonus":"THREE_ENEMY_KILL","is_prod":false,"is_daily":false,"chose_seed":false,"campfire_upgraded":3,"win_rate":0,"timestamp":1551918392,"path_taken":["M","?","?","$","?","R","E","R","T","?","R","E","M","?","R","BOSS"],"build_version":"2019-01-23","purchased_purges":0,"victory":false,"max_hp_per_floor":[75,80,80,80,80,80,80,80,80,80,80,80,80,80,80,80],"card_choices":[{"not_picked":["True Grit","Perfected Strike"],"picked":"Corruption","floor":1},{"not_picked":["Flex","Wild Strike"],"picked":"Evolve","floor":3},{"not_picked":["Twin Strike","Power Through"],"picked":"Rage","floor":7},{"not_picked":["Pommel Strike","Wild Strike"],"picked":"Body Slam","floor":12},{"not_picked":["Sword Boomerang","Feed"],"picked":"Clothesline","floor":13}],"player_experience":820174,"relics_obtained":[{"floor":7,"key":"Bottled Tornado"},{"floor":9,"key":"Oddly Smooth Stone"},{"floor":12,"key":"Gremlin Horn"}],"event_choices":[{"damage_healed":0,"gold_gain":0,"player_choice":"Bought 2 Potions","damage_taken":0,"max_hp_gain":0,"max_hp_loss":0,"event_name":"The Woman in Blue","floor":2,"gold_loss":0},{"damage_healed":0,"gold_gain":0,"player_choice":"Ignored","damage_taken":0,"max_hp_gain":0,"max_hp_loss":0,"event_name":"Shining Light","floor":5,"gold_loss":0},{"damage_healed":0,"gold_gain":0,"player_choice":"Success","damage_taken":5,"relics_obtained":["Matryoshka"],"max_hp_gain":0,"max_hp_loss":0,"event_name":"Scrap Ooze","floor":10,"gold_loss":0},{"damage_healed":0,"gold_gain":0,"player_choice":"Take Wound","damage_taken":0,"relics_obtained":["Golden Idol"],"max_hp_gain":0,"max_hp_loss":0,"event_name":"Golden Idol","floor":14,"gold_loss":0,"cards_obtained":["Injury"]}],"is_beta":false,"boss_relics":[],"items_purged_floors":[],"is_endless":false,"potions_floor_spawned":[3,12,13],"killed_by":"Hexaghost","ascension_level":18}