{"gold_per_floor":[113,113,38,54,54,54,54,83,157,171,197,214,248,258,258,258],"floor_reached":16,"playtime":285,"items_purged":["Strike_B"],"score":290,"play_id":"98a455c9-f348-4034-8066-751e9f5d93bb","local_time":"20190710092604","is_ascension_mode":true,"campfire_choices":[{"data":"Dualcast","floor":6,"key":"SMITH"},{"data":"Coolheaded","floor":15,"key":"SMITH"}],"neow_cost":"NONE","seed_source_timestamp":149304433351632,"circlet_count":0,"master_deck":["AscendersBane","Strike_B","Strike_B+1","Strike_B","Defend_B","Defend_B","Defend_B","Defend_B","Zap+1","Dualcast+1","Turbo","Hyperbeam","Skim","Coolheaded+1","Reinforced Body"],"relics":["Cracked Core","NeowsBlessing","Turnip","Frozen Egg 2","Smiling Mask","Meat on the Bone"],"potions_floor_usage":[11,13],"damage_taken":[{"damage":0,"enemies":"Small Slimes","floor":1,"turns":1},{"damage":0,"enemies":"Cultist","floor":4,"turns":1},{"damage":0,"enemies":"Lagavulin","floor":8,"turns":1},{"damage":7,"enemies":"Jaw Worm","floor":10,"turns":2},{"damage":11,"enemies":"Gremlin Nob","floor":11,"turns":3},{"damage":2,"enemies":"Looter","floor":12,"turns":3},{"damage":10,"enemies":"3 Sentries","floor":13,"turns":4},{"damage":2,"enemies":"Red Slaver","floor":14,"turns":2},{"damage":0,"enemies":"Hexaghost","floor":16,"turns":1}],"seed_played":"-5096351815249513604","potions_obtained":[{"floor":10,"key":"AttackPotion"},{"floor":12,"key":"Fire Potion"},{"floor":14,"key":"Block Potion"}],"is_trial":false,"path_per_floor":["M","?","$","M","$","R","?","E","T","M","E","M","E","M","R","B"],"character_chosen":"DEFECT","items_purchased":[],"campfire_rested":0,"item_purchase_floors":[],"current_hp_per_floor":[64,43,43,43,43,43,39,39,39,32,21,19,9,19,19,19],"gold":258,"neow_bonus":"THREE_ENEMY_KILL","is_prod":false,"is_daily":false,"chose_seed":false,"campfire_upgraded":2,"win_rate":0,"timestamp":1562721964,"path_taken":["M","?","$","M","$","R","?","E","T","?","E","?","E","M","R","BOSS"],"build_version":"2019-07-05","purchased_purges":1,"victory":false,"max_hp_per_floor":[71,71,71,71,71,71,71,71,71,71,71,71,71,71,71,71],"card_choices":[{"not_picked":["Rebound","Doom and Gloom","Hello World"],"picked":"SKIP","floor":1},{"not_picked":["Auto Shields","Hologram"],"picked":"Turbo","floor":4},{"not_picked":["Chill","Force Field"],"picked":"Hyperbeam","floor":8},{"not_picked":["Leap","Gash"],"picked":"Skim","floor":10},{"not_picked":["Gash","All For One","Melter"],"picked":"SKIP","floor":11},{"not_picked":["Compile Driver","Aggregate","Rebound"],"picked":"SKIP","floor":12},{"not_picked":["Barrage","Tempest"],"picked":"Coolheaded","floor":13},{"not_picked":["Stack","Steam"],"picked":"Reinforced Body","floor":14}],"player_experience":1082566,"relics_obtained":[{"floor":8,"key":"Turnip"},{"floor":9,"key":"Frozen Egg 2"},{"floor":11,"key":"Smiling Mask"},{"floor":13,"key":"Meat on the Bone"}],"event_choices":[{"damage_healed":0,"gold_gain":0,"player_choice":"Entered Light","damage_taken":21,"max_hp_gain":0,"max_hp_loss":0,"event_name":"Shining Light","floor":2,"gold_loss":0,"cards_upgraded":["Strike_B","Zap"]},{"damage_healed":0,"gold_gain":0,"player_choice":"Bought 0 Potions","damage_taken":0,"max_hp_gain":0,"max_hp_loss":0,"event_name":"The Woman in Blue","floor":7,"gold_loss":0}],"is_beta":false,"boss_relics":[],"items_purged_floors":[3],"is_endless":false,"potions_floor_spawned":[10,12,14],"killed_by":"Hexaghost","ascension_level":20}