{"gold_per_floor":[109,109,129,79,90,90,41,116,116,130,141,159,176,195,195,195],"floor_reached":16,"playtime":1225,"items_purged":[],"score":96,"play_id":"29648f2a-4811-42ee-821b-ad6224e4605e","local_time":"20190714205829","is_ascension_mode":false,"campfire_choices":[{"floor":15,"key":"REST"}],"neow_cost":"NONE","seed_source_timestamp":248701710967660,"circlet_count":0,"master_deck":["Strike_R","Strike_R+1","Strike_R","Strike_R","Strike_R","Defend_R","Defend_R","Defend_R+1","Bash","Headbutt","Shockwave","Flex","Pommel Strike","Flame Barrier","Metallicize","Cleave","Sever Soul","Pummel"],"relics":["Burning Blood","NeowsBlessing","Oddly Smooth Stone","Meat on the Bone"],"potions_floor_usage":[16,16,16],"damage_taken":[{"damage":0,"enemies":"2 Louse","floor":1,"turns":1},{"damage":0,"enemies":"Jaw Worm","floor":3,"turns":1},{"damage":0,"enemies":"Small Slimes","floor":5,"turns":1},{"damage":10,"enemies":"Exordium Wildlife","floor":10,"turns":2},{"damage":8,"enemies":"Lots of Slimes","floor":11,"turns":4},{"damage":1,"enemies":"Looter","floor":12,"turns":3},{"damage":4,"enemies":"Gremlin Gang","floor":13,"turns":3},{"damage":9,"enemies":"2 Fungi Beasts","floor":14,"turns":2},{"damage":81,"enemies":"The Guardian","floor":16,"turns":13}],"seed_played":"-5382847833132138178","potions_obtained":[{"floor":1,"key":"Energy Potion"},{"floor":5,"key":"SpeedPotion"},{"floor":10,"key":"EssenceOfSteel"}],"is_trial":false,"path_per_floor":["M","?","M","?","M","?","$","?","T","M","M","M","M","M","R","B"],"character_chosen":"IRONCLAD","items_purchased":["Pommel Strike"],"campfire_rested":1,"item_purchase_floors":[7],"current_hp_per_floor":[80,64,70,70,76,58,58,47,47,55,53,58,60,57,80,0],"gold":195,"neow_bonus":"THREE_ENEMY_KILL","is_prod":false,"is_daily":false,"chose_seed":false,"campfire_upgraded":0,"win_rate":0.0,"timestamp":1563109109,"path_taken":["M","?","M","?","M","?","$","?","T","M","M","?","M","M","R","BOSS"],"build_version":"2019-07-05","purchased_purges":0,"victory":false,"max_hp_per_floor":[80,80,80,80,80,80,80,80,80,80,80,80,80,80,80,80],"card_choices":[{"not_picked":["Burning Pact","Shrug It Off"],"picked":"Headbutt","floor":1},{"not_picked":["Pummel","Power Through"],"picked":"Shockwave","floor":3},{"not_picked":["Pommel Strike","Thunderclap"],"picked":"Flex","floor":5},{"not_picked":["Bloodletting","Inflame"],"picked":"Flame Barrier","floor":10},{"not_picked":["Warcry","True Grit"],"picked":"Metallicize","floor":11},{"not_picked":["Corruption","Warcry"],"picked":"Cleave","floor":12},{"not_picked":["Headbutt","True Grit"],"picked":"Sever Soul","floor":13},{"not_picked":["Flex","Bloodletting"],"picked":"Pummel","floor":14}],"player_experience":1000,"relics_obtained":[{"floor":9,"key":"Meat on the Bone"}],"event_choices":[{"damage_healed":0,"gold_gain":0,"player_choice":"Entered Light","damage_taken":16,"max_hp_gain":0,"max_hp_loss":0,"event_name":"Shining Light","floor":2,"gold_loss":0,"cards_upgraded":["Defend_R","Strike_R"]},{"cards_removed":["Defend_R"],"damage_healed":0,"gold_gain":0,"player_choice":"Card Removal","damage_taken":0,"max_hp_gain":0,"max_hp_loss":0,"event_name":"The Cleric","floor":4,"gold_loss":50},{"damage_healed":0,"gold_gain":0,"player_choice":"Success","damage_taken":18,"relics_obtained":["Oddly Smooth Stone"],"max_hp_gain":0,"max_hp_loss":0,"event_name":"Scrap Ooze","floor":6,"gold_loss":0},{"damage_healed":0,"gold_gain":75,"player_choice":"Gather Gold","damage_taken":11,"max_hp_gain":0,"max_hp_loss":0,"event_name":"World of Goop","floor":8,"gold_loss":0}],"is_beta":false,"boss_relics":[],"items_purged_floors":[],"is_endless":false,"potions_floor_spawned":[1,5,10],"killed_by":"The Guardian","ascension_level":0}