{"gold_per_floor":[114,114,114,56,71,71,71,90,170,209,245,21,42,57,57,57],"floor_reached":16,"playtime":532,"items_purged":["Strike_R"],"score":200,"play_id":"ae0e4155-371f-48dc-8fe4-1c38f8a9d8e4","local_time":"20190516115406","is_ascension_mode":true,"campfire_choices":[{"data":"Armaments","floor":6,"key":"SMITH"},{"data":"Uppercut","floor":15,"key":"SMITH"}],"neow_cost":"NONE","seed_source_timestamp":2082178806629821,"circlet_count":0,"master_deck":["AscendersBane","Strike_R","Strike_R","Strike_R","Defend_R","Defend_R","Defend_R","Defend_R","Bash","Uppercut+1","Feel No Pain","Armaments+1","True Grit","Impervious","Shrug It Off"],"special_seed":0,"relics":["Burning Blood","Golden Idol","Meat on the Bone","Ancient Tea Set","Odd Mushroom"],"potions_floor_usage":[10,10,16],"damage_taken":[{"damage":10.0,"enemies":"Cultist","floor":1.0,"turns":4.0},{"damage":9,"enemies":"Small Slimes","floor":5,"turns":5},{"damage":9,"enemies":"Jaw Worm","floor":8,"turns":4},{"damage":22,"enemies":"Lagavulin","floor":10,"turns":7},{"damage":37,"enemies":"The Mushroom Lair","floor":11,"turns":7},{"damage":14,"enemies":"3 Louse","floor":13,"turns":6},{"damage":11,"enemies":"Looter","floor":14,"turns":4},{"damage":35,"enemies":"Hexaghost","floor":16,"turns":13}],"seed_played":"2658419530843488775","potions_obtained":[{"floor":1.0,"key":"Poison Potion"},{"floor":8,"key":"Poison Potion"},{"floor":13,"key":"GamblersBrew"},{"floor":14,"key":"Explosive Potion"}],"is_trial":false,"path_per_floor":["M","?","?","$","M","R","?","M","T","E","?","$","M","M","R","B"],"character_chosen":"IRONCLAD","items_purchased":["Armaments","Impervious"],"campfire_rested":0,"item_purchase_floors":[4,12],"current_hp_per_floor":[64,64,64,64,61,61,61,58,58,42,23,23,27,34,34,0],"gold":57,"neow_bonus":"THREE_CARDS","is_prod":false,"is_daily":false,"chose_seed":false,"campfire_upgraded":2,"win_rate":0,"timestamp":1557978846,"path_taken":["M","?","?","$","?","R","?","M","T","E","?","$","M","M","R","BOSS"],"build_version":"2019-01-23","purchased_purges":1,"victory":false,"max_hp_per_floor":[75,75,75,75,75,75,68,68,68,68,68,68,68,68,68,68],"card_choices":[{"not_picked":["Heavy Blade","Clash"],"picked":"Uppercut","floor":0.0},{"not_picked":["Blood for Blood","Flame Barrier"],"picked":"Feel No Pain","floor":1.0},{"not_picked":["Flex","Flame Barrier"],"picked":"True Grit","floor":5},{"not_picked":["Armaments","Twin Strike","Clothesline"],"picked":"SKIP","floor":8},{"not_picked":["Dropkick","Dual Wield","Twin Strike"],"picked":"SKIP","floor":10},{"not_picked":["Twin Strike","Warcry","Seeing Red"],"picked":"SKIP","floor":13},{"not_picked":["Warcry","Havoc"],"picked":"Shrug It Off","floor":14}],"player_experience":841120,"relics_obtained":[{"floor":9,"key":"Meat on the Bone"},{"floor":10,"key":"Ancient Tea Set"},{"floor":11,"key":"Odd Mushroom"}],"event_choices":[{"cards_removed":["Strike_R"],"damage_healed":0,"gold_gain":0,"player_choice":"Forget","damage_taken":0,"max_hp_gain":0,"max_hp_loss":0,"event_name":"Living Wall","floor":2,"gold_loss":0},{"damage_healed":0,"gold_gain":0,"player_choice":"Leave","damage_taken":0,"max_hp_gain":0,"max_hp_loss":0,"event_name":"The Cleric","floor":3,"gold_loss":0},{"damage_healed":0,"gold_gain":0,"player_choice":"Lose Max HP","damage_taken":0,"relics_obtained":["Golden Idol"],"max_hp_gain":0,"max_hp_loss":7,"event_name":"Golden Idol","floor":7,"gold_loss":0},{"damage_healed":0,"gold_gain":0,"player_choice":"Fought Mushrooms","damage_taken":0,"max_hp_gain":0,"max_hp_loss":0,"event_name":"Mushrooms","floor":11,"gold_loss":0}],"is_beta":false,"boss_relics":[],"items_purged_floors":[12],"is_endless":false,"potions_floor_spawned":[1,8,13,14],"killed_by":"Hexaghost","ascension_level":20}