{"gold_per_floor":[219,237,21,41,41,85,99,99,99,118,43,58,73,93,93,189,189,214,214,193,206,32,32,45,45,45,58,58],"floor_reached":28,"playtime":1439,"items_purged":["Strike_B","Strike_B"],"score":452,"play_id":"73b95750-6756-4aaa-baf9-96d48d773718","local_time":"20190527153519","is_ascension_mode":true,"campfire_choices":[{"data":"Dualcast","floor":8,"key":"SMITH"},{"data":"Coolheaded","floor":15,"key":"SMITH"},{"data":"Turbo","floor":23,"key":"SMITH"},{"floor":25,"key":"REST"}],"neow_cost":"NONE","seed_source_timestamp":534381472985434,"circlet_count":0,"master_deck":["AscendersBane","Strike_B","Defend_B","Defend_B","Defend_B","Defend_B","Zap","Dualcast+1","Self Repair","Undo","Ball Lightning","Recycle","Heatsinks","Coolheaded+1","Turbo+1","Capacitor","Defragment","Reinforced Body+1","Skim","Defragment","Chill"],"relics":["Cracked Core","DataDisk","Golden Idol","Calipers","Runic Dome","Strawberry"],"potions_floor_usage":[6,21,21],"damage_taken":[{"damage":0,"enemies":"2 Louse","floor":1,"turns":3},{"damage":15,"enemies":"Small Slimes","floor":2,"turns":4},{"damage":0,"enemies":"Cultist","floor":4,"turns":2},{"damage":32,"enemies":"Gremlin Nob","floor":6,"turns":4},{"damage":3,"enemies":"2 Fungi Beasts","floor":7,"turns":3},{"damage":12,"enemies":"Looter","floor":10,"turns":3},{"damage":12,"enemies":"Exordium Thugs","floor":12,"turns":5},{"damage":9,"enemies":"Large Slime","floor":13,"turns":6},{"damage":8,"enemies":"Blue Slaver","floor":14,"turns":4},{"damage":10,"enemies":"The Guardian","floor":16,"turns":13},{"damage":16,"enemies":"Spheric Guardian","floor":18,"turns":5},{"damage":16,"enemies":"2 Thieves","floor":20,"turns":5},{"damage":11,"enemies":"Snake Plant","floor":21,"turns":4},{"damage":26,"enemies":"Shelled Parasite and Fungi","floor":24,"turns":9},{"damage":0,"enemies":"Centurion and Healer","floor":27,"turns":8},{"damage":43,"enemies":"Masked Bandits","floor":28,"turns":3}],"seed_played":"4890242800726871418","potions_obtained":[{"floor":1,"key":"Weak Potion"},{"floor":2,"key":"Poison Potion"},{"floor":7,"key":"SneckoOil"},{"floor":16,"key":"AttackPotion"},{"floor":18,"key":"FocusPotion"},{"floor":24,"key":"Dexterity Potion"}],"is_trial":false,"path_per_floor":["M","M","$","M","?","E","M","R","T","M","$","M","M","M","R","B",null,"M","?","M","M","$","R","M","R","T","M","?"],"character_chosen":"DEFECT","items_purchased":["DataDisk","Ball Lightning","Defragment"],"campfire_rested":1,"item_purchase_floors":[3,3,22],"current_hp_per_floor":[64,56,56,56,56,31,35,35,35,30,30,25,23,22,22,12,51,42,42,33,29,29,29,10,29,36,43,0],"gold":58,"neow_bonus":"HUNDRED_GOLD","is_prod":false,"is_daily":false,"chose_seed":false,"campfire_upgraded":3,"win_rate":0,"timestamp":1558942519,"path_taken":["M","M","$","M","?","E","M","R","T","M","$","M","M","M","R","BOSS","M","?","M","?","$","R","M","R","T","M","?"],"build_version":"2019-01-23","purchased_purges":2,"victory":false,"max_hp_per_floor":[71,71,71,71,64,64,64,64,64,64,64,64,64,64,64,64,64,64,64,64,64,64,64,64,64,71,71,71],"card_choices":[{"not_picked":["Darkness","Gash"],"picked":"Self Repair","floor":1},{"not_picked":["Go for the Eyes","Gash"],"picked":"Undo","floor":2},{"not_picked":["Beam Cell","Hologram","Sweeping Beam"],"picked":"SKIP","floor":4},{"not_picked":["Ball Lightning","Barrage"],"picked":"Recycle","floor":6},{"not_picked":["Conserve Battery","Go for the Eyes"],"picked":"Heatsinks","floor":7},{"not_picked":["Hyperbeam","Redo"],"picked":"Coolheaded","floor":10},{"not_picked":["Loop","Auto Shields"],"picked":"Turbo","floor":12},{"not_picked":["Hologram","Go for the Eyes"],"picked":"Capacitor","floor":13},{"not_picked":["Ball Lightning","Barrage"],"picked":"Defragment","floor":14},{"not_picked":["Go for the Eyes+1","Leap"],"picked":"Reinforced Body+1","floor":18},{"not_picked":["Turbo","Reprogram+1"],"picked":"Skim","floor":20},{"not_picked":["Hello World","Auto Shields","Coolheaded"],"picked":"SKIP","floor":21},{"not_picked":["Gash+1","Genetic Algorithm"],"picked":"Chill","floor":24},{"not_picked":["Stack","Go for the Eyes","Redo"],"picked":"SKIP","floor":27}],"player_experience":953649,"relics_obtained":[{"floor":6,"key":"Calipers"},{"floor":26,"key":"Strawberry"}],"event_choices":[{"damage_healed":0,"gold_gain":0,"player_choice":"Lose Max HP","damage_taken":0,"relics_obtained":["Golden Idol"],"max_hp_gain":0,"max_hp_loss":7,"event_name":"Golden Idol","floor":5,"gold_loss":0},{"cards_removed":["Strike_B"],"damage_healed":0,"gold_gain":0,"player_choice":"Offered Basic","damage_taken":0,"max_hp_gain":0,"max_hp_loss":0,"event_name":"Bonfire Elementals","floor":19,"gold_loss":0},{"damage_healed":0,"gold_gain":0,"player_choice":"Fought Bandits","damage_taken":0,"max_hp_gain":0,"max_hp_loss":0,"event_name":"Masked Bandits","floor":28,"gold_loss":0}],"is_beta":false,"boss_relics":[{"not_picked":["Calling Bell","Black Star"],"picked":"Runic Dome"}],"items_purged_floors":[11,22],"is_endless":false,"potions_floor_spawned":[1,2,7,16,18,24],"killed_by":"Masked Bandits","ascension_level":20}