{"gold_per_floor":[116,133,18,18,18,18,32,48,72,103,64,77,77,140,140,239,239,253,267,282,197,122,122,156,156,156,187,187],"floor_reached":28,"playtime":2559,"items_purged":["Strike_G"],"score":316,"play_id":"411981ad-8bb0-459e-b392-fb0fb50db34e","local_time":"20181228174713","is_ascension_mode":false,"campfire_choices":[{"data":"Poisoned Stab","floor":6,"key":"SMITH"},{"floor":13,"key":"REST"},{"data":"Catalyst","floor":15,"key":"SMITH"},{"floor":23,"key":"RECALL"},{"floor":25,"key":"REST"}],"neow_cost":"NONE","seed_source_timestamp":2348615097138868,"circlet_count":0,"master_deck":["Defend_G","Defend_G","Defend_G","Defend_G","Strike_G","Strike_G","Strike_G","Survivor","Neutralize","Poisoned Stab+1","Outmaneuver","Footwork","Doppelganger","Cloak And Dagger","Well Laid Plans","Poisoned Stab","Escape Plan","Tactician","Catalyst+1","After Image","PiercingWail","Burst","Concentrate","Poisoned Stab"],"relics":["Ring of the Snake","Bag of Preparation","Blood Vial","Snake Skull","Tiny Chest","Philosopher\u0027s Stone","Vajra","Sundial","Boot"],"potions_floor_usage":[16,16,19],"damage_taken":[{"damage":3,"enemies":"Cultist","floor":1,"turns":6},{"damage":1,"enemies":"Jaw Worm","floor":2,"turns":5},{"damage":0,"enemies":"2 Louse","floor":7,"turns":3},{"damage":0,"enemies":"2 Fungi Beasts","floor":8,"turns":4},{"damage":4,"enemies":"Lagavulin","floor":10,"turns":10},{"damage":12,"enemies":"Looter","floor":12,"turns":4},{"damage":14,"enemies":"3 Sentries","floor":14,"turns":10},{"damage":0,"enemies":"The Guardian","floor":16,"turns":8},{"damage":1,"enemies":"Chosen","floor":18,"turns":4},{"damage":4,"enemies":"Spheric Guardian","floor":19,"turns":6},{"damage":14,"enemies":"Snecko","floor":20,"turns":3},{"damage":44,"enemies":"Slavers","floor":24,"turns":12},{"damage":33,"enemies":"Book of Stabbing","floor":27,"turns":7},{"damage":21,"enemies":"Masked Bandits","floor":28,"turns":3}],"seed_played":"-6689753759946129591","potions_obtained":[{"floor":1,"key":"FearPotion"},{"floor":2,"key":"Dexterity Potion"},{"floor":16,"key":"Weak Potion"},{"floor":18,"key":"SteroidPotion"}],"is_trial":false,"path_per_floor":["M","M","$","?","?","R","M","M","T","E","$","M","R","E","R","B",null,"M","M","M","?","?","R","E","R","T","E","?"],"character_chosen":"THE_SILENT","items_purchased":["Footwork","Escape Plan"],"campfire_rested":2,"item_purchase_floors":[3,11],"current_hp_per_floor":[74,73,73,61,61,61,61,61,61,59,59,49,72,60,60,62,77,76,73,61,61,61,61,19,42,42,11,0],"gold":187,"neow_bonus":"TEN_PERCENT_HP_BONUS","is_prod":false,"is_daily":false,"chose_seed":false,"campfire_upgraded":2,"win_rate":0,"timestamp":1545979633,"path_taken":["M","M","$","?","?","R","M","M","T","E","?","M","R","E","R","BOSS","M","M","M","?","?","R","E","R","T","E","?"],"build_version":"2018-12-20","purchased_purges":1,"victory":false,"max_hp_per_floor":[77,77,77,77,77,77,77,77,77,77,77,77,77,77,77,77,77,77,77,77,77,77,77,77,77,77,77,77],"card_choices":[{"not_picked":["Footwork","Dash"],"picked":"Poisoned Stab","floor":1},{"not_picked":["Underhanded Strike","Terror"],"picked":"Outmaneuver","floor":2},{"not_picked":["Footwork","Backstab"],"picked":"Cloak And Dagger","floor":7},{"not_picked":["Masterful Stab","Deflect"],"picked":"Well Laid Plans","floor":8},{"not_picked":["Bouncing Flask","Masterful Stab"],"picked":"Poisoned Stab","floor":10},{"not_picked":["Distraction","Underhanded Strike"],"picked":"Tactician","floor":12},{"not_picked":["Concentrate","Skewer"],"picked":"Catalyst","floor":14},{"not_picked":["A Thousand Cuts","Doppelganger"],"picked":"After Image","floor":16},{"not_picked":["Quick Slash+1","Caltrops"],"picked":"PiercingWail","floor":18},{"not_picked":["Quick Slash","Deadly Poison"],"picked":"Burst","floor":19},{"not_picked":["Underhanded Strike+1","Quick Slash","Heel Hook"],"picked":"SKIP","floor":20},{"not_picked":["Sucker Punch","Predator"],"picked":"Concentrate","floor":24},{"not_picked":["Accuracy","Endless Agony"],"picked":"Poisoned Stab","floor":27}],"player_experience":334736,"relics_obtained":[{"floor":9,"key":"Blood Vial"},{"floor":10,"key":"Snake Skull"},{"floor":14,"key":"Tiny Chest"},{"floor":24,"key":"Sundial"},{"floor":27,"key":"Boot"}],"event_choices":[{"damage_healed":0,"gold_gain":0,"player_choice":"Success","damage_taken":12,"relics_obtained":["Bag of Preparation"],"max_hp_gain":0,"max_hp_loss":0,"event_name":"Scrap Ooze","floor":4,"gold_loss":0},{"damage_healed":0,"gold_gain":0,"cards_transformed":["Strike_G"],"player_choice":"Change","damage_taken":0,"max_hp_gain":0,"max_hp_loss":0,"event_name":"Living Wall","floor":5,"gold_loss":0,"cards_obtained":["Doppelganger"]},{"damage_healed":0,"gold_gain":0,"player_choice":"Obtained Relic","damage_taken":0,"relics_obtained":["Vajra"],"max_hp_gain":0,"max_hp_loss":0,"event_name":"Addict","floor":21,"gold_loss":85},{"cards_removed":["Defend_G"],"damage_healed":0,"gold_gain":0,"player_choice":"Gave Gold","damage_taken":0,"max_hp_gain":0,"max_hp_loss":0,"event_name":"Beggar","floor":22,"gold_loss":75},{"damage_healed":0,"gold_gain":0,"player_choice":"Fought Bandits","damage_taken":0,"max_hp_gain":0,"max_hp_loss":0,"event_name":"Masked Bandits","floor":28,"gold_loss":0}],"is_beta":false,"boss_relics":[{"not_picked":["Coffee Dripper","Runic Dome"],"picked":"Philosopher\u0027s Stone"}],"items_purged_floors":[3],"is_endless":false,"potions_floor_spawned":[1,2,16,18],"killed_by":"Masked Bandits","ascension_level":0}