{"gold_per_floor":[114,128,128,147,147,147,160,189,189,189,255,269,319,380,380,479,479,499,517,403,453,503,536,536,562,562,562,637,702,713,733,733,829,829,847,461,11,75,125,125,142,40,40,71,87,87,20,32,32,32],"floor_reached":50,"playtime":3454,"items_purged":[],"score":718,"play_id":"0b6c8f11-807e-40dc-9c23-c5167a10057d","local_time":"20190129181336","is_ascension_mode":true,"campfire_choices":[{"data":"Zap","floor":6.0,"key":"SMITH"},{"floor":10.0,"key":"REST"},{"floor":15.0,"key":"REST"},{"floor":24.0,"key":"REST"},{"floor":27.0,"key":"REST"},{"floor":32.0,"key":"REST"},{"data":"Creative AI","floor":40.0,"key":"SMITH"},{"floor":46.0,"key":"REST"},{"floor":49.0,"key":"REST"}],"neow_cost":"NONE","seed_source_timestamp":0,"circlet_count":0,"master_deck":["Zap+1","Dualcast","Seek","Gash","Ball Lightning","Gash","Sunder","Turbo","Coolheaded","Beam Cell","Leap","Electrodynamics","Melter","Capacitor","Creative AI+1","Ball Lightning","Stack","Seek","Sweeping Beam","Aggregate","Hologram","Blizzard","Defragment","Conserve Battery","Capacitor","Seek+1","Defragment","Coolheaded+1","Coolheaded+1","All For One","Redo+1","Panache","Chaos+1","Leap+1","Leap+1","Defragment","Gash","Conserve Battery+1","Parasite","Cold Snap+1","Defragment","Stack+1"],"special_seed":0,"relics":["Cracked Core","Lantern","SsserpentHead","Bottled Lightning","Bag of Marbles","Ornamental Fan","Pandora\u0027s Box","MutagenicStrength","DataDisk","Toxic Egg 2","Pear","PreservedInsect","Eternal Feather","Bottled Tornado","Bronze Scales","Gremlin Horn","Sundial","Dodecahedron"],"potions_floor_usage":[50],"damage_taken":[{"damage":3.0,"enemies":"Jaw Worm","floor":1.0,"turns":4.0},{"damage":1.0,"enemies":"Cultist","floor":2.0,"turns":3.0},{"damage":1.0,"enemies":"2 Louse","floor":4.0,"turns":2.0},{"damage":6.0,"enemies":"Looter","floor":7.0,"turns":2.0},{"damage":18.0,"enemies":"Gremlin Nob","floor":8.0,"turns":3.0},{"damage":8.0,"enemies":"Blue Slaver","floor":11.0,"turns":2.0},{"damage":0.0,"enemies":"Exordium Thugs","floor":12.0,"turns":3.0},{"damage":0.0,"enemies":"Lots of Slimes","floor":14.0,"turns":2.0},{"damage":21.0,"enemies":"Hexaghost","floor":16.0,"turns":8.0},{"damage":0.0,"enemies":"Spheric Guardian","floor":18.0,"turns":1.0},{"damage":8.0,"enemies":"Chosen","floor":19.0,"turns":5.0},{"damage":11.0,"enemies":"Colosseum Slavers","floor":21.0,"turns":2.0},{"damage":34.0,"enemies":"Gremlin Leader","floor":23.0,"turns":5.0},{"damage":14.0,"enemies":"Slavers","floor":25.0,"turns":4.0},{"damage":0.0,"enemies":"3 Cultists","floor":29.0,"turns":3.0},{"damage":26.0,"enemies":"Chosen and Byrds","floor":30.0,"turns":4.0},{"damage":34.0,"enemies":"Shelled Parasite and Fungi","floor":31.0,"turns":6.0},{"damage":33.0,"enemies":"Collector","floor":33.0,"turns":11.0},{"damage":6.0,"enemies":"3 Shapes","floor":35.0,"turns":4.0},{"damage":5.0,"enemies":"Orb Walker","floor":38.0,"turns":3.0},{"damage":22.0,"enemies":"Transient","floor":41.0,"turns":5.0},{"damage":10.0,"enemies":"Reptomancer","floor":44.0,"turns":4.0},{"damage":26.0,"enemies":"Writhing Mass","floor":45.0,"turns":4.0},{"damage":40.0,"enemies":"Spire Growth","floor":48.0,"turns":5.0},{"damage":82,"enemies":"Awakened One","floor":50,"turns":6}],"seed_played":"-8070533806331918721","potions_obtained":[{"floor":4.0,"key":"Poison Potion"},{"floor":7.0,"key":"Poison Potion"},{"floor":11.0,"key":"SkillPotion"},{"floor":14.0,"key":"Swift Potion"},{"floor":16.0,"key":"Dexterity Potion"},{"floor":23.0,"key":"Poison Potion"},{"floor":30.0,"key":"Regen Potion"},{"floor":31.0,"key":"Swift Potion"},{"floor":38.0,"key":"SkillPotion"},{"floor":44.0,"key":"LiquidBronze"}],"is_trial":false,"path_per_floor":["M","M","?","M","?","R","M","E","T","R","M","M","T","M","R","B",null,"M","M","$","?","?","E","R","E","T","R","T","M","M","M","R","B",null,"M","$","$","M","?","R","M","$","T","E","M","R","$","M","R","B"],"character_chosen":"DEFECT","items_purchased":["Defragment","Conserve Battery","Bottled Tornado","Bronze Scales","Block Potion","Gremlin Horn","Panache","Chaos+1","Defragment","Gash","Defragment"],"campfire_rested":7,"item_purchase_floors":[20,20,36,36,36,37,37,37,42,42,47],"current_hp_per_floor":[72,71,59,58,58,58,52,34,34,56,48,48,48,48,70,49,69,69,61,61,50,50,16,38,24,34,59,59,59,33,14,39,6,65,59,59,59,54,54,72,50,50,50,40,14,63,63,23,72,0],"gold":32,"neow_bonus":"ONE_RANDOM_RARE_CARD","is_prod":false,"is_daily":false,"chose_seed":false,"campfire_upgraded":2,"win_rate":0,"timestamp":1548746016,"path_taken":["M","M","?","M","?","R","M","E","T","R","?","M","?","?","R","BOSS","M","M","$","?","?","E","R","E","T","R","?","?","M","M","R","BOSS","M","?","$","?","?","R","M","$","T","E","M","R","$","M","R","BOSS"],"build_version":"2019-01-23","purchased_purges":0,"victory":false,"max_hp_per_floor":[75,75,75,75,75,75,75,75,75,75,75,75,75,75,75,75,75,75,75,75,75,75,75,75,75,85,85,85,85,85,85,85,85,85,85,85,85,85,85,85,85,85,85,85,85,85,85,85,85,85],"card_choices":[{"not_picked":["Beam Cell","Conserve Battery"],"picked":"Gash","floor":1.0},{"not_picked":["Steam","Barrage"],"picked":"Ball Lightning","floor":2.0},{"not_picked":["Recycle","Reinforced Body"],"picked":"Gash","floor":4.0},{"not_picked":["Gash","Tempest"],"picked":"Sunder","floor":7.0},{"not_picked":["Gash","Hello World"],"picked":"Turbo","floor":8.0},{"not_picked":["Beam Cell","Tempest"],"picked":"Coolheaded","floor":11.0},{"not_picked":["Loop","Double Energy"],"picked":"Beam Cell","floor":12.0},{"not_picked":["Gash","Stack"],"picked":"Leap","floor":14.0},{"not_picked":["Core Surge","Buffer"],"picked":"Electrodynamics","floor":16.0},{"not_picked":["Turbo","Barrage"],"picked":"Hologram","floor":18.0},{"not_picked":["Doom and Gloom","Sweeping Beam"],"picked":"Blizzard","floor":19.0},{"not_picked":["Beam Cell","Sweeping Beam"],"picked":"Capacitor","floor":23.0},{"not_picked":["Static Discharge","Compile Driver+1"],"picked":"Seek","floor":25.0},{"not_picked":["Sweeping Beam","Steam Power+1"],"picked":"Defragment","floor":29.0},{"not_picked":["Rebound","Go for the Eyes"],"picked":"Coolheaded+1","floor":30.0},{"not_picked":["Scrape","Capacitor+1"],"picked":"Coolheaded+1","floor":31.0},{"not_picked":["Machine Learning","Biased Cognition"],"picked":"All For One","floor":33.0},{"not_picked":["Reprogram+1","Darkness+1"],"picked":"Redo+1","floor":35.0},{"not_picked":["Hologram+1","Coolheaded+1"],"picked":"Leap+1","floor":38.0},{"not_picked":["Multi-Cast+1","Auto Shields+1"],"picked":"Leap+1","floor":41.0},{"not_picked":["Sunder+1","Rebound"],"picked":"Conserve Battery+1","floor":44.0},{"not_picked":["Sweeping Beam+1","Lockon+1"],"picked":"Cold Snap+1","floor":45.0},{"not_picked":["Recycle+1","Turbo+1"],"picked":"Stack+1","floor":48.0}],"player_experience":570260,"relics_obtained":[{"floor":8.0,"key":"Bottled Lightning"},{"floor":9.0,"key":"Bag of Marbles"},{"floor":13.0,"key":"Ornamental Fan"},{"floor":23.0,"key":"DataDisk"},{"floor":25.0,"key":"Toxic Egg 2"},{"floor":26.0,"key":"Pear"},{"floor":28.0,"key":"PreservedInsect"},{"floor":43.0,"key":"Sundial"},{"floor":44.0,"key":"Dodecahedron"}],"event_choices":[{"damage_healed":0.0,"max_hp_gain":0.0,"max_hp_loss":0.0,"gold_gain":0.0,"event_name":"Scrap Ooze","player_choice":"Success","floor":3.0,"gold_loss":0.0,"damage_taken":12.0,"relics_obtained":["Lantern"]},{"damage_healed":0.0,"max_hp_gain":0.0,"max_hp_loss":0.0,"gold_gain":0.0,"event_name":"FaceTrader","player_choice":"Trade","floor":5.0,"gold_loss":0.0,"damage_taken":0.0,"relics_obtained":["SsserpentHead"]},{"damage_healed":0.0,"max_hp_gain":0.0,"max_hp_loss":0.0,"gold_gain":0.0,"event_name":"Colosseum","player_choice":"Fight","floor":21.0,"gold_loss":0.0,"damage_taken":0.0},{"damage_healed":0.0,"max_hp_gain":0.0,"max_hp_loss":0.0,"gold_gain":0.0,"event_name":"Colosseum","player_choice":"Fled From Nobs","floor":21.0,"gold_loss":0.0,"damage_taken":0.0},{"damage_healed":0.0,"max_hp_gain":0.0,"max_hp_loss":0.0,"gold_gain":0.0,"event_name":"Drug Dealer","player_choice":"Inject Mutagens","floor":22.0,"gold_loss":0.0,"damage_taken":0.0,"relics_obtained":["MutagenicStrength"]},{"damage_healed":0.0,"max_hp_gain":0.0,"max_hp_loss":0.0,"gold_gain":0.0,"event_name":"Mysterious Sphere","player_choice":"Ignored","floor":39.0,"gold_loss":0.0,"damage_taken":0.0}],"is_beta":false,"boss_relics":[{"not_picked":["Lizard Tail","Nuclear Battery"],"picked":"Pandora\u0027s Box"},{"not_picked":["Empty Cage","Calling Bell"],"picked":"Eternal Feather"}],"items_purged_floors":[],"is_endless":false,"potions_floor_spawned":[4,7,11,14,16,21,23,30,31,38,44],"killed_by":"Awakened One","ascension_level":5}