{"gold_per_floor":[116,133,133,148,163,163,494,93,93,103,136,152,163,181,181,259,259,259],"floor_reached":18,"playtime":588,"items_purged":["Pain"],"score":352,"play_id":"8bc9449d-23e3-4e2f-811a-ce71cf71a985","local_time":"20190517212026","is_ascension_mode":true,"campfire_choices":[{"data":"Bludgeon","floor":6.0,"key":"SMITH"},{"floor":15.0,"key":"REST"}],"neow_cost":"NONE","seed_source_timestamp":79238905521750,"circlet_count":0,"master_deck":["AscendersBane","Strike_R","Strike_R","Strike_R","Defend_R","Defend_R","Defend_R","Defend_R","Bash","Bludgeon+1","Sword Boomerang","Evolve","Feel No Pain","Shrug It Off","Feed+1"],"special_seed":0,"relics":["Burning Blood","WarpedTongs","Old Coin","Ice Cream","Molten Egg 2","Bottled Flame","Empty Cage"],"potions_floor_usage":[16],"damage_taken":[{"damage":7.0,"enemies":"Small Slimes","floor":1.0,"turns":3.0},{"damage":1.0,"enemies":"Cultist","floor":2.0,"turns":3.0},{"damage":11.0,"enemies":"2 Louse","floor":4.0,"turns":3.0},{"damage":27.0,"enemies":"Exordium Wildlife","floor":5.0,"turns":5.0},{"damage":15.0,"enemies":"3 Sentries","floor":7.0,"turns":8.0},{"damage":7.0,"enemies":"3 Louse","floor":10.0,"turns":4.0},{"damage":11.0,"enemies":"Lagavulin","floor":11.0,"turns":7.0},{"damage":27.0,"enemies":"Large Slime","floor":12.0,"turns":5.0},{"damage":1.0,"enemies":"Exordium Wildlife","floor":13.0,"turns":4.0},{"damage":0.0,"enemies":"Looter","floor":14.0,"turns":1.0},{"damage":37,"enemies":"Slime Boss","floor":16,"turns":7},{"damage":4,"enemies":"3 Byrds","floor":18,"turns":2}],"seed_played":"-7262419655759857050","potions_obtained":[{"floor":2.0,"key":"SpeedPotion"},{"floor":11.0,"key":"Poison Potion"},{"floor":14.0,"key":"Strength Potion"},{"floor":16,"key":"AttackPotion"}],"is_trial":false,"path_per_floor":["M","M","?","M","M","R","E","$","T","M","E","M","M","M","R","B",null,"M"],"character_chosen":"IRONCLAD","items_purchased":["Ice Cream"],"campfire_rested":1,"item_purchase_floors":[8],"current_hp_per_floor":[67,72,72,67,46,46,37,37,37,36,31,10,15,21,43,12,59,55],"gold":259,"neow_bonus":"ONE_RANDOM_RARE_CARD","is_prod":false,"is_daily":false,"chose_seed":false,"campfire_upgraded":1,"win_rate":0,"timestamp":1558099226,"path_taken":["M","M","?","M","M","R","E","$","T","M","E","M","M","M","R","BOSS","M"],"build_version":"2019-01-23","purchased_purges":1,"victory":false,"max_hp_per_floor":[75,75,75,75,75,75,75,75,75,75,75,75,75,75,75,75,75,75],"card_choices":[{"not_picked":["Cleave","Body Slam"],"picked":"Sword Boomerang","floor":1.0},{"not_picked":["Wild Strike","Sword Boomerang"],"picked":"Evolve","floor":2.0},{"not_picked":["Thunderclap","Dropkick","Sword Boomerang"],"picked":"SKIP","floor":4.0},{"not_picked":["Dual Wield","Flex"],"picked":"Feel No Pain","floor":5.0},{"not_picked":["Sword Boomerang","Carnage","Searing Blow"],"picked":"SKIP","floor":7.0},{"not_picked":["Heavy Blade+1","Cleave+1","Armaments"],"picked":"SKIP","floor":10.0},{"not_picked":["Dual Wield","Cleave+1","Armaments"],"picked":"SKIP","floor":11.0},{"not_picked":["Heavy Blade+1","Cleave+1"],"picked":"Shrug It Off","floor":12.0},{"not_picked":["Spot Weakness","Cleave+1","Wild Strike+1"],"picked":"SKIP","floor":13.0},{"not_picked":["Ghostly Armor","Armaments","Twin Strike+1"],"picked":"SKIP","floor":14.0},{"not_picked":["Dark Embrace","Barricade"],"picked":"Feed+1","floor":16}],"player_experience":862028,"relics_obtained":[{"floor":7.0,"key":"Old Coin"},{"floor":9.0,"key":"Molten Egg 2"},{"floor":11.0,"key":"Bottled Flame"}],"event_choices":[{"damage_healed":0.0,"max_hp_gain":0.0,"max_hp_loss":0.0,"gold_gain":0.0,"event_name":"Accursed Blacksmith","player_choice":"Rummage","floor":3.0,"gold_loss":0.0,"damage_taken":0.0,"relics_obtained":["WarpedTongs"],"cards_obtained":["Pain"]}],"is_beta":false,"boss_relics":[{"not_picked":["Orrery","Calling Bell"],"picked":"Empty Cage"}],"items_purged_floors":[8],"is_endless":false,"potions_floor_spawned":[2,11,12,14,16],"killed_by":"3 Byrds","ascension_level":20}