{"gold_per_floor":[114,74,74,87,97,127,127,32,32,32,46,64,64,14,14,113,113,131,164,50,62,62,92,92,106,130,144,162,162,174,227,227,329,329,344,344,344,354,28,28,58,58,58,58,58,70,105,125,125,125,125,125,4,31,31],"floor_reached":56,"playtime":5722,"items_purged":[],"score":1403,"play_id":"f5a7e563-6c24-406c-ab53-b74e795b3d28","local_time":"20190808213635","is_ascension_mode":true,"campfire_choices":[{"data":"A Thousand Cuts","floor":7,"key":"SMITH"},{"floor":13,"key":"RECALL"},{"data":"Neutralize","floor":15,"key":"SMITH"},{"data":"After Image","floor":24,"key":"SMITH"},{"data":"Noxious Fumes","floor":29,"key":"SMITH"},{"data":"Infinite Blades","floor":32,"key":"SMITH"},{"data":"Panache","floor":40,"key":"SMITH"},{"data":"Acrobatics","floor":42,"key":"SMITH"},{"data":"Footwork","floor":44,"key":"SMITH"},{"data":"Noxious Fumes","floor":49,"key":"SMITH"},{"data":"Footwork","floor":52,"key":"SMITH"}],"neow_cost":"NONE","seed_source_timestamp":242250067797246,"circlet_count":0,"master_deck":["Strike_G","Strike_G","Strike_G","Defend_G","Defend_G","Defend_G","Defend_G","Defend_G+1","Survivor","Neutralize+1","Escape Plan","Infinite Blades+1","Backflip","Footwork+1","Escape Plan","A Thousand Cuts+1","Blind","Backflip+1","After Image+1","Deflect","Blur","Escape Plan","Well Laid Plans","Well Laid Plans","Blur","Noxious Fumes+1","Deadly Poison","Backflip","Die Die Die","Acrobatics+1","Panache+1","Poisoned Stab+1","Footwork+1","Acrobatics+1","Writhe","Noxious Fumes+1","Quick Slash+1","Acrobatics"],"relics":["Ring of the Snake","NeowsBlessing","Singing Bowl","Happy Flower","Coffee Dripper","Red Mask","Potion Belt","Centennial Puzzle","Cursed Key","Kunai","Shuriken","The Courier","War Paint","Bag of Marbles"],"potions_floor_usage":[16,27,28,33,50,55,55,55,55,55],"damage_taken":[{"damage":0,"enemies":"2 Louse","floor":1,"turns":1},{"damage":0,"enemies":"Cultist","floor":4,"turns":1},{"damage":0,"enemies":"Small Slimes","floor":5,"turns":1},{"damage":20,"enemies":"3 Sentries","floor":6,"turns":13},{"damage":4,"enemies":"Blue Slaver","floor":11,"turns":4},{"damage":0,"enemies":"2 Fungi Beasts","floor":12,"turns":3},{"damage":27,"enemies":"Hexaghost","floor":16,"turns":11},{"damage":0,"enemies":"Spheric Guardian","floor":18,"turns":6},{"damage":15,"enemies":"Masked Bandits","floor":19,"turns":7},{"damage":0,"enemies":"Chosen","floor":21,"turns":4},{"damage":0,"enemies":"Book of Stabbing","floor":23,"turns":7},{"damage":8,"enemies":"Snake Plant","floor":25,"turns":7},{"damage":5,"enemies":"Shelled Parasite and Fungi","floor":27,"turns":7},{"damage":0,"enemies":"Snecko","floor":28,"turns":8},{"damage":10,"enemies":"Chosen and Byrds","floor":30,"turns":7},{"damage":0,"enemies":"Champ","floor":33,"turns":13},{"damage":1,"enemies":"3 Darklings","floor":35,"turns":5},{"damage":0,"enemies":"Orb Walker","floor":38,"turns":4},{"damage":0,"enemies":"Giant Head","floor":41,"turns":9},{"damage":6,"enemies":"Maw","floor":46,"turns":7},{"damage":0,"enemies":"Nemesis","floor":47,"turns":7},{"damage":0,"enemies":"4 Shapes","floor":48,"turns":2},{"damage":19,"enemies":"Awakened One","floor":50,"turns":12},{"damage":17,"enemies":"Shield and Spear","floor":54,"turns":6},{"damage":21,"enemies":"The Heart","floor":55,"turns":11}],"seed_played":"4435020200104805847","potions_obtained":[{"floor":1,"key":"Energy Potion"},{"floor":4,"key":"Ancient Potion"},{"floor":12,"key":"Poison Potion"},{"floor":18,"key":"Regen Potion"},{"floor":19,"key":"SkillPotion"},{"floor":27,"key":"LiquidBronze"},{"floor":28,"key":"AttackPotion"},{"floor":35,"key":"GamblersBrew"},{"floor":46,"key":"Ancient Potion"},{"floor":48,"key":"Dexterity Potion"},{"floor":54,"key":"Swift Potion"}],"is_trial":false,"path_per_floor":["M","$","?","M","M","E","R","$","T","?","M","M","R","?","R","B",null,"M","?","$","M","?","E","R","M","T","M","M","R","M","T","R","B",null,"M","?","?","M","$","R","E","R","T","R","?","M","E","M","R","B",null,"R","$","E","B",null],"character_chosen":"THE_SILENT","items_purchased":["Infinite Blades","Blind","Escape Plan","Well Laid Plans","Kunai","Footwork","War Paint"],"campfire_rested":0,"item_purchase_floors":[2,8,20,20,39,39,53],"current_hp_per_floor":[70,70,70,70,70,50,50,50,50,50,48,48,48,48,48,21,72,72,57,57,57,50,50,50,44,44,54,54,54,44,44,44,44,74,73,73,70,70,70,70,70,70,70,70,70,66,66,66,66,47,72,72,72,55,34],"gold":31,"neow_bonus":"THREE_ENEMY_KILL","is_prod":false,"is_daily":false,"chose_seed":false,"campfire_upgraded":10,"win_rate":0,"timestamp":1565314595,"path_taken":["M","$","?","M","?","E","R","$","T","?","M","M","R","?","R","BOSS","M","?","$","M","?","E","R","M","T","M","?","R","M","?","R","BOSS","M","?","?","?","$","R","E","R","T","R","?","?","E","M","R","BOSS","R","$","E","BOSS"],"build_version":"2019-07-17","purchased_purges":0,"victory":true,"max_hp_per_floor":[70,70,70,70,70,70,70,70,70,70,72,72,72,72,72,72,72,72,72,72,72,72,72,72,74,74,74,74,74,74,74,74,74,74,74,74,70,70,70,70,70,70,70,70,70,72,72,72,72,72,72,72,72,72,72],"card_choices":[{"not_picked":["Outmaneuver","PiercingWail"],"picked":"Escape Plan","floor":1},{"not_picked":["Masterful Stab","Slice"],"picked":"Footwork","floor":4},{"not_picked":["Poisoned Stab","PiercingWail"],"picked":"Escape Plan","floor":5},{"not_picked":["Acrobatics","All Out Attack"],"picked":"A Thousand Cuts","floor":6},{"not_picked":["Outmaneuver","PiercingWail","Calculated Gamble"],"picked":"Singing Bowl","floor":11},{"not_picked":["Eviscerate","Underhanded Strike"],"picked":"Backflip","floor":12},{"not_picked":["Bullet Time","Night Terror"],"picked":"After Image","floor":16},{"not_picked":["Skewer+1","Sucker Punch"],"picked":"Deflect","floor":18},{"not_picked":["Quick Slash","Backflip"],"picked":"Blur","floor":19},{"not_picked":["Acrobatics","Sucker Punch"],"picked":"Well Laid Plans","floor":21},{"not_picked":["Finisher","Calculated Gamble"],"picked":"Blur","floor":23},{"not_picked":["Deadly Poison","Dodge and Roll","Underhanded Strike+1"],"picked":"Singing Bowl","floor":25},{"not_picked":["Backstab","Die Die Die"],"picked":"Noxious Fumes","floor":27},{"not_picked":["Predator","Underhanded Strike"],"picked":"Deadly Poison","floor":28},{"not_picked":["Caltrops+1","Deflect+1"],"picked":"Backflip","floor":30},{"not_picked":["Glass Knife","Unload"],"picked":"Die Die Die","floor":33},{"not_picked":["Accuracy","Deflect+1"],"picked":"Acrobatics+1","floor":35},{"not_picked":["Secret Technique","Forethought"],"picked":"Panache","floor":36},{"not_picked":["Reflex+1","PiercingWail+1"],"picked":"Poisoned Stab+1","floor":38},{"not_picked":["Skewer+1","All Out Attack+1"],"picked":"Acrobatics","floor":41},{"not_picked":["Leg Sweep","Underhanded Strike","Dagger Spray+1"],"picked":"Singing Bowl","floor":46},{"not_picked":["Accuracy+1","Outmaneuver"],"picked":"Noxious Fumes","floor":47},{"not_picked":["Dagger Spray+1","Masterful Stab"],"picked":"Quick Slash+1","floor":48},{"not_picked":["Prepared+1","Backstab+1"],"picked":"Acrobatics","floor":54}],"player_experience":108905,"relics_obtained":[{"floor":6,"key":"Singing Bowl"},{"floor":9,"key":"Happy Flower"},{"floor":19,"key":"Red Mask"},{"floor":23,"key":"Potion Belt"},{"floor":31,"key":"Centennial Puzzle"},{"floor":41,"key":"Shuriken"},{"floor":43,"key":"The Courier"},{"floor":54,"key":"Bag of Marbles"}],"event_choices":[{"damage_healed":0,"gold_gain":0,"cards_transformed":["Strike_G"],"player_choice":"Transformed","damage_taken":0,"max_hp_gain":0,"max_hp_loss":0,"event_name":"Transmorgrifier","floor":3,"gold_loss":0,"cards_obtained":["Backflip"]},{"damage_healed":0,"gold_gain":0,"player_choice":"Searched \u00270\u0027 times","damage_taken":0,"max_hp_gain":0,"max_hp_loss":0,"event_name":"Dead Adventurer","floor":10,"gold_loss":0},{"cards_removed":["Strike_G"],"damage_healed":0,"gold_gain":0,"player_choice":"Card Removal","damage_taken":0,"max_hp_gain":0,"max_hp_loss":0,"event_name":"The Cleric","floor":14,"gold_loss":50},{"damage_healed":0,"gold_gain":0,"player_choice":"Fought Bandits","damage_taken":0,"max_hp_gain":0,"max_hp_loss":0,"event_name":"Masked Bandits","floor":19,"gold_loss":0},{"damage_healed":0,"gold_gain":0,"player_choice":"Damaged","damage_taken":7,"max_hp_gain":0,"max_hp_loss":0,"event_name":"Wheel of Change","floor":22,"gold_loss":0},{"damage_healed":0,"gold_gain":0,"player_choice":"Memory 1","damage_taken":0,"max_hp_gain":0,"max_hp_loss":0,"event_name":"SensoryStone","floor":36,"gold_loss":0},{"damage_healed":0,"gold_gain":0,"player_choice":"Max HP","damage_taken":0,"max_hp_gain":0,"max_hp_loss":4,"event_name":"Winding Halls","floor":37,"gold_loss":0},{"damage_healed":0,"gold_gain":0,"player_choice":"Full Heal","damage_taken":0,"max_hp_gain":0,"max_hp_loss":0,"event_name":"Wheel of Change","floor":45,"gold_loss":0}],"is_beta":false,"boss_relics":[{"not_picked":["White Beast Statue","Lizard Tail"],"picked":"Coffee Dripper"},{"not_picked":["Calling Bell","Snecko Eye"],"picked":"Cursed Key"}],"items_purged_floors":[],"is_endless":false,"potions_floor_spawned":[1,4,12,18,19,27,28,35,46,48,54],"ascension_level":2}