{"gold_per_floor":[118,43,193,31,31,31,74,74,99,120,144,179,179,194,194,290,290,304,304,78,78,3,3],"floor_reached":23,"playtime":603,"items_purged":["Doubt","Strike_R"],"score":440,"play_id":"bedae4a7-23db-4193-8827-286bce857da5","local_time":"20190517195710","is_ascension_mode":true,"campfire_choices":[{"data":"Shockwave","floor":6.0,"key":"SMITH"},{"data":"Armaments","floor":8.0,"key":"SMITH"},{"data":"Pommel Strike","floor":13.0,"key":"SMITH"},{"floor":15.0,"key":"REST"}],"neow_cost":"NONE","seed_source_timestamp":74310064650827,"circlet_count":0,"master_deck":["AscendersBane","Strike_R","Strike_R","Strike_R","Defend_R","Defend_R","Defend_R","Defend_R","Bash","Pommel Strike+1","Shockwave+1","Armaments+1","Flex","Blood for Blood+1","Heavy Blade+1","Shrug It Off","Feed+1","Perfected Strike+1","Perfected Strike+1","Feel No Pain"],"special_seed":0,"relics":["Burning Blood","NeowsBlessing","Bloody Idol","Molten Egg 2","Lantern","Snecko Eye","Girya"],"potions_floor_usage":[],"damage_taken":[{"damage":0.0,"enemies":"Small Slimes","floor":1.0,"turns":1.0},{"damage":0.0,"enemies":"3 Sentries","floor":7.0,"turns":1.0},{"damage":0.0,"enemies":"Jaw Worm","floor":10.0,"turns":1.0},{"damage":10.0,"enemies":"2 Louse","floor":11.0,"turns":3.0},{"damage":39.0,"enemies":"Gremlin Nob","floor":12.0,"turns":5.0},{"damage":8.0,"enemies":"Looter","floor":14.0,"turns":4.0},{"damage":40.0,"enemies":"The Guardian","floor":16.0,"turns":12.0},{"damage":18.0,"enemies":"Spheric Guardian","floor":18.0,"turns":5.0},{"damage":41,"enemies":"Book of Stabbing","floor":23,"turns":5}],"seed_played":"-4675421057869387090","potions_obtained":[{"floor":11.0,"key":"FairyPotion"},{"floor":14.0,"key":"EssenceOfSteel"}],"is_trial":false,"path_per_floor":["M","?","?","$","?","R","E","R","T","M","M","E","R","M","R","B",null,"M","?","$","?","?","E"],"character_chosen":"IRONCLAD","items_purchased":["Shockwave","Perfected Strike+1","Feel No Pain"],"campfire_rested":1,"item_purchase_floors":[4,20,20],"current_hp_per_floor":[74,74,74,74,48,48,54,54,54,60,56,23,23,21,43,9,59,47,47,47,47,47,6],"gold":3,"neow_bonus":"THREE_ENEMY_KILL","is_prod":false,"is_daily":false,"chose_seed":false,"campfire_upgraded":3,"win_rate":0,"timestamp":1558094230,"path_taken":["M","?","?","?","?","R","E","R","T","M","M","E","R","M","R","BOSS","M","?","$","?","?","E"],"build_version":"2019-01-23","purchased_purges":2,"victory":false,"max_hp_per_floor":[75,75,75,75,75,75,75,75,75,75,75,75,75,75,75,75,75,75,75,75,75,75,75],"card_choices":[{"not_picked":["Perfected Strike","Wild Strike"],"picked":"Pommel Strike","floor":1.0},{"not_picked":["Anger","Warcry"],"picked":"Armaments","floor":7.0},{"not_picked":["Searing Blow+1","Twin Strike+1"],"picked":"Flex","floor":10.0},{"not_picked":["True Grit","Reckless Charge+1"],"picked":"Blood for Blood+1","floor":11.0},{"not_picked":["Iron Wave+1","Cleave+1"],"picked":"Heavy Blade+1","floor":12.0},{"not_picked":["Feed+1","Ghostly Armor"],"picked":"Shrug It Off","floor":14.0},{"not_picked":["Double Tap","Brutality"],"picked":"Feed+1","floor":16.0},{"not_picked":["Fire Breathing","Body Slam+1"],"picked":"Perfected Strike+1","floor":18.0}],"player_experience":859804,"relics_obtained":[{"floor":7.0,"key":"Molten Egg 2"},{"floor":12.0,"key":"Lantern"}],"event_choices":[{"cards_removed":["Strike_R"],"damage_healed":0.0,"max_hp_gain":0.0,"max_hp_loss":0.0,"gold_gain":0.0,"event_name":"The Cleric","player_choice":"Card Removal","floor":2.0,"gold_loss":75.0,"damage_taken":0.0},{"damage_healed":0.0,"max_hp_gain":0.0,"max_hp_loss":0.0,"gold_gain":150.0,"event_name":"Liars Game","player_choice":"AGREE","floor":3.0,"gold_loss":0.0,"damage_taken":0.0,"cards_obtained":["Doubt"]},{"damage_healed":0.0,"max_hp_gain":0.0,"max_hp_loss":0.0,"gold_gain":0.0,"event_name":"Golden Idol","player_choice":"Take Damage","floor":5.0,"gold_loss":0.0,"damage_taken":26.0,"relics_obtained":["Golden Idol"]},{"damage_healed":0,"gold_gain":0,"player_choice":"Opened","damage_taken":0,"relics_obtained":["Girya"],"max_hp_gain":0,"max_hp_loss":0,"event_name":"The Mausoleum","floor":19,"gold_loss":0,"cards_obtained":["Writhe"]},{"damage_healed":0,"gold_gain":0,"player_choice":"Gave Idol","damage_taken":0,"relics_obtained":["Bloody Idol"],"max_hp_gain":0,"max_hp_loss":0,"event_name":"Forgotten Altar","floor":21,"relics_lost":["Golden Idol"],"gold_loss":0},{"cards_removed":["Writhe"],"damage_healed":0,"gold_gain":0,"player_choice":"Gave Gold","damage_taken":0,"max_hp_gain":0,"max_hp_loss":0,"event_name":"Beggar","floor":22,"gold_loss":75}],"is_beta":false,"boss_relics":[{"not_picked":["Philosopher\u0027s Stone","Pandora\u0027s Box"],"picked":"Snecko Eye"}],"items_purged_floors":[4,20],"is_endless":false,"potions_floor_spawned":[11,14],"killed_by":"Book of Stabbing","ascension_level":20}