{"gold_per_floor":[113,129,2,12,31,31,56,56,139,139,139,149,149,181,181,279,279,290,2,2,17,17,17,34,34],"floor_reached":25,"playtime":1992,"items_purged":["Defend_G","Malaise"],"score":232,"play_id":"cbae656d-e2bd-405b-be5e-ae227923b021","local_time":"20190605184736","is_ascension_mode":true,"campfire_choices":[{"data":"Neutralize","floor":6,"key":"SMITH"},{"data":"Blade Dance","floor":8,"key":"SMITH"},{"data":"Riddle With Holes","floor":13,"key":"SMITH"},{"data":"Survivor","floor":15,"key":"SMITH"},{"floor":23,"key":"REST"}],"neow_cost":"NONE","seed_source_timestamp":288391695651900,"circlet_count":0,"master_deck":["Survivor+1","Neutralize+1","Blade Dance+1","Acrobatics","PiercingWail","Flying Knee","Riddle With Holes+1","Heel Hook","A Thousand Cuts","Concentrate","Calculated Gamble","Noxious Fumes","Backflip","Bouncing Flask","Poisoned Stab","Bane+1","Distraction","Outmaneuver","Distraction","Outmaneuver","Backflip"],"relics":["Ring of the Snake","Bronze Scales","The Courier","Tiny Chest","Oddly Smooth Stone","Boot","Pandora\u0027s Box","Membership Card","Strawberry","Dodecahedron"],"potions_floor_usage":[5,7,25,25,25],"damage_taken":[{"damage":0,"enemies":"Cultist","floor":1,"turns":3},{"damage":1,"enemies":"2 Louse","floor":2,"turns":2},{"damage":0,"enemies":"Small Slimes","floor":4,"turns":2},{"damage":1,"enemies":"Red Slaver","floor":5,"turns":3},{"damage":28,"enemies":"Gremlin Nob","floor":7,"turns":5},{"damage":0,"enemies":"Looter","floor":12,"turns":3},{"damage":15,"enemies":"3 Sentries","floor":14,"turns":6},{"damage":38,"enemies":"Hexaghost","floor":16,"turns":10},{"damage":10,"enemies":"Shell Parasite","floor":18,"turns":3},{"damage":26,"enemies":"Spheric Guardian","floor":21,"turns":5},{"damage":48,"enemies":"Snake Plant","floor":24,"turns":2},{"damage":20,"enemies":"Book of Stabbing","floor":25,"turns":3}],"seed_played":"-1102851955847641159","potions_obtained":[{"floor":1,"key":"AttackPotion"},{"floor":4,"key":"Energy Potion"},{"floor":5,"key":"Dexterity Potion"},{"floor":12,"key":"GhostInAJar"},{"floor":16,"key":"FearPotion"},{"floor":21,"key":"EssenceOfSteel"}],"is_trial":false,"path_per_floor":["M","M","$","M","M","R","E","R","T","T","?","M","R","E","R","B",null,"M","$","?","M","?","R","M","E"],"character_chosen":"THE_SILENT","items_purchased":["PiercingWail","Membership Card","Strawberry","Distraction"],"campfire_rested":1,"item_purchase_floors":[3,19,19,19],"current_hp_per_floor":[70,69,69,69,68,68,40,40,40,40,63,63,63,48,48,10,70,60,67,67,41,41,64,16,0],"gold":34,"neow_bonus":"RANDOM_COMMON_RELIC","is_prod":false,"is_daily":false,"chose_seed":false,"campfire_upgraded":4,"win_rate":0,"timestamp":1559785656,"path_taken":["M","M","?","M","M","R","E","R","T","?","?","M","R","E","R","BOSS","M","$","?","?","?","R","M","E"],"build_version":"2019-01-23","purchased_purges":2,"victory":false,"max_hp_per_floor":[70,70,70,70,70,70,70,70,70,70,70,70,70,70,70,70,70,70,77,77,77,77,77,77,77],"card_choices":[{"not_picked":["Acrobatics","Predator"],"picked":"Blade Dance","floor":1},{"not_picked":["Slice","Noxious Fumes"],"picked":"Acrobatics","floor":2},{"not_picked":["Reflex","Choke"],"picked":"Flying Knee","floor":4},{"not_picked":["Underhanded Strike","Flying Knee","Predator"],"picked":"SKIP","floor":5},{"not_picked":["Outmaneuver","Deadly Poison","Dodge and Roll"],"picked":"SKIP","floor":7},{"not_picked":["Outmaneuver","Calculated Gamble"],"picked":"Riddle With Holes","floor":12},{"not_picked":["Leg Sweep","Malaise"],"picked":"Heel Hook","floor":14},{"not_picked":["Bullet Time","Corpse Explosion"],"picked":"A Thousand Cuts","floor":16},{"not_picked":["PiercingWail","Deflect+1"],"picked":"Bane+1","floor":18},{"not_picked":["Sucker Punch","Quick Slash"],"picked":"Outmaneuver","floor":21},{"not_picked":["Escape Plan","Backstab+1"],"picked":"Backflip","floor":24}],"player_experience":533764,"relics_obtained":[{"floor":7,"key":"The Courier"},{"floor":9,"key":"Tiny Chest"},{"floor":10,"key":"Oddly Smooth Stone"},{"floor":14,"key":"Boot"}],"event_choices":[{"damage_healed":23,"gold_gain":0,"player_choice":"Banana","damage_taken":0,"max_hp_gain":0,"max_hp_loss":0,"event_name":"Big Fish","floor":11,"gold_loss":0},{"damage_healed":0,"gold_gain":0,"player_choice":"Gave Potion","damage_taken":0,"relics_obtained":["Dodecahedron"],"max_hp_gain":0,"max_hp_loss":0,"event_name":"WeMeetAgain","floor":20,"gold_loss":0},{"damage_healed":0,"gold_gain":0,"cards_transformed":["Doppelganger","Doppelganger"],"player_choice":"Became Test Subject","damage_taken":0,"max_hp_gain":0,"max_hp_loss":0,"event_name":"Drug Dealer","floor":22,"gold_loss":0,"cards_obtained":["Distraction","Outmaneuver"]}],"is_beta":false,"boss_relics":[{"not_picked":["Runic Dome","Astrolabe"],"picked":"Pandora\u0027s Box"}],"items_purged_floors":[3,19],"is_endless":false,"potions_floor_spawned":[1,4,5,12,16,21],"killed_by":"Book of Stabbing","ascension_level":2}