{"gold_per_floor":[116,116,76,87,105,105,123,148,198,198,213,213,230,77,77,181,181,194,194,212,232,132,132,148,30,53,53,78,78,78,90,90,192,192,203,203],"floor_reached":36,"playtime":1926,"items_purged":["Strike_B","Strike_B"],"score":593,"play_id":"d2721a00-83c4-41f1-81a1-77293733fcfb","local_time":"20190806012619","is_ascension_mode":true,"campfire_choices":[{"data":"Multi-Cast","floor":6.0,"key":"SMITH"},{"data":"Loop","floor":10.0,"key":"SMITH"},{"data":"Zap","floor":12.0,"key":"SMITH"},{"data":"Lockon","floor":15.0,"key":"SMITH"},{"floor":23,"key":"REST"},{"data":"Defragment","floor":27,"key":"SMITH"},{"data":"Darkness","floor":29,"key":"SMITH"},{"data":"Doom and Gloom","floor":30,"key":"SMITH"},{"data":"Reinforced Body","floor":32,"key":"SMITH"}],"neow_cost":"NONE","seed_source_timestamp":2260699456164100,"circlet_count":0,"master_deck":["Strike_B","Defend_B","Defend_B","Defend_B","Defend_B","Zap+1","Dualcast","Lockon+1","Auto Shields","Reinforced Body+1","Multi-Cast+1","Conserve Battery","Loop+1","Genetic Algorithm","Darkness+1","Rainbow","Go for the Eyes","BootSequence+1","Defragment+1","Doom and Gloom+1","Self Repair","Undo+1","Capacitor+1","Machine Learning"],"special_seed":0,"relics":["Cracked Core","Mercury Hourglass","WingedGreaves","PreservedInsect","Eternal Feather","FaceOfCleric","Strawberry","Happy Flower","Philosopher\u0027s Stone"],"potions_floor_usage":[28,28],"damage_taken":[{"damage":0.0,"enemies":"Cultist","floor":1.0,"turns":4.0},{"damage":0.0,"enemies":"2 Louse","floor":4.0,"turns":2.0},{"damage":0.0,"enemies":"Jaw Worm","floor":5.0,"turns":3.0},{"damage":2.0,"enemies":"Large Slime","floor":7.0,"turns":4.0},{"damage":15.0,"enemies":"Gremlin Nob","floor":8.0,"turns":4.0},{"damage":1.0,"enemies":"Blue Slaver","floor":11.0,"turns":2.0},{"damage":0.0,"enemies":"Looter","floor":13.0,"turns":2.0},{"damage":12.0,"enemies":"Hexaghost","floor":16.0,"turns":8.0},{"damage":21.0,"enemies":"2 Thieves","floor":18.0,"turns":5.0},{"damage":14.0,"enemies":"Shell Parasite","floor":20.0,"turns":4.0},{"damage":17,"enemies":"Centurion and Healer","floor":21,"turns":7},{"damage":5,"enemies":"Cultist and Chosen","floor":24,"turns":7},{"damage":56,"enemies":"Gremlin Leader","floor":28,"turns":7},{"damage":12,"enemies":"Chosen and Byrds","floor":31,"turns":7},{"damage":26,"enemies":"Champ","floor":33,"turns":7},{"damage":5,"enemies":"3 Shapes","floor":35,"turns":4},{"damage":93,"enemies":"2 Orb Walkers","floor":36,"turns":5}],"seed_played":"8780790789646054055","potions_obtained":[{"floor":3.0,"key":"Ancient Potion"},{"floor":3.0,"key":"AttackPotion"},{"floor":3.0,"key":"Block Potion"},{"floor":4.0,"key":"FocusPotion"},{"floor":13.0,"key":"Energy Potion"},{"floor":21,"key":"Regen Potion"},{"floor":24,"key":"Dexterity Potion"}],"is_trial":false,"path_per_floor":["M","T","?","M","M","R","M","E","T","R","M","R","M","$","R","B",null,"M","?","M","M","$","R","M","$","T","R","E","R","R","M","R","B",null,"M","?"],"character_chosen":"DEFECT","items_purchased":["Darkness","Doom and Gloom","Self Repair"],"campfire_rested":1,"item_purchase_floors":[14,25,25],"current_hp_per_floor":[68,68,68,68,68,68,66,51,51,51,50,50,50,50,50,38,66,45,45,32,16,16,48,44,44,51,63,23,35,47,43,55,37,75,78,0],"gold":203,"neow_bonus":"TRANSFORM_CARD","is_prod":false,"is_daily":false,"chose_seed":false,"campfire_upgraded":8,"win_rate":0,"timestamp":1565076379,"path_taken":["M","?","?","?","M","R","M","E","T","R","M","R","M","$","R","BOSS","M","?","M","?","$","R","M","?","T","R","E","R","R","M","R","BOSS","M","?"],"build_version":"2019-07-18","purchased_purges":2,"victory":false,"max_hp_per_floor":[75,75,75,75,75,75,75,75,75,75,75,75,75,75,75,75,75,75,75,76,77,77,77,78,78,85,85,86,86,86,87,87,88,88,89,89],"card_choices":[{"not_picked":["Barrage","Sweeping Beam"],"picked":"Auto Shields","floor":1.0},{"not_picked":["Turbo","Compile Driver"],"picked":"Reinforced Body","floor":4.0},{"not_picked":["Steam","Cold Snap"],"picked":"Multi-Cast","floor":5.0},{"not_picked":["Beam Cell","Redo"],"picked":"Conserve Battery","floor":7.0},{"not_picked":["Stack","White Noise"],"picked":"Loop","floor":8.0},{"not_picked":["Stack","Melter"],"picked":"Genetic Algorithm","floor":11.0},{"not_picked":["Cold Snap","Aggregate","Sweeping Beam"],"picked":"SKIP","floor":13.0},{"not_picked":["Echo Form","Creative AI"],"picked":"Rainbow","floor":16.0},{"not_picked":["Ball Lightning+1","Leap"],"picked":"Go for the Eyes","floor":18.0},{"not_picked":["Coolheaded","Steam"],"picked":"BootSequence+1","floor":20.0},{"not_picked":["Turbo","Steam","Blizzard"],"picked":"SKIP","floor":21},{"not_picked":["Stack","Rebound"],"picked":"Defragment","floor":24},{"not_picked":["White Noise","Coolheaded"],"picked":"Undo+1","floor":28},{"not_picked":["Lockon","Rebound"],"picked":"Capacitor+1","floor":31},{"not_picked":["Buffer","Seek"],"picked":"Machine Learning","floor":33},{"not_picked":["Barrage","Capacitor+1","Darkness"],"picked":"SKIP","floor":35}],"player_experience":188461,"relics_obtained":[{"floor":2.0,"key":"Mercury Hourglass"},{"floor":8.0,"key":"WingedGreaves"},{"floor":9.0,"key":"PreservedInsect"},{"floor":26,"key":"Strawberry"},{"floor":28,"key":"Happy Flower"}],"event_choices":[{"damage_healed":0.0,"max_hp_gain":0.0,"max_hp_loss":0.0,"gold_gain":0.0,"event_name":"The Woman in Blue","player_choice":"Bought 3 Potions","floor":3.0,"gold_loss":0.0,"damage_taken":0.0},{"damage_healed":0.0,"max_hp_gain":0.0,"max_hp_loss":0.0,"gold_gain":0.0,"event_name":"FaceTrader","player_choice":"Trade","floor":19.0,"gold_loss":0.0,"damage_taken":0.0,"relics_obtained":["FaceOfCleric"]},{"damage_healed":0,"gold_gain":0,"player_choice":"Fight","damage_taken":0,"max_hp_gain":0,"max_hp_loss":0,"event_name":"Mysterious Sphere","floor":36,"gold_loss":0}],"is_beta":true,"boss_relics":[{"not_picked":["Snecko Eye","Calling Bell"],"picked":"Eternal Feather"},{"not_picked":["Runic Pyramid","Orrery"],"picked":"Philosopher\u0027s Stone"}],"items_purged_floors":[14,22],"is_endless":false,"potions_floor_spawned":[4,5,13,16,18,21,24],"killed_by":"2 Orb Walkers","ascension_level":9}