{"gold_per_floor":[114,35,310,323,41,41,52,52,107,125,125,144,174,193,193,269,269,287,262,262,262,275,275],"floor_reached":23,"playtime":943,"items_purged":["Regret"],"score":386,"play_id":"af969a81-06e8-4506-b32e-cbab6b37f037","local_time":"20190509155149","is_ascension_mode":true,"campfire_choices":[{"data":"Inflame","floor":6.0,"key":"SMITH"},{"data":"True Grit","floor":11.0,"key":"SMITH"},{"data":"Limit Break","floor":15,"key":"SMITH"}],"neow_cost":"NONE","seed_source_timestamp":1491154246883773,"circlet_count":0,"master_deck":["AscendersBane","Bash","Flame Barrier","Inflame+1","Feel No Pain","Evolve","Limit Break+1","Sword Boomerang","Pain","True Grit+1","Shrug It Off","Sever Soul","Feed","Dark Embrace","Barricade","Power Through","Barricade","Entrench","Clash","Dark Embrace","Burning Pact","Juggernaut","Body Slam","Battle Trance"],"special_seed":0,"relics":["Burning Blood","NeowsBlessing","WarpedTongs","Oddly Smooth Stone","Mummified Hand","Pandora\u0027s Box"],"potions_floor_usage":[14,16,19,22,23],"damage_taken":[{"damage":0.0,"enemies":"2 Louse","floor":1.0,"turns":1.0},{"damage":0.0,"enemies":"Cultist","floor":4.0,"turns":1.0},{"damage":0.0,"enemies":"Small Slimes","floor":7.0,"turns":2.0},{"damage":18.0,"enemies":"Exordium Wildlife","floor":10.0,"turns":4.0},{"damage":4.0,"enemies":"2 Fungi Beasts","floor":12.0,"turns":3.0},{"damage":49.0,"enemies":"Gremlin Nob","floor":13.0,"turns":6.0},{"damage":32,"enemies":"Gremlin Gang","floor":14,"turns":6},{"damage":9,"enemies":"Hexaghost","floor":16,"turns":10},{"damage":20,"enemies":"Spheric Guardian","floor":18,"turns":9},{"damage":25,"enemies":"2 Thieves","floor":19,"turns":5},{"damage":27,"enemies":"Shelled Parasite and Fungi","floor":22,"turns":8},{"damage":11,"enemies":"Snake Plant","floor":23,"turns":3}],"seed_played":"5054233778028173694","potions_obtained":[{"floor":1.0,"key":"Regen Potion"},{"floor":14,"key":"Block Potion"},{"floor":16,"key":"Block Potion"},{"floor":18,"key":"BloodPotion"},{"floor":22,"key":"Energy Potion"}],"is_trial":false,"path_per_floor":["M","$","?","M","$","R","M","?","T","M","R","M","E","M","R","B",null,"M","M","?","?","M","M"],"character_chosen":"IRONCLAD","items_purchased":["Inflame","Evolve","Limit Break"],"campfire_rested":0,"item_purchase_floors":[2,5,5],"current_hp_per_floor":[74,74,74,75,75,75,75,75,75,63,63,65,22,11,11,8,58,48,36,36,36,19,8],"gold":275,"neow_bonus":"THREE_ENEMY_KILL","is_prod":false,"is_daily":false,"chose_seed":false,"campfire_upgraded":3,"win_rate":0,"timestamp":1557388309,"path_taken":["M","$","?","?","$","R","M","?","T","M","R","M","E","M","R","BOSS","M","?","?","?","M","?"],"build_version":"2019-01-23","purchased_purges":1,"victory":false,"max_hp_per_floor":[75,75,75,75,75,75,75,75,75,75,75,75,75,75,75,75,75,79,79,79,79,83,83],"card_choices":[{"not_picked":["Rupture","Carnage"],"picked":"Flame Barrier","floor":1.0},{"not_picked":["Clothesline","Cleave"],"picked":"Feel No Pain","floor":4.0},{"not_picked":["Entrench","Flex"],"picked":"Sword Boomerang","floor":7.0},{"not_picked":["Wild Strike","Sword Boomerang"],"picked":"True Grit","floor":10.0},{"not_picked":["Iron Wave","Clothesline"],"picked":"Shrug It Off","floor":12.0},{"not_picked":["Iron Wave","Sword Boomerang","Seeing Red"],"picked":"SKIP","floor":13.0},{"not_picked":["Corruption","Cleave"],"picked":"Sever Soul","floor":14},{"not_picked":["Fiend Fire","Exhume"],"picked":"Feed","floor":16},{"not_picked":["Anger","Bloodletting","Clothesline"],"picked":"SKIP","floor":18},{"not_picked":["Flex","Seeing Red"],"picked":"Body Slam","floor":19},{"not_picked":["Pummel","Berserk"],"picked":"Battle Trance","floor":22}],"player_experience":831736,"relics_obtained":[{"floor":9.0,"key":"Oddly Smooth Stone"},{"floor":13.0,"key":"Mummified Hand"}],"event_choices":[{"damage_healed":0.0,"max_hp_gain":0.0,"max_hp_loss":0.0,"gold_gain":275.0,"event_name":"Golden Shrine","player_choice":"Desecrate","floor":3.0,"gold_loss":0.0,"damage_taken":0.0,"cards_obtained":["Regret"]},{"damage_healed":0.0,"max_hp_gain":0.0,"max_hp_loss":0.0,"gold_gain":0.0,"event_name":"Accursed Blacksmith","player_choice":"Rummage","floor":8.0,"gold_loss":0.0,"damage_taken":0.0,"relics_obtained":["WarpedTongs"],"cards_obtained":["Pain"]},{"damage_healed":0,"gold_gain":0,"player_choice":"Ignored","damage_taken":0,"max_hp_gain":0,"max_hp_loss":0,"event_name":"The Mausoleum","floor":20,"gold_loss":0},{"damage_healed":0,"gold_gain":0,"player_choice":"Ignored","damage_taken":0,"max_hp_gain":0,"max_hp_loss":0,"event_name":"N\u0027loth","floor":21,"gold_loss":0}],"is_beta":false,"boss_relics":[{"not_picked":["Sozu","Fusion Hammer"],"picked":"Pandora\u0027s Box"}],"items_purged_floors":[5],"is_endless":false,"potions_floor_spawned":[1,14,16,18,22],"killed_by":"Snake Plant","ascension_level":20}