{"gold_per_floor":[111,111,130,143,143,143,27,102,152,166,185,239,53,53],"floor_reached":14,"playtime":268,"items_purged":["Strike_R"],"score":160,"play_id":"c769dac3-9659-469e-8296-9c149dd6a85c","local_time":"20190516100647","is_ascension_mode":true,"campfire_choices":[{"data":"Burning Pact","floor":6.0,"key":"SMITH"}],"neow_cost":"NONE","seed_source_timestamp":2075985430878676,"circlet_count":0,"master_deck":["AscendersBane","Strike_R","Strike_R","Strike_R","Strike_R","Defend_R","Defend_R","Defend_R","Defend_R","Bash","Burning Pact+1","Feel No Pain","Feel No Pain","Evolve","Pommel Strike","Sword Boomerang","Inflame","Whirlwind","True Grit"],"special_seed":0,"relics":["Burning Blood","NeowsBlessing","Matryoshka","Ancient Tea Set","Potion Belt","Dream Catcher"],"potions_floor_usage":[14,14],"damage_taken":[{"damage":0.0,"enemies":"Cultist","floor":1.0,"turns":1.0},{"damage":0.0,"enemies":"Jaw Worm","floor":3.0,"turns":1.0},{"damage":0.0,"enemies":"2 Louse","floor":4.0,"turns":1.0},{"damage":23.0,"enemies":"Blue Slaver","floor":10.0,"turns":8.0},{"damage":9.0,"enemies":"Looter","floor":11.0,"turns":4.0},{"damage":15,"enemies":"Gremlin Gang","floor":14,"turns":2}],"seed_played":"6880954823828423384","potions_obtained":[{"floor":2.0,"key":"Ancient Potion"},{"floor":2.0,"key":"Ancient Potion"},{"floor":4.0,"key":"SpeedPotion"}],"is_trial":false,"path_per_floor":["M","?","M","M","?","R","$","?","T","M","M","T","$","M"],"character_chosen":"IRONCLAD","items_purchased":["Evolve","Inflame","Whirlwind","True Grit"],"campfire_rested":0,"item_purchase_floors":[7,13,13,13],"current_hp_per_floor":[74,74,75,75,57,57,57,46,46,29,26,26,26,11],"gold":53,"neow_bonus":"THREE_ENEMY_KILL","is_prod":false,"is_daily":false,"chose_seed":false,"campfire_upgraded":1,"win_rate":0,"timestamp":1557972407,"path_taken":["M","?","M","?","?","R","$","?","T","M","M","?","?","M"],"build_version":"2019-01-23","purchased_purges":1,"victory":false,"max_hp_per_floor":[75,75,75,75,75,75,75,75,75,75,75,75,75,75],"card_choices":[{"not_picked":["Flex","Shrug It Off"],"picked":"Burning Pact","floor":1.0},{"not_picked":["Infernal Blade","True Grit"],"picked":"Feel No Pain","floor":3.0},{"not_picked":["Searing Blow","Heavy Blade"],"picked":"Feel No Pain","floor":4.0},{"not_picked":["Combust","Heavy Blade"],"picked":"Pommel Strike","floor":10.0},{"not_picked":["Infernal Blade","Heavy Blade"],"picked":"Sword Boomerang","floor":11.0}],"player_experience":839212,"relics_obtained":[{"floor":9.0,"key":"Ancient Tea Set"},{"floor":9.0,"key":"Potion Belt"},{"floor":12.0,"key":"Dream Catcher"}],"event_choices":[{"damage_healed":0.0,"max_hp_gain":0.0,"max_hp_loss":0.0,"gold_gain":0.0,"event_name":"Lab","player_choice":"Got Potions","floor":2.0,"gold_loss":0.0,"damage_taken":0.0},{"damage_healed":0.0,"max_hp_gain":0.0,"max_hp_loss":0.0,"gold_gain":0.0,"event_name":"Scrap Ooze","player_choice":"Success","floor":5.0,"gold_loss":0.0,"damage_taken":18.0,"relics_obtained":["Matryoshka"]},{"damage_healed":0.0,"max_hp_gain":0.0,"max_hp_loss":0.0,"gold_gain":75.0,"event_name":"World of Goop","player_choice":"Gather Gold","floor":8.0,"gold_loss":0.0,"damage_taken":11.0}],"is_beta":false,"boss_relics":[],"items_purged_floors":[7],"is_endless":false,"potions_floor_spawned":[4],"killed_by":"Gremlin Gang","ascension_level":20}