{"gold_per_floor":[112,37,53,69,89,89,99,99,147,97,110,127,39,56,56,56],"floor_reached":16,"playtime":750,"items_purged":["Defend_R"],"score":96,"play_id":"48fc6ba3-e0dd-4e4c-8341-1aeb2fcff979","local_time":"20190521002914","is_ascension_mode":false,"campfire_choices":[{"data":"Bash","floor":6.0,"key":"SMITH"},{"floor":15.0,"key":"REST"}],"neow_cost":"TEN_PERCENT_HP_LOSS","seed_source_timestamp":349639987983356,"circlet_count":0,"master_deck":["Strike_R+1","Strike_R","Strike_R","Defend_R+1","Defend_R","Bash+1","Shrug It Off","Pommel Strike","Finesse"],"special_seed":0,"relics":["Burning Blood","Regal Pillow"],"potions_floor_usage":[16],"damage_taken":[{"damage":6.0,"enemies":"Cultist","floor":1.0,"turns":3.0},{"damage":8.0,"enemies":"2 Louse","floor":3.0,"turns":2.0},{"damage":9.0,"enemies":"Jaw Worm","floor":4.0,"turns":4.0},{"damage":26.0,"enemies":"Gremlin Gang","floor":5.0,"turns":7.0},{"damage":30.0,"enemies":"Lots of Slimes","floor":7.0,"turns":6.0},{"damage":2.0,"enemies":"Large Slime","floor":11.0,"turns":5.0},{"damage":2.0,"enemies":"Exordium Wildlife","floor":12.0,"turns":4.0},{"damage":0.0,"enemies":"Blue Slaver","floor":14.0,"turns":4.0},{"damage":44,"enemies":"Slime Boss","floor":16,"turns":8}],"seed_played":"-1859525454746301733","potions_obtained":[{"floor":3.0,"key":"Fire Potion"},{"floor":5.0,"key":"Ancient Potion"},{"floor":7.0,"key":"Ancient Potion"}],"is_trial":false,"path_per_floor":["M","$","M","M","M","R","M","?","T","?","M","M","$","M","R","B"],"character_chosen":"IRONCLAD","items_purchased":["Finesse"],"campfire_rested":1,"item_purchase_floors":[13],"current_hp_per_floor":[72,72,70,67,47,47,23,9,9,9,13,17,17,23,59,15],"gold":56,"neow_bonus":"REMOVE_TWO","is_prod":false,"is_daily":false,"chose_seed":false,"campfire_upgraded":1,"win_rate":0,"timestamp":1558369754,"path_taken":["M","$","?","M","M","R","M","?","T","?","M","M","$","M","R","BOSS"],"build_version":"2019-01-23","purchased_purges":1,"victory":false,"max_hp_per_floor":[72,72,72,72,72,72,72,72,72,72,72,72,72,72,72,72],"card_choices":[{"not_picked":["Wild Strike","Seeing Red","Shockwave"],"picked":"SKIP","floor":1.0},{"not_picked":["Feel No Pain","Clothesline"],"picked":"Shrug It Off","floor":3.0},{"not_picked":["Cleave","Evolve","Wild Strike"],"picked":"SKIP","floor":4.0},{"not_picked":["Warcry","Headbutt","Shockwave"],"picked":"SKIP","floor":5.0},{"not_picked":["True Grit","Clash","Wild Strike"],"picked":"SKIP","floor":7.0},{"not_picked":["Clothesline","Wild Strike"],"picked":"Pommel Strike","floor":11.0},{"not_picked":["Seeing Red","Shrug It Off","Anger"],"picked":"SKIP","floor":12.0},{"not_picked":["Warcry","Flame Barrier","Fire Breathing"],"picked":"SKIP","floor":14.0}],"player_experience":913071,"relics_obtained":[{"floor":9.0,"key":"Regal Pillow"}],"event_choices":[{"damage_healed":0.0,"max_hp_gain":0.0,"max_hp_loss":0.0,"gold_gain":0.0,"event_name":"Shining Light","player_choice":"Entered Light","floor":8.0,"gold_loss":0.0,"damage_taken":14.0,"cards_upgraded":["Defend_R","Strike_R"]},{"cards_removed":["Defend_R"],"damage_healed":0.0,"max_hp_gain":0.0,"max_hp_loss":0.0,"gold_gain":0.0,"event_name":"The Cleric","player_choice":"Card Removal","floor":10.0,"gold_loss":50.0,"damage_taken":0.0}],"is_beta":false,"boss_relics":[],"items_purged_floors":[2],"is_endless":false,"potions_floor_spawned":[3,5,7],"killed_by":"Slime Boss","ascension_level":0}