{"gold_per_floor":[109,128,1,17,37,37,54,54,54,68,96,116,116,116,116,214,214,227,11,11,30,40,40,55,55,55,55,55,55,71,102,102,198,198,214,214,234,234,234,263,263,293,293,18,118,118,134,154,154,154],"floor_reached":51,"playtime":3396,"items_purged":["Strike_G","Strike_G","Decay"],"score":1183,"play_id":"9667e14c-2d36-491c-88aa-288340569eb5","local_time":"20190807171859","is_ascension_mode":true,"campfire_choices":[{"data":"All Out Attack","floor":6.0,"key":"SMITH"},{"data":"Cloak And Dagger","floor":8.0,"key":"SMITH"},{"data":"Blade Dance","floor":13.0,"key":"SMITH"},{"data":"After Image","floor":15.0,"key":"SMITH"},{"data":"Glass Knife","floor":23.0,"key":"SMITH"},{"data":"Blade Dance","floor":25.0,"key":"SMITH"},{"data":"Accuracy","floor":29.0,"key":"SMITH"},{"data":"Accuracy","floor":32.0,"key":"SMITH"},{"data":"Wraith Form v2","floor":41.0,"key":"SMITH"},{"data":"Footwork","floor":46.0,"key":"SMITH"},{"data":"Apotheosis","floor":49.0,"key":"SMITH"}],"neow_cost":"PERCENT_DAMAGE","seed_source_timestamp":2402740758435400,"circlet_count":0,"master_deck":["AscendersBane","Strike_G","Defend_G","Defend_G","Defend_G","Defend_G","Defend_G","Survivor","Neutralize","After Image+1","Dagger Throw","All Out Attack+1","Backflip","Dagger Throw","Cloak And Dagger+1","Escape Plan","Blade Dance+1","PiercingWail","PiercingWail","Glass Knife+1","Slice","Accuracy+1","Escape Plan","Deflect","Blade Dance+1","Accuracy+1","Blade Dance","Wraith Form v2+1","Blade Dance","Burst","Writhe","Terror","Apotheosis+1","Deflect","Footwork+1","Accuracy","Blade Dance+1"],"special_seed":0,"relics":["Ring of the Serpent","StoneCalendar","Smiling Mask","Nloth\u0027s Gift","Unceasing Top","Coffee Dripper","Vajra","Pantograph","Pear","Incense Burner"],"potions_floor_usage":[50,50],"damage_taken":[{"damage":2.0,"enemies":"Cultist","floor":1.0,"turns":5.0},{"damage":0.0,"enemies":"Small Slimes","floor":2.0,"turns":4.0},{"damage":0.0,"enemies":"2 Louse","floor":4.0,"turns":3.0},{"damage":7.0,"enemies":"Exordium Thugs","floor":5.0,"turns":7.0},{"damage":0.0,"enemies":"3 Louse","floor":7.0,"turns":1.0},{"damage":1.0,"enemies":"Looter","floor":10.0,"turns":3.0},{"damage":9.0,"enemies":"Lagavulin","floor":11.0,"turns":7.0},{"damage":3.0,"enemies":"Blue Slaver","floor":12.0,"turns":4.0},{"damage":8.0,"enemies":"The Guardian","floor":16.0,"turns":12.0},{"damage":0.0,"enemies":"Chosen","floor":18.0,"turns":5.0},{"damage":10.0,"enemies":"Spheric Guardian","floor":21.0,"turns":4.0},{"damage":0.0,"enemies":"Cultist and Chosen","floor":22.0,"turns":6.0},{"damage":2.0,"enemies":"Centurion and Healer","floor":24.0,"turns":7.0},{"damage":7.0,"enemies":"Snake Plant","floor":30.0,"turns":5.0},{"damage":1.0,"enemies":"Slavers","floor":31.0,"turns":6.0},{"damage":36.0,"enemies":"Collector","floor":33.0,"turns":10.0},{"damage":15.0,"enemies":"3 Darklings","floor":35.0,"turns":4.0},{"damage":4.0,"enemies":"Orb Walker","floor":37.0,"turns":4.0},{"damage":22.0,"enemies":"Giant Head","floor":40.0,"turns":8.0},{"damage":20.0,"enemies":"Nemesis","floor":42.0,"turns":7.0},{"damage":0.0,"enemies":"Mind Bloom Boss Battle","floor":45.0,"turns":5.0},{"damage":4.0,"enemies":"4 Shapes","floor":47.0,"turns":6.0},{"damage":11.0,"enemies":"3 Darklings","floor":48.0,"turns":6.0},{"damage":26,"enemies":"Awakened One","floor":50,"turns":11}],"seed_played":"2995961811195528792","potions_obtained":[{"floor":2.0,"key":"EssenceOfSteel"},{"floor":5.0,"key":"Fire Potion"},{"floor":7.0,"key":"GhostInAJar"},{"floor":11.0,"key":"Strength Potion"},{"floor":18.0,"key":"GamblersBrew"},{"floor":21.0,"key":"SteroidPotion"},{"floor":33.0,"key":"Swift Potion"},{"floor":37.0,"key":"Weak Potion"},{"floor":42.0,"key":"Dexterity Potion"},{"floor":47.0,"key":"FearPotion"}],"is_trial":false,"path_per_floor":["M","M","$","M","M","R","M","R","T","M","E","M","R","?","R","B",null,"M","$","?","M","M","R","M","R","T","?","?","R","M","E","R","B",null,"M","?","M","?","?","E","R","E","T","$","?","R","M","M","R","B",null],"character_chosen":"THE_SILENT","items_purchased":["Backflip","Accuracy","Escape Plan","Apotheosis","Deflect"],"campfire_rested":0,"item_purchase_floors":[3,19,19,44,44],"current_hp_per_floor":[43,43,43,43,36,36,36,36,36,35,40,37,37,37,37,29,70,70,70,70,60,60,60,58,58,58,58,58,58,51,50,50,14,67,52,52,48,69,69,47,47,27,37,37,62,62,58,47,47,46],"gold":154,"neow_bonus":"THREE_RARE_CARDS","is_prod":false,"is_daily":false,"chose_seed":false,"campfire_upgraded":11,"win_rate":0,"timestamp":1565219939,"path_taken":["M","M","?","M","?","R","M","R","T","M","E","M","R","?","R","BOSS","M","$","?","M","M","R","M","R","T","?","?","R","M","E","R","BOSS","M","?","?","?","?","E","R","E","T","$","?","R","M","M","R","BOSS"],"build_version":"2019-07-18","purchased_purges":3,"victory":true,"max_hp_per_floor":[70,70,70,70,70,70,70,70,70,70,84,84,84,84,84,84,84,84,84,84,84,84,84,84,84,84,84,84,84,84,84,84,84,84,84,84,84,84,84,84,84,84,94,94,94,94,94,94,94,94],"card_choices":[{"not_picked":["Glass Knife","Night Terror"],"picked":"After Image","floor":0.0},{"not_picked":["Sucker Punch","Blade Dance"],"picked":"Dagger Throw","floor":1.0},{"not_picked":["Bane","Backstab"],"picked":"All Out Attack","floor":2.0},{"not_picked":["Riddle With Holes","Sucker Punch"],"picked":"Dagger Throw","floor":4.0},{"not_picked":["Burst","Acrobatics"],"picked":"Cloak And Dagger","floor":5.0},{"not_picked":["Bouncing Flask","Backflip"],"picked":"Escape Plan","floor":7.0},{"not_picked":["Dodge and Roll","Flying Knee"],"picked":"Blade Dance","floor":10.0},{"not_picked":["Heel Hook","Backflip"],"picked":"PiercingWail","floor":11.0},{"not_picked":["Quick Slash","Slice"],"picked":"PiercingWail","floor":12.0},{"not_picked":["Unload","Grand Finale"],"picked":"Glass Knife","floor":16.0},{"not_picked":["Calculated Gamble","Backflip"],"picked":"Slice","floor":18.0},{"not_picked":["Flying Knee","Dagger Spray"],"picked":"Deflect","floor":21.0},{"not_picked":["Deflect","Bane","Poisoned Stab+1"],"picked":"SKIP","floor":22.0},{"not_picked":["Sucker Punch","Quick Slash"],"picked":"Blade Dance","floor":24.0},{"not_picked":["Slice","Flying Knee"],"picked":"Blade Dance","floor":30.0},{"not_picked":["Envenom","Underhanded Strike","Wraith Form v2"],"picked":"SKIP","floor":31.0},{"not_picked":["Unload","Venomology"],"picked":"Wraith Form v2","floor":33.0},{"not_picked":["Flying Knee","Finisher+1"],"picked":"Blade Dance","floor":35.0},{"not_picked":["Endless Agony","Quick Slash"],"picked":"Burst","floor":37.0},{"not_picked":["Expertise+1","Deadly Poison"],"picked":"Terror","floor":40.0},{"not_picked":["Terror+1","Flying Knee+1","Heel Hook+1"],"picked":"SKIP","floor":42.0},{"not_picked":["Noxious Fumes+1","Poisoned Stab"],"picked":"Footwork","floor":45.0},{"not_picked":["Die Die Die","PiercingWail"],"picked":"Accuracy","floor":47.0},{"not_picked":["Deflect","Sucker Punch+1"],"picked":"Blade Dance+1","floor":48.0}],"player_experience":242629,"relics_obtained":[{"floor":9.0,"key":"StoneCalendar"},{"floor":11.0,"key":"Mango"},{"floor":26.0,"key":"Smiling Mask"},{"floor":31.0,"key":"Unceasing Top"},{"floor":40.0,"key":"Vajra"},{"floor":42.0,"key":"Pantograph"},{"floor":43.0,"key":"Pear"},{"floor":45.0,"key":"Incense Burner"}],"event_choices":[{"cards_removed":["Strike_G"],"damage_healed":0.0,"max_hp_gain":0.0,"max_hp_loss":0.0,"gold_gain":0.0,"event_name":"Living Wall","player_choice":"Forget","floor":14.0,"gold_loss":0.0,"damage_taken":0.0},{"cards_removed":["Strike_G"],"damage_healed":0.0,"max_hp_gain":0.0,"max_hp_loss":0.0,"gold_gain":0.0,"event_name":"Back to Basics","player_choice":"Elegance","floor":20.0,"gold_loss":0.0,"damage_taken":0.0},{"damage_healed":0.0,"max_hp_gain":0.0,"max_hp_loss":0.0,"gold_gain":0.0,"event_name":"The Library","player_choice":"Read","floor":27.0,"gold_loss":0.0,"damage_taken":0.0,"cards_obtained":["Accuracy"]},{"damage_healed":0.0,"max_hp_gain":0.0,"max_hp_loss":0.0,"gold_gain":0.0,"event_name":"N\u0027loth","player_choice":"Traded Relic","floor":28.0,"relics_lost":["Mango"],"gold_loss":0.0,"damage_taken":0.0,"relics_obtained":["Nloth\u0027s Gift"]},{"damage_healed":0.0,"max_hp_gain":0.0,"max_hp_loss":0.0,"gold_gain":0.0,"event_name":"Wheel of Change","player_choice":"Cursed","floor":36.0,"gold_loss":0.0,"damage_taken":0.0,"cards_obtained":["Decay"]},{"damage_healed":21.0,"max_hp_gain":0.0,"max_hp_loss":0.0,"gold_gain":0.0,"event_name":"Winding Halls","player_choice":"Writhe","floor":38.0,"gold_loss":0.0,"damage_taken":0.0,"cards_obtained":["Writhe"]},{"damage_healed":0.0,"max_hp_gain":0.0,"max_hp_loss":0.0,"gold_gain":0.0,"event_name":"Mysterious Sphere","player_choice":"Ignored","floor":39.0,"gold_loss":0.0,"damage_taken":0.0},{"damage_healed":0.0,"max_hp_gain":0.0,"max_hp_loss":0.0,"gold_gain":0.0,"event_name":"MindBloom","player_choice":"Fight","floor":45.0,"gold_loss":0.0,"damage_taken":0.0}],"is_beta":true,"boss_relics":[{"not_picked":["Orrery","HoveringKite"],"picked":"Ring of the Serpent"},{"not_picked":["White Beast Statue","Busted Crown"],"picked":"Coffee Dripper"}],"items_purged_floors":[3,19,44],"is_endless":false,"potions_floor_spawned":[2,5,7,11,18,21,22,33,37,42,47],"ascension_level":12}