{"gold_per_floor":[111,130,12,12,87,113,127,146,170,170,119,138,148,159,159,233,233,245,265,282,282,262,262,277,297,297,297,314,325,325,339,339,339],"floor_reached":33,"playtime":1795,"items_purged":["Strike_R"],"score":560,"play_id":"0ca7cd6b-dbad-4083-bf46-9dd28f073c01","local_time":"20190503181823","is_ascension_mode":true,"campfire_choices":[{"data":"Armaments","floor":15.0,"key":"SMITH"},{"data":"Dark Embrace","floor":23.0,"key":"SMITH"},{"data":"Second Wind","floor":27.0,"key":"SMITH"},{"data":"Spot Weakness","floor":32.0,"key":"SMITH"}],"neow_cost":"NONE","seed_source_timestamp":0,"circlet_count":0,"master_deck":["AscendersBane","Strike_R","Strike_R","Strike_R","Defend_R","Defend_R","Defend_R","Defend_R","Bash","Disarm","Second Wind+1","Power Through","Shrug It Off","Spot Weakness+1","Infernal Blade","Armaments+1","Dark Embrace+1","Power Through","Second Wind","Warcry+1"],"special_seed":0,"relics":["Burning Blood","NeowsBlessing","Centennial Puzzle","Orichalcum","Ancient Tea Set","Velvet Choker","Mummified Hand"],"potions_floor_usage":[33],"damage_taken":[{"damage":0.0,"enemies":"Jaw Worm","floor":1.0,"turns":1.0},{"damage":0.0,"enemies":"2 Louse","floor":2.0,"turns":1.0},{"damage":0.0,"enemies":"3 Sentries","floor":6.0,"turns":2.0},{"damage":4.0,"enemies":"Small Slimes","floor":7.0,"turns":4.0},{"damage":47.0,"enemies":"Gremlin Gang","floor":8.0,"turns":9.0},{"damage":7.0,"enemies":"Blue Slaver","floor":12.0,"turns":7.0},{"damage":15.0,"enemies":"3 Louse","floor":13.0,"turns":6.0},{"damage":6.0,"enemies":"Exordium Thugs","floor":14.0,"turns":6.0},{"damage":10.0,"enemies":"Hexaghost","floor":16.0,"turns":9.0},{"damage":0.0,"enemies":"Chosen","floor":18.0,"turns":5.0},{"damage":15.0,"enemies":"Shell Parasite","floor":19.0,"turns":14.0},{"damage":10.0,"enemies":"Snake Plant","floor":20.0,"turns":8.0},{"damage":23.0,"enemies":"Colosseum Slavers","floor":21.0,"turns":7.0},{"damage":14.0,"enemies":"Centurion and Healer","floor":24.0,"turns":8.0},{"damage":6.0,"enemies":"Snecko","floor":25.0,"turns":6.0},{"damage":0.0,"enemies":"Snake Plant","floor":28.0,"turns":8.0},{"damage":7.0,"enemies":"Chosen and Byrds","floor":29.0,"turns":8.0},{"damage":11.0,"enemies":"Centurion and Healer","floor":31.0,"turns":10.0},{"damage":14,"enemies":"Collector","floor":33,"turns":7}],"seed_played":"4908499585111492977","potions_obtained":[{"floor":1.0,"key":"PowerPotion"},{"floor":2.0,"key":"Energy Potion"},{"floor":8.0,"key":"AttackPotion"},{"floor":16.0,"key":"SteroidPotion"},{"floor":22.0,"key":"EntropicBrew"}],"is_trial":false,"path_per_floor":["M","M","$","?","?","E","M","M","T","?","?","M","M","M","R","B",null,"M","M","M","?","?","R","M","M","T","R","M","M","?","M","R","B"],"character_chosen":"IRONCLAD","items_purchased":["Power Through"],"campfire_rested":0,"item_purchase_floors":[3],"current_hp_per_floor":[74,75,75,68,57,63,65,24,24,29,29,28,19,19,19,15,64,70,61,57,40,40,40,32,32,32,32,38,37,37,32,32,18],"gold":339,"neow_bonus":"THREE_ENEMY_KILL","is_prod":false,"is_daily":false,"chose_seed":false,"campfire_upgraded":4,"win_rate":0,"timestamp":1556878703,"path_taken":["M","M","$","?","?","E","M","M","T","?","?","M","?","M","R","BOSS","M","M","M","?","?","R","?","M","T","R","M","M","?","M","R","BOSS"],"build_version":"2019-01-23","purchased_purges":1,"victory":false,"max_hp_per_floor":[75,75,75,75,75,75,75,75,75,80,80,80,80,80,80,80,80,80,80,80,80,80,80,80,80,80,80,80,80,80,80,80,80],"card_choices":[{"not_picked":["Searing Blow","Perfected Strike"],"picked":"Disarm","floor":1.0},{"not_picked":["Sword Boomerang","Ghostly Armor"],"picked":"Second Wind","floor":2.0},{"not_picked":["Seeing Red","Flex","Clothesline"],"picked":"SKIP","floor":6.0},{"not_picked":["Sentinel","Seeing Red"],"picked":"Shrug It Off","floor":7.0},{"not_picked":["Thunderclap","Seeing Red","Anger"],"picked":"SKIP","floor":8.0},{"not_picked":["Combust","Pommel Strike"],"picked":"Spot Weakness","floor":12.0},{"not_picked":["Clothesline","Seeing Red"],"picked":"Infernal Blade","floor":13.0},{"not_picked":["Ghostly Armor","Flame Barrier"],"picked":"Armaments","floor":14.0},{"not_picked":["Demon Form","Double Tap"],"picked":"Dark Embrace","floor":16.0},{"not_picked":["Seeing Red","Wild Strike+1"],"picked":"Power Through","floor":18.0},{"not_picked":["Twin Strike","Iron Wave","Flex"],"picked":"SKIP","floor":19.0},{"not_picked":["Hemokinesis","Inflame","Pommel Strike"],"picked":"SKIP","floor":20.0},{"not_picked":["Heavy Blade","Perfected Strike","Fire Breathing"],"picked":"SKIP","floor":24.0},{"not_picked":["Clothesline","Blood for Blood"],"picked":"Second Wind","floor":25.0},{"not_picked":["Shrug It Off+1","Pommel Strike"],"picked":"Warcry+1","floor":28.0},{"not_picked":["Warcry","Disarm","Berserk"],"picked":"SKIP","floor":29.0},{"not_picked":["Clothesline","Heavy Blade","Thunderclap"],"picked":"SKIP","floor":31.0}],"player_experience":810565,"relics_obtained":[{"floor":6.0,"key":"Centennial Puzzle"},{"floor":9.0,"key":"Orichalcum"},{"floor":26.0,"key":"Mummified Hand"}],"event_choices":[{"cards_removed":["Strike_R"],"damage_healed":0.0,"max_hp_gain":0.0,"max_hp_loss":0.0,"gold_gain":0.0,"event_name":"Golden Wing","player_choice":"Card Removal","floor":4.0,"gold_loss":0.0,"damage_taken":7.0},{"damage_healed":0.0,"max_hp_gain":0.0,"max_hp_loss":0.0,"gold_gain":75.0,"event_name":"World of Goop","player_choice":"Gather Gold","floor":5.0,"gold_loss":0.0,"damage_taken":11.0},{"damage_healed":0.0,"max_hp_gain":5.0,"max_hp_loss":0.0,"gold_gain":0.0,"event_name":"Big Fish","player_choice":"Donut","floor":10.0,"gold_loss":0.0,"damage_taken":0.0},{"damage_healed":0.0,"max_hp_gain":0.0,"max_hp_loss":0.0,"gold_gain":0.0,"event_name":"WeMeetAgain","player_choice":"Paid Gold","floor":11.0,"gold_loss":51.0,"damage_taken":0.0,"relics_obtained":["Ancient Tea Set"]},{"damage_healed":0.0,"max_hp_gain":0.0,"max_hp_loss":0.0,"gold_gain":0.0,"event_name":"Colosseum","player_choice":"Fight","floor":21.0,"gold_loss":0.0,"damage_taken":0.0},{"damage_healed":0.0,"max_hp_gain":0.0,"max_hp_loss":0.0,"gold_gain":0.0,"event_name":"Colosseum","player_choice":"Fled From Nobs","floor":21.0,"gold_loss":0.0,"damage_taken":0.0},{"damage_healed":0.0,"max_hp_gain":0.0,"max_hp_loss":0.0,"gold_gain":0.0,"event_name":"The Woman in Blue","player_choice":"Bought 1 Potion","floor":22.0,"gold_loss":0.0,"damage_taken":0.0},{"damage_healed":0.0,"max_hp_gain":0.0,"max_hp_loss":0.0,"gold_gain":0.0,"event_name":"Cursed Tome","player_choice":"Ignored","floor":30.0,"gold_loss":0.0,"damage_taken":0.0}],"is_beta":false,"boss_relics":[{"not_picked":["Coffee Dripper","Black Blood"],"picked":"Velvet Choker"}],"items_purged_floors":[3],"is_endless":false,"potions_floor_spawned":[1,2,8,16,21,24,28,29],"killed_by":"Collector","ascension_level":20}