{"gold_per_floor":[117,117,129,140,140,174,174,192,216,246,246,76,76,89,89,89],"floor_reached":16,"playtime":917,"items_purged":["Defend_R"],"score":116,"play_id":"a7a19ade-9f5b-41b3-a02b-6296363e0252","local_time":"20190808010327","is_ascension_mode":true,"campfire_choices":[{"floor":7,"key":"RECALL"},{"data":"Armaments","floor":11,"key":"SMITH"},{"data":"Offering","floor":13,"key":"SMITH"},{"floor":15,"key":"REST"}],"neow_cost":"TEN_PERCENT_HP_LOSS","seed_source_timestamp":173094083058765,"circlet_count":0,"master_deck":["Strike_R","Strike_R","Strike_R","Defend_R","Defend_R","Defend_R","Bash+1","Armaments+1","Offering+1","Bandage Up"],"relics":["Burning Blood","Letter Opener","PreservedInsect","Boot"],"potions_floor_usage":[6,16,16,16],"damage_taken":[{"damage":0,"enemies":"Small Slimes","floor":1,"turns":3},{"damage":1,"enemies":"Cultist","floor":3,"turns":4},{"damage":10,"enemies":"Jaw Worm","floor":4,"turns":5},{"damage":24,"enemies":"Gremlin Nob","floor":6,"turns":4},{"damage":8,"enemies":"Large Slime","floor":8,"turns":5},{"damage":11,"enemies":"Lagavulin","floor":10,"turns":9},{"damage":6,"enemies":"3 Louse","floor":14,"turns":2},{"damage":75,"enemies":"Hexaghost","floor":16,"turns":14}],"seed_played":"-4796554611098881126","potions_obtained":[{"floor":1,"key":"Swift Potion"},{"floor":4,"key":"Fire Potion"},{"floor":6,"key":"Poison Potion"},{"floor":14,"key":"Swift Potion"}],"is_trial":false,"path_per_floor":["M","?","M","M","T","E","R","M","T","E","R","$","R","M","R","B"],"character_chosen":"IRONCLAD","items_purchased":["Bandage Up"],"campfire_rested":1,"item_purchase_floors":[12],"current_hp_per_floor":[72,72,72,68,68,50,50,48,48,43,43,43,43,47,68,0],"gold":89,"neow_bonus":"REMOVE_TWO","is_prod":false,"is_daily":false,"chose_seed":false,"campfire_upgraded":2,"win_rate":0,"timestamp":1565240607,"path_taken":["M","?","?","M","?","E","R","M","T","E","R","$","R","M","R","BOSS"],"build_version":"2019-07-17","purchased_purges":1,"victory":false,"max_hp_per_floor":[72,72,72,72,72,72,72,72,72,72,72,72,72,72,72,72],"card_choices":[{"not_picked":["Clash","Hemokinesis","Iron Wave"],"picked":"SKIP","floor":1},{"not_picked":["Corruption","Fire Breathing","Twin Strike"],"picked":"SKIP","floor":3},{"not_picked":["Warcry","Reckless Charge","Hemokinesis"],"picked":"SKIP","floor":4},{"not_picked":["Clothesline","Perfected Strike","Thunderclap"],"picked":"SKIP","floor":6},{"not_picked":["Flex","Sword Boomerang"],"picked":"Armaments","floor":8},{"not_picked":["Entrench","Shrug It Off"],"picked":"Offering","floor":10},{"not_picked":["Clothesline","Wild Strike","Flex"],"picked":"SKIP","floor":14}],"player_experience":89703,"relics_obtained":[{"floor":6,"key":"Letter Opener"},{"floor":9,"key":"PreservedInsect"},{"floor":10,"key":"Boot"}],"event_choices":[{"damage_healed":0,"gold_gain":0,"player_choice":"Upgraded","damage_taken":0,"max_hp_gain":0,"max_hp_loss":0,"event_name":"Upgrade Shrine","floor":2,"gold_loss":0,"cards_upgraded":["Bash"]}],"is_beta":false,"boss_relics":[],"items_purged_floors":[12],"is_endless":false,"potions_floor_spawned":[1,4,6,14],"killed_by":"Hexaghost","ascension_level":1}