{"gold_per_floor":[113,130,130,80,90,122,122,154,154,154,174,199,211,211,211,306,306,324,20,30,30,129,129,162,162,162,95,111,111,125,145,145,145],"floor_reached":33,"playtime":3885,"items_purged":["Defend_R"],"score":427,"play_id":"9dc7914f-6d0c-484f-ab37-3b6785e8f663","local_time":"20190607123055","is_ascension_mode":true,"campfire_choices":[{"data":"Hemokinesis","floor":7.0,"key":"SMITH"},{"floor":10.0,"key":"REST"},{"floor":15.0,"key":"REST"},{"data":"Corruption","floor":23.0,"key":"SMITH"},{"data":"Feel No Pain","floor":25.0,"key":"SMITH"},{"data":"Ghostly Armor","floor":32,"key":"SMITH"}],"neow_cost":"NONE","seed_source_timestamp":0,"circlet_count":0,"master_deck":["Defend_R","Defend_R","Defend_R","Bash","Reaper","Hemokinesis+1","Rage","Exhume","Ghostly Armor+1","Warcry","Demon Form","Cleave","Juggernaut","Feel No Pain+1","Limit Break","Heavy Blade+1","Corruption+1","Ghostly Armor","Bite","Bite","Bite","Bite","Bite","Uppercut+1"],"special_seed":0,"relics":["Burning Blood","Charon\u0027s Ashes","Unceasing Top","FossilizedHelix","Sundial","Coffee Dripper","Omamori","Whetstone"],"potions_floor_usage":[33],"damage_taken":[{"damage":16.0,"enemies":"Jaw Worm","floor":1.0,"turns":5.0},{"damage":1.0,"enemies":"2 Louse","floor":2.0,"turns":3.0},{"damage":4.0,"enemies":"Small Slimes","floor":5.0,"turns":5.0},{"damage":40.0,"enemies":"Gremlin Nob","floor":6.0,"turns":4.0},{"damage":48.0,"enemies":"Lagavulin","floor":8.0,"turns":7.0},{"damage":12.0,"enemies":"Looter","floor":11.0,"turns":4.0},{"damage":34.0,"enemies":"Gremlin Nob","floor":12.0,"turns":4.0},{"damage":7.0,"enemies":"Large Slime","floor":13.0,"turns":6.0},{"damage":4.0,"enemies":"Slime Boss","floor":16.0,"turns":9.0},{"damage":29.0,"enemies":"2 Thieves","floor":18.0,"turns":4.0},{"damage":8.0,"enemies":"Chosen","floor":20.0,"turns":5.0},{"damage":37.0,"enemies":"Gremlin Leader","floor":24.0,"turns":4.0},{"damage":56.0,"enemies":"Snake Plant","floor":28.0,"turns":6.0},{"damage":32,"enemies":"3 Cultists","floor":30,"turns":5},{"damage":37,"enemies":"Shelled Parasite and Fungi","floor":31,"turns":6},{"damage":101,"enemies":"Collector","floor":33,"turns":7}],"seed_played":"-1918954634642260190","potions_obtained":[{"floor":2.0,"key":"Strength Potion"},{"floor":12.0,"key":"SteroidPotion"},{"floor":16.0,"key":"Energy Potion"},{"floor":18.0,"key":"EssenceOfSteel"},{"floor":31,"key":"Swift Potion"}],"is_trial":false,"path_per_floor":["M","M","?","?","M","E","R","E","T","R","M","E","M","?","R","B",null,"M","$","M","?","?","R","E","R","T","$","M","?","M","M","R","B"],"character_chosen":"IRONCLAD","items_purchased":["Feel No Pain","Limit Break","BloodPotion","Ghostly Armor"],"campfire_rested":2,"item_purchase_floors":[19,19,19,27],"current_hp_per_floor":[70,80,85,85,85,57,57,27,27,52,50,26,29,29,54,66,85,66,66,70,70,70,70,81,81,81,81,35,35,27,12,12,0],"gold":145,"neow_bonus":"ONE_RANDOM_RARE_CARD","is_prod":false,"is_daily":false,"chose_seed":false,"campfire_upgraded":4,"win_rate":0,"timestamp":1559935855,"path_taken":["M","M","?","?","M","E","R","E","T","R","M","E","M","?","R","BOSS","M","$","M","?","?","R","E","R","T","$","M","?","M","M","R","BOSS"],"build_version":"2019-01-23","purchased_purges":1,"victory":false,"max_hp_per_floor":[80,80,85,85,85,85,85,85,85,85,85,85,85,85,85,85,85,85,85,85,85,85,85,85,85,85,85,85,59,59,59,59,59],"card_choices":[{"not_picked":["Clash","Wild Strike","Sword Boomerang"],"picked":"SKIP","floor":1.0},{"not_picked":["Perfected Strike","Shrug It Off"],"picked":"Hemokinesis","floor":2.0},{"not_picked":["Pommel Strike","Havoc"],"picked":"Rage","floor":5.0},{"not_picked":["Havoc","Anger"],"picked":"Exhume","floor":6.0},{"not_picked":["Clash","Thunderclap"],"picked":"Ghostly Armor","floor":8.0},{"not_picked":["True Grit","Body Slam"],"picked":"Warcry","floor":11.0},{"not_picked":["Heavy Blade","Perfected Strike"],"picked":"Demon Form","floor":12.0},{"not_picked":["True Grit","Perfected Strike"],"picked":"Cleave","floor":13.0},{"not_picked":["Brutality","Immolate"],"picked":"Juggernaut","floor":16.0},{"not_picked":["Body Slam+1","Reckless Charge","Evolve"],"picked":"SKIP","floor":18.0},{"not_picked":["Pommel Strike","Dropkick"],"picked":"Heavy Blade+1","floor":20.0},{"not_picked":["Clash","Cleave","Feel No Pain"],"picked":"SKIP","floor":24.0},{"not_picked":["Flex+1","Wild Strike","Warcry+1"],"picked":"SKIP","floor":28.0},{"not_picked":["Body Slam","Disarm+1"],"picked":"Uppercut+1","floor":30},{"not_picked":["Flex+1","Spot Weakness","Thunderclap"],"picked":"SKIP","floor":31}],"player_experience":538807,"relics_obtained":[{"floor":6.0,"key":"Charon\u0027s Ashes"},{"floor":8.0,"key":"Unceasing Top"},{"floor":9.0,"key":"FossilizedHelix"},{"floor":12.0,"key":"Sundial"},{"floor":24.0,"key":"Omamori"},{"floor":26.0,"key":"Whetstone"}],"event_choices":[{"damage_healed":0.0,"max_hp_gain":5.0,"max_hp_loss":0.0,"gold_gain":0.0,"event_name":"Big Fish","player_choice":"Donut","floor":3.0,"gold_loss":0.0,"damage_taken":0.0},{"cards_removed":["Strike_R"],"damage_healed":0.0,"max_hp_gain":0.0,"max_hp_loss":0.0,"gold_gain":0.0,"event_name":"The Cleric","player_choice":"Card Removal","floor":4.0,"gold_loss":50.0,"damage_taken":0.0},{"damage_healed":0.0,"max_hp_gain":0.0,"max_hp_loss":0.0,"gold_gain":0.0,"event_name":"Golden Idol","player_choice":"Ignored","floor":14.0,"gold_loss":0.0,"damage_taken":0.0},{"damage_healed":0.0,"max_hp_gain":0.0,"max_hp_loss":0.0,"gold_gain":0.0,"event_name":"The Library","player_choice":"Read","floor":21.0,"gold_loss":0.0,"damage_taken":0.0,"cards_obtained":["Corruption"]},{"damage_healed":0.0,"max_hp_gain":0.0,"max_hp_loss":0.0,"gold_gain":99.0,"event_name":"Nest","player_choice":"Stole From Cult","floor":22.0,"gold_loss":0.0,"damage_taken":0.0},{"damage_healed":0.0,"max_hp_gain":0.0,"max_hp_loss":26.0,"gold_gain":0.0,"event_name":"Vampires","player_choice":"Became a vampire","floor":29.0,"gold_loss":0.0,"damage_taken":0.0,"cards_obtained":["Bite","Bite","Bite","Bite","Bite"]}],"is_beta":false,"boss_relics":[{"not_picked":["Orrery","Mark of Pain"],"picked":"Coffee Dripper"}],"items_purged_floors":[19],"is_endless":false,"potions_floor_spawned":[2,12,16,18,20,31],"killed_by":"Collector","ascension_level":4}