{"gold_per_floor":[109,127,139,157,157,157,168,180,180,180,140,160,178,192,192,294,294,304,332,298,298,314,314,324,338,365,394,424,446,478,502,514,526],"floor_reached":33,"playtime":2214,"items_purged":[],"score":249,"play_id":"af2dcfc2-b25f-4115-95b1-28d3c7cea3ef","local_time":"20190730111114","is_ascension_mode":false,"campfire_choices":[{"data":"Strike_R","floor":6.0,"key":"SMITH"},{"data":"Defend_R","floor":10.0,"key":"SMITH"},{"data":"Armaments","floor":15.0,"key":"SMITH"},{"floor":23.0,"key":"REST"},{"floor":32.0,"key":"REST"}],"neow_cost":"NONE","seed_source_timestamp":1553499800564044,"circlet_count":0,"master_deck":["Strike_R","Strike_R","Strike_R","Strike_R+1","Defend_R+1","Defend_R+1","Defend_R+1","Bash","Armaments+1","Cleave","Headbutt","Perfected Strike","Clash","Reckless Charge","Blood for Blood","Clothesline","Seeing Red","Impervious","Flame Barrier+1","Bludgeon+1","Disarm+1","Flex+1","Warcry+1","Rampage","Battle Trance+1","Dual Wield+1","Uppercut","Flex+1","Clash+1","Infernal Blade+1","Warcry+1","Pommel Strike"],"special_seed":0,"relics":["Burning Blood","War Paint","Mercury Hourglass","Odd Mushroom","Astrolabe","Red Mask","MawBank"],"potions_floor_usage":[33,33,33],"damage_taken":[{"damage":2.0,"enemies":"Cultist","floor":1.0,"turns":4.0},{"damage":6.0,"enemies":"Small Slimes","floor":2.0,"turns":3.0},{"damage":0.0,"enemies":"2 Louse","floor":3.0,"turns":4.0},{"damage":14.0,"enemies":"Exordium Wildlife","floor":4.0,"turns":4.0},{"damage":0.0,"enemies":"Large Slime","floor":7.0,"turns":3.0},{"damage":8.0,"enemies":"Red Slaver","floor":8.0,"turns":3.0},{"damage":0.0,"enemies":"The Mushroom Lair","floor":12.0,"turns":3.0},{"damage":0.0,"enemies":"Exordium Wildlife","floor":13.0,"turns":3.0},{"damage":5.0,"enemies":"Looter","floor":14.0,"turns":2.0},{"damage":51.0,"enemies":"The Guardian","floor":16.0,"turns":8.0},{"damage":10.0,"enemies":"2 Thieves","floor":18.0,"turns":4.0},{"damage":49.0,"enemies":"Masked Bandits","floor":19.0,"turns":7.0},{"damage":0.0,"enemies":"Chosen","floor":22.0,"turns":3.0},{"damage":19.0,"enemies":"Centurion and Healer","floor":24.0,"turns":6.0},{"damage":18.0,"enemies":"3 Cultists","floor":25.0,"turns":5.0},{"damage":18.0,"enemies":"Sentry and Sphere","floor":27.0,"turns":7.0},{"damage":0.0,"enemies":"Snake Plant","floor":28.0,"turns":3.0},{"damage":17.0,"enemies":"3 Cultists","floor":29.0,"turns":6.0},{"damage":6.0,"enemies":"Shelled Parasite and Fungi","floor":30.0,"turns":3.0},{"damage":0.0,"enemies":"Centurion and Healer","floor":31.0,"turns":4.0},{"damage":56,"enemies":"Collector","floor":33,"turns":5}],"seed_played":"-3996607003749973285","potions_obtained":[{"floor":7.0,"key":"Swift Potion"},{"floor":12.0,"key":"Strength Potion"},{"floor":13.0,"key":"SkillPotion"}],"is_trial":false,"path_per_floor":["M","M","M","M","$","R","M","M","T","R","$","?","M","M","R","B",null,"M","?","$","?","M","R","M","M","T","M","M","M","M","M","R","B"],"character_chosen":"IRONCLAD","items_purchased":["Reckless Charge","Rampage"],"campfire_rested":2,"item_purchase_floors":[11,20],"current_hp_per_floor":[80,80,80,72,72,72,78,76,76,76,76,80,80,80,80,35,80,76,33,33,33,39,63,50,38,38,26,32,21,21,27,51,0],"gold":526,"neow_bonus":"RANDOM_COMMON_RELIC","is_prod":false,"is_daily":false,"chose_seed":false,"campfire_upgraded":3,"win_rate":0.0,"timestamp":1564456274,"path_taken":["M","M","M","M","?","R","M","M","T","R","$","?","M","M","R","BOSS","M","?","$","?","M","R","M","M","T","M","M","M","M","M","R","BOSS"],"build_version":"2019-07-17","purchased_purges":0,"victory":false,"max_hp_per_floor":[80,80,80,80,80,80,80,80,80,80,80,80,80,80,80,80,80,80,80,80,80,80,80,80,80,80,80,80,80,80,80,80,80],"card_choices":[{"not_picked":["Flex","Reckless Charge"],"picked":"Sword Boomerang","floor":1.0},{"not_picked":["Second Wind","Feel No Pain"],"picked":"Armaments","floor":2.0},{"not_picked":["Entrench","Armaments"],"picked":"Cleave","floor":3.0},{"not_picked":["Warcry","Intimidate"],"picked":"Headbutt","floor":4.0},{"not_picked":["Headbutt","Burning Pact"],"picked":"Perfected Strike","floor":7.0},{"not_picked":["Hemokinesis","Pommel Strike"],"picked":"Clash","floor":8.0},{"not_picked":["Cleave","Power Through"],"picked":"Blood for Blood","floor":12.0},{"not_picked":["Dropkick","Intimidate"],"picked":"Clothesline","floor":13.0},{"not_picked":["Sword Boomerang","Twin Strike"],"picked":"Seeing Red","floor":14.0},{"not_picked":["Barricade","Reaper"],"picked":"Impervious","floor":16.0},{"not_picked":["Warcry+1","Shrug It Off"],"picked":"Flex+1","floor":18.0},{"not_picked":["Shrug It Off","Inflame+1"],"picked":"Warcry+1","floor":19.0},{"not_picked":["Body Slam","Warcry+1"],"picked":"Battle Trance+1","floor":22.0},{"not_picked":["Sword Boomerang","Anger"],"picked":"Dual Wield+1","floor":24.0},{"not_picked":["Flex","Body Slam"],"picked":"Uppercut","floor":25.0},{"not_picked":["Iron Wave","Reckless Charge"],"picked":"Flex+1","floor":27.0},{"not_picked":["Reckless Charge+1","True Grit"],"picked":"Clash+1","floor":28.0},{"not_picked":["Corruption","Carnage+1"],"picked":"Infernal Blade+1","floor":29.0},{"not_picked":["Feel No Pain","Corruption"],"picked":"Warcry+1","floor":30.0},{"not_picked":["Reaper","Twin Strike"],"picked":"Pommel Strike","floor":31.0}],"player_experience":34716,"relics_obtained":[{"floor":9.0,"key":"Mercury Hourglass"},{"floor":12.0,"key":"Odd Mushroom"},{"floor":19.0,"key":"Red Mask"},{"floor":26.0,"key":"MawBank"}],"event_choices":[{"damage_healed":0.0,"max_hp_gain":0.0,"max_hp_loss":0.0,"gold_gain":0.0,"event_name":"Mushrooms","player_choice":"Fought Mushrooms","floor":12.0,"gold_loss":0.0,"damage_taken":0.0},{"damage_healed":0.0,"max_hp_gain":0.0,"max_hp_loss":0.0,"gold_gain":0.0,"event_name":"Masked Bandits","player_choice":"Fought Bandits","floor":19.0,"gold_loss":0.0,"damage_taken":0.0},{"damage_healed":0.0,"max_hp_gain":0.0,"max_hp_loss":0.0,"gold_gain":0.0,"event_name":"Beggar","player_choice":"Ignored","floor":21.0,"gold_loss":0.0,"damage_taken":0.0}],"is_beta":false,"boss_relics":[{"not_picked":["Orrery","Ectoplasm"],"picked":"Astrolabe"}],"items_purged_floors":[],"is_endless":false,"potions_floor_spawned":[7,12,13,16,18,24,27,31],"killed_by":"Collector","ascension_level":0}