{"gold_per_floor":[109,120,138,63,73,73,106,106,154,177,177],"floor_reached":11,"playtime":330,"items_purged":[],"score":146,"play_id":"bba34519-b05a-421d-ac0e-93593da4f945","local_time":"20190509133743","is_ascension_mode":true,"campfire_choices":[{"data":"Flex","floor":6.0,"key":"SMITH"}],"neow_cost":"NONE","seed_source_timestamp":1483706792372348,"circlet_count":0,"master_deck":["AscendersBane","Strike_R","Strike_R","Strike_R","Strike_R","Defend_R","Defend_R","Defend_R","Defend_R","Bash","Flex+1","Second Wind","Shockwave","Impervious"],"special_seed":0,"relics":["Burning Blood","Gremlin Horn","Orichalcum","Anchor"],"potions_floor_usage":[],"damage_taken":[{"damage":9.0,"enemies":"Jaw Worm","floor":1.0,"turns":3.0},{"damage":3.0,"enemies":"2 Louse","floor":2.0,"turns":4.0},{"damage":5.0,"enemies":"Small Slimes","floor":3.0,"turns":4.0},{"damage":11.0,"enemies":"Exordium Wildlife","floor":5.0,"turns":4.0},{"damage":24.0,"enemies":"Lagavulin","floor":7.0,"turns":7.0},{"damage":40,"enemies":"3 Sentries","floor":11,"turns":8}],"seed_played":"-9170841138774095559","potions_obtained":[{"floor":1.0,"key":"Weak Potion"},{"floor":2.0,"key":"Regen Potion"}],"is_trial":false,"path_per_floor":["M","M","M","?","M","R","E","?","T","T","E"],"character_chosen":"IRONCLAD","items_purchased":[],"campfire_rested":0,"item_purchase_floors":[],"current_hp_per_floor":[65,68,69,69,69,69,51,51,51,51,11],"gold":177,"neow_bonus":"THREE_CARDS","is_prod":false,"is_daily":false,"chose_seed":false,"campfire_upgraded":1,"win_rate":0,"timestamp":1557380263,"path_taken":["M","M","M","?","M","R","E","?","T","?","E"],"build_version":"2019-01-23","purchased_purges":0,"victory":false,"max_hp_per_floor":[75,75,75,75,75,75,75,75,75,75,75],"card_choices":[{"not_picked":["Thunderclap","True Grit"],"picked":"Flex","floor":0.0},{"not_picked":["Reckless Charge","Warcry"],"picked":"Second Wind","floor":1.0},{"not_picked":["Uppercut","Warcry"],"picked":"Shockwave","floor":2.0},{"not_picked":["Havoc","Iron Wave","Second Wind"],"picked":"SKIP","floor":3.0},{"not_picked":["Metallicize","Perfected Strike","Wild Strike"],"picked":"SKIP","floor":5.0},{"not_picked":["Perfected Strike","Intimidate"],"picked":"Impervious","floor":7.0}],"player_experience":829486,"relics_obtained":[{"floor":7.0,"key":"Gremlin Horn"},{"floor":9.0,"key":"Orichalcum"},{"floor":10.0,"key":"Anchor"}],"event_choices":[{"cards_removed":["Strike_R"],"damage_healed":0.0,"max_hp_gain":0.0,"max_hp_loss":0.0,"gold_gain":0.0,"event_name":"The Cleric","player_choice":"Card Removal","floor":4.0,"gold_loss":75.0,"damage_taken":0.0},{"damage_healed":0.0,"max_hp_gain":0.0,"max_hp_loss":0.0,"gold_gain":0.0,"event_name":"Liars Game","player_choice":"Ignored","floor":8.0,"gold_loss":0.0,"damage_taken":0.0}],"is_beta":false,"boss_relics":[],"items_purged_floors":[],"is_endless":false,"potions_floor_spawned":[1,2],"killed_by":"3 Sentries","ascension_level":20}