{"gold_per_floor":[114,114,125,155,80,111,111,124,124,143,143,143,183,197,197,287,287,305,205,205],"floor_reached":20,"playtime":630,"items_purged":[],"score":414,"play_id":"5f0d5c9b-36dd-4a66-a098-042a33bbe4ce","local_time":"20190602195456","is_ascension_mode":true,"campfire_choices":[{"data":"Streamline","floor":7.0,"key":"SMITH"},{"data":"Coolheaded","floor":11.0,"key":"SMITH"},{"data":"Turbo","floor":15.0,"key":"SMITH"}],"neow_cost":"NONE","seed_source_timestamp":1069151656505164,"circlet_count":0,"master_deck":["AscendersBane","Strike_B","Strike_B","Strike_B","Defend_B","Defend_B","Defend_B","Defend_B","Zap","Dualcast","Streamline+1","Coolheaded+1","Turbo+1","Ball Lightning","Creative AI","Hologram","Cold Snap"],"special_seed":0,"relics":["Cracked Core","NeowsBlessing","Unceasing Top","Tiny Chest","Regal Pillow","Golden Idol","Pantograph","Runic Pyramid"],"potions_floor_usage":[16,18,19],"damage_taken":[{"damage":0.0,"enemies":"2 Louse","floor":1.0,"turns":1.0},{"damage":0.0,"enemies":"Jaw Worm","floor":3.0,"turns":1.0},{"damage":0.0,"enemies":"Gremlin Nob","floor":6.0,"turns":1.0},{"damage":0.0,"enemies":"Small Slimes","floor":8.0,"turns":2.0},{"damage":4.0,"enemies":"3 Louse","floor":10.0,"turns":4.0},{"damage":26.0,"enemies":"3 Sentries","floor":13.0,"turns":8.0},{"damage":11.0,"enemies":"Looter","floor":14.0,"turns":2.0},{"damage":33,"enemies":"The Guardian","floor":16,"turns":14},{"damage":26,"enemies":"Shell Parasite","floor":18,"turns":5},{"damage":11,"enemies":"2 Thieves","floor":19,"turns":5},{"damage":16,"enemies":"Centurion and Healer","floor":20,"turns":1}],"seed_played":"2043559547320886291","potions_obtained":[{"floor":6.0,"key":"Swift Potion"},{"floor":10.0,"key":"Ancient Potion"},{"floor":18,"key":"SkillPotion"}],"is_trial":false,"path_per_floor":["M","?","M","T","?","E","R","M","T","M","R","?","E","M","R","B",null,"M","M","M"],"character_chosen":"DEFECT","items_purchased":[],"campfire_rested":0,"item_purchase_floors":[],"current_hp_per_floor":[64,59,59,59,59,59,59,59,59,55,55,55,29,18,18,10,51,25,14,0],"gold":205,"neow_bonus":"THREE_ENEMY_KILL","is_prod":false,"is_daily":false,"chose_seed":false,"campfire_upgraded":3,"win_rate":0,"timestamp":1559476496,"path_taken":["M","?","M","?","?","E","R","M","T","M","R","?","E","M","R","BOSS","M","M","M"],"build_version":"2019-01-23","purchased_purges":0,"victory":false,"max_hp_per_floor":[71,71,71,71,71,71,71,71,71,71,71,64,64,64,64,64,64,64,64,64],"card_choices":[{"not_picked":["Redo","Sunder"],"picked":"Streamline","floor":1.0},{"not_picked":["Beam Cell","Static Discharge"],"picked":"Coolheaded","floor":3.0},{"not_picked":["Doom and Gloom","Ball Lightning"],"picked":"Turbo","floor":6.0},{"not_picked":["Chaos","Consume","Beam Cell"],"picked":"SKIP","floor":8.0},{"not_picked":["Storm","Beam Cell"],"picked":"Ball Lightning","floor":10.0},{"not_picked":["Ball Lightning","Static Discharge","Sweeping Beam"],"picked":"SKIP","floor":13.0},{"not_picked":["Rip and Tear","Ball Lightning","Streamline"],"picked":"SKIP","floor":14.0},{"not_picked":["Multi-Cast","Rainbow"],"picked":"Creative AI","floor":16},{"not_picked":["Turbo","Go for the Eyes"],"picked":"Hologram","floor":18},{"not_picked":["Rebound","Ball Lightning"],"picked":"Cold Snap","floor":19}],"player_experience":963845,"relics_obtained":[{"floor":4.0,"key":"Tiny Chest"},{"floor":6.0,"key":"Regal Pillow"},{"floor":13.0,"key":"Pantograph"}],"event_choices":[{"damage_healed":0.0,"max_hp_gain":0.0,"max_hp_loss":0.0,"gold_gain":0.0,"event_name":"Scrap Ooze","player_choice":"Success","floor":2.0,"gold_loss":0.0,"damage_taken":5.0,"relics_obtained":["Unceasing Top"]},{"cards_removed":["Strike_B"],"damage_healed":0.0,"max_hp_gain":0.0,"max_hp_loss":0.0,"gold_gain":0.0,"event_name":"The Cleric","player_choice":"Card Removal","floor":5.0,"gold_loss":75.0,"damage_taken":0.0},{"damage_healed":0.0,"max_hp_gain":0.0,"max_hp_loss":7.0,"gold_gain":0.0,"event_name":"Golden Idol","player_choice":"Lose Max HP","floor":12.0,"gold_loss":0.0,"damage_taken":0.0,"relics_obtained":["Golden Idol"]}],"is_beta":false,"boss_relics":[{"not_picked":["Busted Crown","Snecko Eye"],"picked":"Runic Pyramid"}],"items_purged_floors":[],"is_endless":false,"potions_floor_spawned":[6,10,18],"killed_by":"Centurion and Healer","ascension_level":20}