{"gold_per_floor":[18,35,35,47,12,12,12,112,139,151,177,197,197,217,217,217],"floor_reached":16,"playtime":1365,"items_purged":[],"score":112,"play_id":"efbae4d6-a0ae-43d5-8457-0126c310252d","local_time":"20190517133500","is_ascension_mode":true,"campfire_choices":[{"data":"Blur","floor":6,"key":"SMITH"},{"floor":15,"key":"REST"}],"neow_cost":"NO_GOLD","seed_source_timestamp":16918257162999,"circlet_count":0,"master_deck":["Defend_G","Defend_G","Defend_G","Defend_G","Defend_G","Strike_G","Strike_G","Strike_G","Strike_G","Strike_G","Survivor","Neutralize+1","Blur+1","Dash","Dagger Throw","Outmaneuver","Backstab","Infinite Blades"],"relics":["Ring of the Snake","Bird Faced Urn","Ancient Tea Set","Matryoshka"],"potions_floor_usage":[11,16],"damage_taken":[{"damage":11,"enemies":"Cultist","floor":1,"turns":4},{"damage":2,"enemies":"2 Louse","floor":2,"turns":3},{"damage":3,"enemies":"Jaw Worm","floor":4,"turns":6},{"damage":0,"enemies":"3 Louse","floor":10,"turns":4},{"damage":46,"enemies":"Gremlin Nob","floor":11,"turns":7},{"damage":0,"enemies":"2 Fungi Beasts","floor":12,"turns":4},{"damage":11,"enemies":"Looter","floor":14,"turns":2},{"damage":39,"enemies":"Hexaghost","floor":16,"turns":12}],"seed_played":"2952269535578584499","potions_obtained":[{"floor":1,"key":"EssenceOfSteel"},{"floor":10,"key":"Fire Potion"}],"is_trial":false,"path_per_floor":["M","M","$","M","?","R","$","?","T","M","E","M","?","M","R","B"],"character_chosen":"THE_SILENT","items_purchased":[],"campfire_rested":1,"item_purchase_floors":[],"current_hp_per_floor":[59,57,57,54,70,70,70,70,70,70,24,24,24,13,34,0],"gold":217,"neow_bonus":"ONE_RARE_RELIC","is_prod":false,"is_daily":false,"chose_seed":false,"campfire_upgraded":1,"win_rate":0,"timestamp":1558125300,"path_taken":["M","M","$","?","?","R","$","?","T","M","E","?","?","M","R","BOSS"],"build_version":"2019-01-23","purchased_purges":0,"victory":false,"max_hp_per_floor":[70,70,70,70,70,70,70,70,70,70,70,70,70,70,70,70],"card_choices":[{"not_picked":["Noxious Fumes","Acrobatics"],"picked":"Blur","floor":1},{"not_picked":["Dagger Spray","Quick Slash"],"picked":"Dash","floor":2},{"not_picked":["Deflect","PiercingWail"],"picked":"Dagger Throw","floor":4},{"not_picked":["Quick Slash","PiercingWail","Calculated Gamble"],"picked":"SKIP","floor":10},{"not_picked":["Grand Finale","Underhanded Strike"],"picked":"Outmaneuver","floor":11},{"not_picked":["Reflex","Prepared"],"picked":"Backstab","floor":12},{"not_picked":["Dagger Throw","Escape Plan"],"picked":"Infinite Blades","floor":14}],"player_experience":519975,"relics_obtained":[{"floor":9,"key":"Ancient Tea Set"},{"floor":11,"key":"Matryoshka"}],"event_choices":[{"damage_healed":17,"gold_gain":0,"player_choice":"Healed","damage_taken":0,"max_hp_gain":0,"max_hp_loss":0,"event_name":"The Cleric","floor":5,"gold_loss":35},{"damage_healed":0,"gold_gain":100,"player_choice":"Pray","damage_taken":0,"max_hp_gain":0,"max_hp_loss":0,"event_name":"Golden Shrine","floor":8,"gold_loss":0},{"damage_healed":0,"gold_gain":0,"player_choice":"Grow","damage_taken":0,"max_hp_gain":0,"max_hp_loss":0,"event_name":"Living Wall","floor":13,"gold_loss":0,"cards_upgraded":["Neutralize"]}],"is_beta":false,"boss_relics":[],"items_purged_floors":[],"is_endless":false,"potions_floor_spawned":[1,10],"killed_by":"Hexaghost","ascension_level":2}