{"gold_per_floor":[111,111,111,130,153,153,177,216,290,331,331,74,74,74,74,203,203,219,219,235,248,267,267],"floor_reached":23,"playtime":1227,"items_purged":[],"score":211,"play_id":"e0c787a0-776c-4d97-bf86-09d69c990748","local_time":"20181212222549","is_ascension_mode":true,"campfire_choices":[{"floor":6,"key":"REST"},{"floor":15,"key":"REST"}],"neow_cost":"NONE","seed_source_timestamp":1629373088124749,"circlet_count":0,"master_deck":["Strike_R","Strike_R","Strike_R","Strike_R","Strike_R","Defend_R","Defend_R","Defend_R","Defend_R","Bash+1","Anger","Cleave","Limit Break+1","Flame Barrier","Juggernaut","Dual Wield","Parasite","Brutality","True Grit+1","Body Slam+1","Burning Pact","Sentinel"],"relics":["Burning Blood","Golden Idol","StoneCalendar","Bronze Scales","Kunai","Ornamental Fan","Black Star"],"potions_floor_usage":[16,16,21,22],"damage_taken":[{"damage":0,"enemies":"Small Slimes","floor":1,"turns":3},{"damage":8,"enemies":"2 Louse","floor":4,"turns":3},{"damage":8,"enemies":"Jaw Worm","floor":5,"turns":3},{"damage":13,"enemies":"Red Slaver","floor":7,"turns":2},{"damage":33,"enemies":"Lagavulin","floor":8,"turns":6},{"damage":43,"enemies":"3 Sentries","floor":10,"turns":7},{"damage":33,"enemies":"Slime Boss","floor":16,"turns":8},{"damage":24,"enemies":"Spheric Guardian","floor":18,"turns":5},{"damage":11,"enemies":"Chosen","floor":20,"turns":6},{"damage":37,"enemies":"Sentry and Sphere","floor":21,"turns":6},{"damage":9,"enemies":"Snecko","floor":22,"turns":6},{"damage":28,"enemies":"Slavers","floor":23,"turns":2}],"seed_played":"5270700233529675083","potions_obtained":[{"floor":4,"key":"Swift Potion"},{"floor":10,"key":"Regen Potion"},{"floor":16,"key":"Poison Potion"},{"floor":21,"key":"Block Potion"},{"floor":22,"key":"GamblersBrew"}],"is_trial":false,"path_per_floor":["M","?","?","M","M","R","M","E","T","E","?","$","?","?","R","B",null,"M","?","M","M","M","E"],"character_chosen":"IRONCLAD","items_purchased":["Ornamental Fan"],"campfire_rested":2,"item_purchase_floors":[12],"current_hp_per_floor":[80,60,65,63,61,85,78,51,51,14,2,2,2,23,48,36,85,67,67,62,31,28,0],"gold":267,"neow_bonus":"UPGRADE_CARD","is_prod":false,"is_daily":false,"chose_seed":false,"campfire_upgraded":0,"win_rate":0,"timestamp":1544613949,"path_taken":["M","?","?","M","M","R","M","E","T","E","?","$","?","?","R","BOSS","M","?","M","?","M","E"],"build_version":"2018-12-06","purchased_purges":0,"victory":false,"max_hp_per_floor":[80,80,85,85,85,85,85,85,85,85,85,85,85,85,85,85,85,85,85,85,85,85,85],"card_choices":[{"not_picked":["Wild Strike","Body Slam"],"picked":"Anger","floor":1},{"not_picked":["Searing Blow","Perfected Strike"],"picked":"Cleave","floor":4},{"not_picked":["Wild Strike","Thunderclap"],"picked":"Limit Break","floor":5},{"not_picked":["Thunderclap","Uppercut"],"picked":"Flame Barrier","floor":7},{"not_picked":["True Grit","Sword Boomerang"],"picked":"Juggernaut","floor":8},{"not_picked":["Combust","Wild Strike"],"picked":"Dual Wield","floor":10},{"not_picked":["Exhume","Demon Form"],"picked":"Brutality","floor":16},{"not_picked":["Clothesline","Havoc+1"],"picked":"True Grit+1","floor":18},{"not_picked":["Wild Strike","Feel No Pain"],"picked":"Body Slam+1","floor":20},{"not_picked":["Shrug It Off","True Grit"],"picked":"Burning Pact","floor":21},{"not_picked":["Perfected Strike","Havoc"],"picked":"Sentinel","floor":22}],"player_experience":210865,"relics_obtained":[{"floor":8,"key":"StoneCalendar"},{"floor":10,"key":"Bronze Scales"}],"event_choices":[{"damage_healed":0,"gold_gain":0,"player_choice":"Take Damage","damage_taken":20,"relics_obtained":["Golden Idol"],"max_hp_gain":0,"max_hp_loss":0,"event_name":"Golden Idol","floor":2,"gold_loss":0},{"damage_healed":0,"gold_gain":0,"player_choice":"Donut","damage_taken":0,"max_hp_gain":5,"max_hp_loss":0,"event_name":"Big Fish","floor":3,"gold_loss":0},{"damage_healed":0,"gold_gain":0,"player_choice":"Success","damage_taken":12,"relics_obtained":["Kunai"],"max_hp_gain":0,"max_hp_loss":0,"event_name":"Scrap Ooze","floor":11,"gold_loss":0},{"damage_healed":0,"gold_gain":0,"player_choice":"Searched \u00270\u0027 times","damage_taken":0,"max_hp_gain":0,"max_hp_loss":0,"event_name":"Dead Adventurer","floor":13,"gold_loss":0},{"damage_healed":21,"gold_gain":0,"player_choice":"Healed and dodged fight","damage_taken":0,"max_hp_gain":0,"max_hp_loss":0,"event_name":"Mushrooms","floor":14,"gold_loss":0,"cards_obtained":["Parasite"]},{"damage_healed":0,"gold_gain":0,"player_choice":"Upgraded","damage_taken":0,"max_hp_gain":0,"max_hp_loss":0,"event_name":"Upgrade Shrine","floor":19,"gold_loss":0,"cards_upgraded":["Limit Break"]}],"is_beta":false,"boss_relics":[{"not_picked":["Philosopher\u0027s Stone","Velvet Choker"],"picked":"Black Star"}],"items_purged_floors":[],"is_endless":false,"potions_floor_spawned":[4,10,16,21,22],"killed_by":"Slavers","ascension_level":1}