{"gold_per_floor":[115,135,150,150,116,148,174,174,174,193,193,203,218,71,71,169,219,230,230,155,155,70,70,70,70,70,70,80,100,100,0,0,102,102,115,215,90,107,107,107,117,117],"floor_reached":42,"playtime":3814,"items_purged":["Pain","Strike_R","Juggernaut+1"],"score":469,"play_id":"33781576-c045-41dd-bbab-38573a1eb094","local_time":"20190725012339","is_ascension_mode":false,"campfire_choices":[{"data":"Whirlwind","floor":8,"key":"SMITH"},{"floor":15,"key":"REST"},{"data":"Clash","floor":23,"key":"SMITH"},{"floor":32,"key":"REST"},{"floor":40,"key":"REST"}],"neow_cost":"NONE","seed_source_timestamp":440769629096501,"circlet_count":0,"master_deck":["Defend_R","Defend_R","Defend_R","Clash+1","Clash","Clash","Whirlwind+1","Warcry","Clash","Clash","Clash","Brutality","Bloodletting","Clash","Feed","Blood for Blood+1","Rampage+1","Fire Breathing+1","Warcry"],"relics":["White Beast Statue","Magic Flower","Odd Mushroom","Girya","Pen Nib","Tiny House","WarpedTongs","Frozen Egg 2","Torii","Sundial","Astrolabe","Champion Belt"],"potions_floor_usage":[7,13,16,16,18,28,29,29,33,33,33,33,33,36,38,41,41,42],"damage_taken":[{"damage":5,"enemies":"Cultist","floor":1,"turns":4},{"damage":2,"enemies":"2 Louse","floor":2,"turns":2},{"damage":1,"enemies":"Jaw Worm","floor":3,"turns":3},{"damage":13,"enemies":"Gremlin Nob","floor":6,"turns":4},{"damage":13,"enemies":"The Mushroom Lair","floor":7,"turns":3},{"damage":0,"enemies":"Large Slime","floor":10,"turns":2},{"damage":0,"enemies":"Lots of Slimes","floor":12,"turns":1},{"damage":2,"enemies":"2 Fungi Beasts","floor":13,"turns":2},{"damage":34,"enemies":"Hexaghost","floor":16,"turns":5},{"damage":19,"enemies":"2 Thieves","floor":18,"turns":3},{"damage":6,"enemies":"3 Byrds","floor":28,"turns":3},{"damage":1,"enemies":"Snecko","floor":29,"turns":3},{"damage":38,"enemies":"Champ","floor":33,"turns":5},{"damage":47,"enemies":"3 Darklings","floor":35,"turns":4},{"damage":39,"enemies":"Mind Bloom Boss Battle","floor":36,"turns":5},{"damage":16,"enemies":"Orb Walker","floor":38,"turns":3},{"damage":1,"enemies":"4 Shapes","floor":41,"turns":2},{"damage":46,"enemies":"Reptomancer","floor":42,"turns":3}],"seed_played":"-5203393648454196493","potions_obtained":[{"floor":1,"key":"BloodPotion"},{"floor":2,"key":"SneckoOil"},{"floor":3,"key":"SkillPotion"},{"floor":6,"key":"SkillPotion"},{"floor":7,"key":"Dexterity Potion"},{"floor":10,"key":"Strength Potion"},{"floor":13,"key":"FearPotion"},{"floor":16,"key":"SpeedPotion"},{"floor":17,"key":"EntropicBrew"},{"floor":18,"key":"Poison Potion"},{"floor":28,"key":"Energy Potion"},{"floor":29,"key":"Strength Potion"},{"floor":33,"key":"GamblersBrew"},{"floor":35,"key":"AttackPotion"},{"floor":36,"key":"Regen Potion"},{"floor":38,"key":"EssenceOfSteel"},{"floor":41,"key":"Poison Potion"}],"is_trial":false,"path_per_floor":["M","M","M","?","$","E","?","R","T","M","?","M","M","$","R","B",null,"M","?","$","T","?","R","?","$","T","$","M","M","?","$","R","B",null,"M","?","$","M","?","R","M","E"],"character_chosen":"IRONCLAD","items_purchased":["Whirlwind","Pen Nib"],"campfire_rested":3,"item_purchase_floors":[5,14],"current_hp_per_floor":[75,73,72,65,65,52,69,69,69,69,69,69,67,67,80,46,85,66,66,66,66,66,66,66,66,66,66,60,59,43,43,70,54,90,48,9,9,12,12,40,39,0],"gold":117,"neow_bonus":"BOSS_RELIC","is_prod":false,"is_daily":false,"chose_seed":false,"campfire_upgraded":2,"win_rate":0.0,"timestamp":1564010619,"path_taken":["M","?","M","?","$","E","?","R","T","?","?","?","M","$","R","BOSS","M","?","$","?","?","R","?","$","T","$","M","M","?","?","R","BOSS","M","?","?","?","?","R","M","E"],"build_version":"2019-07-17","purchased_purges":3,"victory":false,"max_hp_per_floor":[80,80,80,80,80,80,80,80,80,80,80,80,80,80,80,80,85,85,85,85,85,85,85,85,85,85,85,85,85,90,90,90,90,90,93,93,93,96,96,96,96,96],"card_choices":[{"not_picked":["Uppercut","Perfected Strike"],"picked":"Clash","floor":1},{"not_picked":["Intimidate","Headbutt"],"picked":"Clash","floor":2},{"not_picked":["Sever Soul","Berserk"],"picked":"Clash","floor":3},{"not_picked":["Body Slam","Thunderclap"],"picked":"Warcry","floor":6},{"not_picked":["Disarm","True Grit"],"picked":"Clash","floor":7},{"not_picked":["Cleave","Warcry"],"picked":"Clash","floor":10},{"not_picked":["Flex","Second Wind","Power Through"],"picked":"SKIP","floor":12},{"not_picked":["Second Wind","Rage"],"picked":"Clash","floor":13},{"not_picked":["Berserk","Offering"],"picked":"Brutality","floor":16},{"not_picked":["Anger","Twin Strike"],"picked":"Bloodletting","floor":17},{"not_picked":["Shrug It Off","Flex","Shockwave"],"picked":"SKIP","floor":18},{"not_picked":["Armaments","Sword Boomerang","Iron Wave+1"],"picked":"SKIP","floor":28},{"not_picked":["Shrug It Off+1","Clothesline","Bloodletting+1"],"picked":"SKIP","floor":29},{"not_picked":["Offering","Double Tap"],"picked":"Feed","floor":33},{"not_picked":["Headbutt+1","Perfected Strike","Disarm"],"picked":"SKIP","floor":35},{"not_picked":["Carnage","Metallicize+1"],"picked":"Fire Breathing+1","floor":36},{"not_picked":["Shrug It Off+1","Clothesline+1","Reckless Charge+1"],"picked":"SKIP","floor":38},{"not_picked":["Blood for Blood","Perfected Strike+1"],"picked":"Warcry","floor":41}],"player_experience":2444,"relics_obtained":[{"floor":6,"key":"Magic Flower"},{"floor":7,"key":"Odd Mushroom"},{"floor":9,"key":"Girya"},{"floor":21,"key":"Frozen Egg 2"},{"floor":26,"key":"Sundial"},{"floor":36,"key":"Champion Belt"}],"event_choices":[{"cards_removed":["Strike_R"],"damage_healed":0,"gold_gain":0,"player_choice":"Card Removal","damage_taken":7,"max_hp_gain":0,"max_hp_loss":0,"event_name":"Golden Wing","floor":4,"gold_loss":0},{"damage_healed":0,"gold_gain":0,"player_choice":"Fought Mushrooms","damage_taken":0,"max_hp_gain":0,"max_hp_loss":0,"event_name":"Mushrooms","floor":7,"gold_loss":0},{"cards_removed":["Defend_R"],"damage_healed":0,"gold_gain":0,"player_choice":"Card Removal","damage_taken":0,"max_hp_gain":0,"max_hp_loss":0,"event_name":"Wheel of Change","floor":11,"gold_loss":0},{"damage_healed":0,"gold_gain":0,"player_choice":"Rummage","damage_taken":0,"relics_obtained":["WarpedTongs"],"max_hp_gain":0,"max_hp_loss":0,"event_name":"Accursed Blacksmith","floor":19,"gold_loss":0,"cards_obtained":["Pain"]},{"damage_healed":0,"gold_gain":0,"player_choice":"Obtained Relic","damage_taken":0,"relics_obtained":["Torii"],"max_hp_gain":0,"max_hp_loss":0,"event_name":"Addict","floor":22,"gold_loss":85},{"damage_healed":0,"gold_gain":0,"player_choice":"Read","damage_taken":0,"max_hp_gain":0,"max_hp_loss":0,"event_name":"The Library","floor":24,"gold_loss":0,"cards_obtained":["Clash"]},{"damage_healed":0,"gold_gain":0,"player_choice":"Shed Blood","damage_taken":21,"max_hp_gain":5,"max_hp_loss":0,"event_name":"Forgotten Altar","floor":30,"gold_loss":0},{"damage_healed":0,"gold_gain":0,"player_choice":"Fight","damage_taken":0,"max_hp_gain":0,"max_hp_loss":0,"event_name":"MindBloom","floor":36,"gold_loss":0},{"cards_removed":["Strike_R"],"damage_healed":0,"gold_gain":0,"player_choice":"Removed Attack","damage_taken":0,"max_hp_gain":0,"max_hp_loss":0,"event_name":"Falling","floor":39,"gold_loss":0}],"is_beta":false,"boss_relics":[{"not_picked":["Lizard Tail","Mark of Pain"],"picked":"Tiny House"},{"not_picked":["Empty Cage","Orrery"],"picked":"Astrolabe"}],"items_purged_floors":[20,31,37],"is_endless":false,"potions_floor_spawned":[1,2,3,6,7,10,12,13,16,18,28,29,33,35,36,38,41],"killed_by":"Reptomancer","ascension_level":0}