{"gold_per_floor":[110,110,128,31,46,86,86,186,186,204,204,242,227],"floor_reached":13,"playtime":620,"items_purged":["Strike_B"],"score":93,"play_id":"bf44a88c-7fae-430c-afe8-4694b096c160","local_time":"20181231103304","is_ascension_mode":false,"campfire_choices":[{"floor":7,"key":"REST"},{"floor":11,"key":"RECALL"}],"neow_cost":"NONE","seed_source_timestamp":79646139608928,"circlet_count":0,"master_deck":["Strike_B","Strike_B","Strike_B","Defend_B","Defend_B","Defend_B","Defend_B","Zap+1","Dualcast","Coolheaded","Compile Driver","Coolheaded","White Noise","Cold Snap","Consume+1","Steam"],"relics":["Cracked Core","Happy Flower","Golden Idol","Blood Vial","Letter Opener","War Paint"],"potions_floor_usage":[10,12],"damage_taken":[{"damage":1,"enemies":"Jaw Worm","floor":1,"turns":4},{"damage":0,"enemies":"2 Louse","floor":3,"turns":4},{"damage":0,"enemies":"Cultist","floor":5,"turns":3},{"damage":24,"enemies":"3 Sentries","floor":6,"turns":7},{"damage":11,"enemies":"Large Slime","floor":10,"turns":4},{"damage":44,"enemies":"Gremlin Nob","floor":12,"turns":5},{"damage":6,"enemies":"Exordium Thugs","floor":13,"turns":1}],"seed_played":"1333995186431916606","potions_obtained":[{"floor":3,"key":"LiquidBronze"},{"floor":6,"key":"Fire Potion"},{"floor":10,"key":"FocusPotion"},{"floor":12,"key":"AttackPotion"}],"is_trial":false,"path_per_floor":["M","?","M","$","M","E","R","?","T","M","R","E","M"],"character_chosen":"DEFECT","items_purchased":["Coolheaded"],"campfire_rested":1,"item_purchase_floors":[4],"current_hp_per_floor":[74,56,56,56,56,32,54,54,54,45,45,3,0],"gold":227,"neow_bonus":"RANDOM_COMMON_RELIC","is_prod":false,"is_daily":false,"chose_seed":false,"campfire_upgraded":0,"win_rate":0,"timestamp":1546212784,"path_taken":["M","?","M","$","M","E","R","?","T","M","R","E","M"],"build_version":"2018-12-20","purchased_purges":1,"victory":false,"max_hp_per_floor":[75,75,75,75,75,75,75,75,75,75,75,75,75],"card_choices":[{"not_picked":["Barrage","Streamline"],"picked":"Coolheaded","floor":1},{"not_picked":["Stack","Chaos"],"picked":"Compile Driver","floor":3},{"not_picked":["Go for the Eyes","Beam Cell"],"picked":"White Noise","floor":5},{"not_picked":["Blizzard","Barrage"],"picked":"Cold Snap","floor":6},{"not_picked":["Leap","Cold Snap"],"picked":"Consume","floor":10},{"not_picked":["Go for the Eyes","Rebound"],"picked":"Steam","floor":12}],"player_experience":356428,"relics_obtained":[{"floor":6,"key":"Blood Vial"},{"floor":9,"key":"Letter Opener"},{"floor":12,"key":"War Paint"}],"event_choices":[{"damage_healed":0,"gold_gain":0,"player_choice":"Take Damage","damage_taken":18,"relics_obtained":["Golden Idol"],"max_hp_gain":0,"max_hp_loss":0,"event_name":"Golden Idol","floor":2,"gold_loss":0},{"damage_healed":0,"gold_gain":100,"player_choice":"Gold","damage_taken":0,"max_hp_gain":0,"max_hp_loss":0,"event_name":"Wheel of Change","floor":8,"gold_loss":0}],"is_beta":false,"boss_relics":[],"items_purged_floors":[4],"is_endless":false,"potions_floor_spawned":[3,6,10,12],"killed_by":"Exordium Thugs","ascension_level":0}