{"gold_per_floor":[112,129,54,54,54,54,118,135,161,179,4,4,20,40,40,40],"floor_reached":16,"playtime":747,"items_purged":["Clumsy","Strike_R"],"score":137,"play_id":"9f232475-2613-4405-9adf-1e0f0a9fe61a","local_time":"20190101153821","is_ascension_mode":true,"campfire_choices":[{"data":"Bash","floor":6,"key":"SMITH"},{"floor":15,"key":"REST"}],"neow_cost":"CURSE","seed_source_timestamp":139535199449601,"circlet_count":0,"master_deck":["Strike_R","Strike_R","Strike_R","Defend_R","Defend_R","Defend_R","Defend_R","Bash+1","Headbutt","Corruption","Twin Strike","Shockwave","Heavy Blade","Warcry","Disarm","Clothesline"],"relics":["Burning Blood","Tiny Chest","Potion Belt","Smiling Mask"],"potions_floor_usage":[7,13],"damage_taken":[{"damage":3,"enemies":"Jaw Worm","floor":1,"turns":5},{"damage":0,"enemies":"Small Slimes","floor":2,"turns":3},{"damage":50,"enemies":"Lagavulin","floor":7,"turns":6},{"damage":7,"enemies":"2 Louse","floor":8,"turns":3},{"damage":18,"enemies":"Lots of Slimes","floor":10,"turns":4},{"damage":19,"enemies":"3 Louse","floor":13,"turns":4},{"damage":15,"enemies":"Large Slime","floor":14,"turns":6},{"damage":49,"enemies":"Slime Boss","floor":16,"turns":6}],"seed_played":"-6753650454163408060","potions_obtained":[{"floor":1,"key":"PowerPotion"},{"floor":7,"key":"SkillPotion"},{"floor":14,"key":"SpeedPotion"}],"is_trial":false,"path_per_floor":["M","M","$","?","?","R","E","M","T","M","$","?","M","M","R","B"],"character_chosen":"IRONCLAD","items_purchased":["Disarm"],"campfire_rested":1,"item_purchase_floors":[11],"current_hp_per_floor":[96,96,96,96,96,96,52,51,51,39,39,32,19,10,38,0],"gold":40,"neow_bonus":"TWENTY_PERCENT_HP_BONUS","is_prod":false,"is_daily":false,"chose_seed":false,"campfire_upgraded":1,"win_rate":0,"timestamp":1546317501,"path_taken":["M","M","$","?","?","R","E","M","T","M","$","?","?","M","R","BOSS"],"build_version":"2018-12-20","purchased_purges":2,"victory":false,"max_hp_per_floor":[96,96,96,96,96,96,96,96,96,96,96,96,96,96,96,96],"card_choices":[{"not_picked":["Perfected Strike","Havoc"],"picked":"Headbutt","floor":1},{"not_picked":["Seeing Red","Shrug It Off"],"picked":"Corruption","floor":2},{"not_picked":["Battle Trance","Wild Strike"],"picked":"Shockwave","floor":7},{"not_picked":["Wild Strike","Corruption"],"picked":"Heavy Blade","floor":8},{"not_picked":["Wild Strike","Combust"],"picked":"Warcry","floor":10},{"not_picked":["Bloodletting","Sword Boomerang"],"picked":"Clothesline","floor":13},{"not_picked":["Bloodletting","Fire Breathing","Second Wind"],"picked":"SKIP","floor":14}],"player_experience":379503,"relics_obtained":[{"floor":7,"key":"Tiny Chest"},{"floor":9,"key":"Potion Belt"}],"event_choices":[{"damage_healed":0,"gold_gain":0,"cards_transformed":["Strike_R"],"player_choice":"Change","damage_taken":0,"max_hp_gain":0,"max_hp_loss":0,"event_name":"Living Wall","floor":4,"gold_loss":0,"cards_obtained":["Twin Strike"]},{"damage_healed":0,"gold_gain":0,"player_choice":"Ignored","damage_taken":0,"max_hp_gain":0,"max_hp_loss":0,"event_name":"Shining Light","floor":5,"gold_loss":0},{"damage_healed":0,"gold_gain":0,"player_choice":"Success","damage_taken":7,"relics_obtained":["Smiling Mask"],"max_hp_gain":0,"max_hp_loss":0,"event_name":"Scrap Ooze","floor":12,"gold_loss":0}],"is_beta":false,"boss_relics":[],"items_purged_floors":[3,11],"is_endless":false,"potions_floor_spawned":[1,7,14],"killed_by":"Slime Boss","ascension_level":2}