{"gold_per_floor":[117,117,117,132,132,132,155,169,169,185,198,221,221,221],"floor_reached":14,"playtime":416,"items_purged":[],"score":168,"play_id":"c853e525-f2f0-4925-bf50-07ee24c28767","local_time":"20190525111127","is_ascension_mode":true,"campfire_choices":[{"data":"Dualcast","floor":6,"key":"SMITH"},{"floor":13,"key":"REST"}],"neow_cost":"TEN_PERCENT_HP_LOSS","seed_source_timestamp":346772731108179,"circlet_count":0,"master_deck":["AscendersBane","Strike_B","Strike_B","Defend_B","Defend_B","Defend_B","Zap","Dualcast+1","Glacier","Genetic Algorithm","Ball Lightning","White Noise","Doom and Gloom"],"relics":["Cracked Core","Golden Idol","The Courier"],"potions_floor_usage":[10,14],"damage_taken":[{"damage":0,"enemies":"2 Louse","floor":1,"turns":4},{"damage":1,"enemies":"Cultist","floor":4,"turns":4},{"damage":0,"enemies":"Small Slimes","floor":7,"turns":4},{"damage":1,"enemies":"Looter","floor":8,"turns":4},{"damage":20,"enemies":"Gremlin Gang","floor":10,"turns":7},{"damage":4,"enemies":"Red Slaver","floor":11,"turns":4},{"damage":12,"enemies":"Large Slime","floor":12,"turns":5},{"damage":0,"enemies":"Lagavulin","floor":14,"turns":1}],"seed_played":"-2859478894291477296","potions_obtained":[{"floor":1,"key":"AttackPotion"},{"floor":10,"key":"GamblersBrew"},{"floor":12,"key":"AttackPotion"}],"is_trial":false,"path_per_floor":["M","?","?","M","?","R","M","M","T","M","M","M","R","E"],"character_chosen":"DEFECT","items_purchased":[],"campfire_rested":1,"item_purchase_floors":[],"current_hp_per_floor":[64,58,40,39,39,39,39,38,38,18,14,2,19,19],"gold":221,"neow_bonus":"REMOVE_TWO","is_prod":false,"is_daily":false,"chose_seed":false,"campfire_upgraded":1,"win_rate":0,"timestamp":1558753887,"path_taken":["M","?","?","M","?","R","M","?","T","M","M","M","R","E"],"build_version":"2019-01-23","purchased_purges":0,"victory":false,"max_hp_per_floor":[64,58,58,58,58,58,58,58,58,58,58,58,58,58],"card_choices":[{"not_picked":["Go for the Eyes","Compile Driver"],"picked":"Glacier","floor":1},{"not_picked":["Static Discharge","Sweeping Beam","Leap"],"picked":"SKIP","floor":4},{"not_picked":["BootSequence","Tempest"],"picked":"Genetic Algorithm","floor":7},{"not_picked":["Chaos","Force Field"],"picked":"Ball Lightning","floor":8},{"not_picked":["Buffer","Ball Lightning"],"picked":"White Noise","floor":10},{"not_picked":["Sweeping Beam","Stack"],"picked":"Doom and Gloom","floor":11},{"not_picked":["Gash","Blizzard","Aggregate"],"picked":"SKIP","floor":12}],"player_experience":950265,"relics_obtained":[],"event_choices":[{"damage_healed":0,"gold_gain":0,"player_choice":"Lose Max HP","damage_taken":0,"relics_obtained":["Golden Idol"],"max_hp_gain":0,"max_hp_loss":6,"event_name":"Golden Idol","floor":2,"gold_loss":0},{"damage_healed":0,"gold_gain":0,"player_choice":"Success","damage_taken":18,"relics_obtained":["The Courier"],"max_hp_gain":0,"max_hp_loss":0,"event_name":"Scrap Ooze","floor":3,"gold_loss":0},{"cards_removed":["Defend_B"],"damage_healed":0,"gold_gain":0,"player_choice":"Card Removal","damage_taken":0,"max_hp_gain":0,"max_hp_loss":0,"event_name":"Wheel of Change","floor":5,"gold_loss":0}],"is_beta":false,"boss_relics":[],"items_purged_floors":[],"is_endless":false,"potions_floor_spawned":[1,10,12],"killed_by":"Lagavulin","ascension_level":20}