{"gold_per_floor":[109,109,120,120,45,72,72,83,108,108,108,120,135,151,151,247,247,262,262,262],"floor_reached":20,"playtime":474,"items_purged":["Strike_B"],"score":199,"play_id":"e8921941-29c9-4b29-976d-57f1044f7288","local_time":"20190508124633","is_ascension_mode":false,"campfire_choices":[{"data":"Zap","floor":7.0,"key":"SMITH"},{"data":"Streamline","floor":11.0,"key":"SMITH"},{"data":"Coolheaded","floor":15,"key":"SMITH"}],"neow_cost":"NONE","seed_source_timestamp":1394162952373258,"circlet_count":0,"master_deck":["Zap+1","Dualcast","Reinforced Body","Recycle","Compile Driver","Streamline+1","Skim","Coolheaded+1","Electrodynamics"],"special_seed":0,"relics":["Cracked Core","NeowsBlessing","Boot","Dream Catcher","Juzu Bracelet","Pandora\u0027s Box","Shuriken"],"potions_floor_usage":[16],"damage_taken":[{"damage":0.0,"enemies":"2 Louse","floor":1.0,"turns":1.0},{"damage":0.0,"enemies":"Jaw Worm","floor":3.0,"turns":1.0},{"damage":0.0,"enemies":"Gremlin Nob","floor":6.0,"turns":1.0},{"damage":6.0,"enemies":"Cultist","floor":8.0,"turns":3.0},{"damage":2.0,"enemies":"2 Fungi Beasts","floor":12.0,"turns":3.0},{"damage":8,"enemies":"Exordium Thugs","floor":13,"turns":4},{"damage":5,"enemies":"Looter","floor":14,"turns":4},{"damage":12,"enemies":"Slime Boss","floor":16,"turns":10},{"damage":5,"enemies":"Spheric Guardian","floor":18,"turns":3},{"damage":0,"enemies":"3 Byrds","floor":20,"turns":1}],"seed_played":"5953768435098718096","potions_obtained":[{"floor":1.0,"key":"Energy Potion"},{"floor":8.0,"key":"Dexterity Potion"},{"floor":13,"key":"GamblersBrew"},{"floor":16,"key":"LiquidBronze"}],"is_trial":false,"path_per_floor":["M","?","M","?","$","E","R","M","T","?","R","M","M","M","R","B",null,"M","T","M"],"character_chosen":"DEFECT","items_purchased":[],"campfire_rested":0,"item_purchase_floors":[],"current_hp_per_floor":[75,72,72,72,72,72,72,66,66,59,59,57,49,44,44,32,75,70,70,70],"gold":262,"neow_bonus":"THREE_ENEMY_KILL","is_prod":false,"is_daily":false,"chose_seed":false,"campfire_upgraded":3,"win_rate":0,"timestamp":1557290793,"path_taken":["M","?","M","?","$","E","R","M","T","?","R","M","M","M","R","BOSS","M","?","M"],"build_version":"2019-01-23","purchased_purges":1,"victory":false,"max_hp_per_floor":[75,75,75,75,75,75,75,75,75,75,75,75,75,75,75,75,75,75,75,75],"card_choices":[{"not_picked":["Go for the Eyes","Hologram"],"picked":"Reinforced Body","floor":1.0},{"not_picked":["Self Repair","Steam","Rebound"],"picked":"SKIP","floor":3.0},{"not_picked":["Double Energy","Hello World"],"picked":"Compile Driver","floor":6.0},{"not_picked":["Steam","Recycle"],"picked":"Streamline","floor":8.0},{"not_picked":["Streamline","Turbo"],"picked":"Skim","floor":12},{"not_picked":["Gash","Static Discharge","Steam"],"picked":"SKIP","floor":13},{"not_picked":["Rainbow","Barrage"],"picked":"Coolheaded","floor":14},{"not_picked":["Hyperbeam","Core Surge"],"picked":"Electrodynamics","floor":16},{"not_picked":["Rip and Tear","Barrage","White Noise"],"picked":"SKIP","floor":18}],"player_experience":827447,"relics_obtained":[{"floor":6.0,"key":"Dream Catcher"},{"floor":9.0,"key":"Juzu Bracelet"},{"floor":19,"key":"Shuriken"}],"event_choices":[{"damage_healed":0.0,"max_hp_gain":0.0,"max_hp_loss":0.0,"gold_gain":0.0,"event_name":"Scrap Ooze","player_choice":"Success","floor":2.0,"gold_loss":0.0,"damage_taken":3.0,"relics_obtained":["Boot"]},{"damage_healed":0.0,"max_hp_gain":0.0,"max_hp_loss":0.0,"gold_gain":0.0,"cards_transformed":["Strike_B"],"event_name":"Living Wall","player_choice":"Change","floor":4.0,"gold_loss":0.0,"damage_taken":0.0,"cards_obtained":["Recycle"]},{"damage_healed":0.0,"max_hp_gain":0.0,"max_hp_loss":0.0,"gold_gain":0.0,"event_name":"Wheel of Change","player_choice":"Damaged","floor":10.0,"gold_loss":0.0,"damage_taken":7.0}],"is_beta":false,"boss_relics":[{"not_picked":["Lizard Tail","Nuclear Battery"],"picked":"Pandora\u0027s Box"}],"items_purged_floors":[5],"is_endless":false,"potions_floor_spawned":[1,8,13,14,16],"killed_by":"3 Byrds","ascension_level":0}