{"gold_per_floor":[110,125,200,200,211,243,243,574,574,574,114,132,132,145,145,248,248,262,361,361,377,67,67,84,98,98,98,118,118,133,152,152,256,256,268,286,286,299,8,8,8,8,8,8,21,21,48,58,58,58],"floor_reached":51,"playtime":3400,"items_purged":["Strike_B"],"score":1137,"play_id":"aad19540-9edf-4640-bbfc-35e2e9201659","local_time":"20190808020206","is_ascension_mode":true,"campfire_choices":[{"floor":7.0,"key":"REST"},{"data":"Streamline","floor":10.0,"key":"SMITH"},{"data":"Sunder","floor":13.0,"key":"SMITH"},{"data":"Chaos","floor":15.0,"key":"SMITH"},{"data":"Turbo","floor":23,"key":"SMITH"},{"floor":29,"key":"REST"},{"floor":32,"key":"REST"},{"data":"Defend_B","floor":40,"key":"PURGE"},{"data":"Defend_B","floor":42,"key":"PURGE"},{"data":"Zap","floor":44,"key":"PURGE"},{"data":"Defend_B","floor":46,"key":"PURGE"},{"data":"Defend_B","floor":49,"key":"PURGE"}],"neow_cost":"NONE","seed_source_timestamp":2434168722772900,"circlet_count":0,"master_deck":["AscendersBane","Dualcast","Streamline+1","Glacier","Turbo+1","Compile Driver","Tempest","Sunder+1","Chaos+1","Compile Driver","Creative AI","Storm","Bite","Bite","Bite","Bite","Bite","Electrodynamics","Capacitor+1","Lockon","White Noise","Reinforced Body","Undo","Meteor Strike","Buffer+1","Double Energy","Hologram","The Bomb","Biased Cognition+1","Leap+1"],"special_seed":0,"relics":["Cracked Core","Anchor","Omamori","Old Coin","Gremlin Horn","Question Card","Runic Dome","Frozen Egg 2","Sundial","StoneCalendar","Snecko Eye","Peace Pipe","Cables","Mercury Hourglass"],"potions_floor_usage":[33,36,50],"damage_taken":[{"damage":0.0,"enemies":"Small Slimes","floor":1.0,"turns":3.0},{"damage":0.0,"enemies":"Jaw Worm","floor":2.0,"turns":2.0},{"damage":0.0,"enemies":"2 Louse","floor":5.0,"turns":2.0},{"damage":27.0,"enemies":"Gremlin Nob","floor":6.0,"turns":4.0},{"damage":25.0,"enemies":"Lagavulin","floor":8.0,"turns":9.0},{"damage":0.0,"enemies":"Gremlin Gang","floor":12.0,"turns":3.0},{"damage":0.0,"enemies":"Exordium Wildlife","floor":14.0,"turns":1.0},{"damage":23.0,"enemies":"Slime Boss","floor":16.0,"turns":6.0},{"damage":2,"enemies":"Chosen","floor":18,"turns":3},{"damage":9,"enemies":"Shell Parasite","floor":21,"turns":4},{"damage":27,"enemies":"Snake Plant","floor":24,"turns":4},{"damage":15,"enemies":"Centurion and Healer","floor":25,"turns":5},{"damage":33,"enemies":"Sentry and Sphere","floor":28,"turns":5},{"damage":2,"enemies":"Cultist and Chosen","floor":30,"turns":5},{"damage":14,"enemies":"Snecko","floor":31,"turns":5},{"damage":22,"enemies":"Collector","floor":33,"turns":7},{"damage":0,"enemies":"3 Darklings","floor":35,"turns":5},{"damage":0,"enemies":"3 Shapes","floor":36,"turns":3},{"damage":0,"enemies":"Transient","floor":38,"turns":5},{"damage":0,"enemies":"Sphere and 2 Shapes","floor":45,"turns":1},{"damage":0,"enemies":"Reptomancer","floor":47,"turns":3},{"damage":0,"enemies":"4 Shapes","floor":48,"turns":1},{"damage":42,"enemies":"Awakened One","floor":50,"turns":9}],"seed_played":"1605852828246610061","potions_obtained":[{"floor":5.0,"key":"AttackPotion"},{"floor":8.0,"key":"FocusPotion"},{"floor":16.0,"key":"Fruit Juice"},{"floor":24,"key":"SkillPotion"},{"floor":36,"key":"Fruit Juice"},{"floor":48,"key":"FearPotion"}],"is_trial":false,"path_per_floor":["M","M","?","?","M","E","R","E","T","R","$","M","R","M","R","B",null,"M","?","?","M","$","R","M","M","T","?","M","R","M","M","R","B",null,"M","M","?","M","$","R","?","R","T","R","M","R","E","M","R","B",null],"character_chosen":"DEFECT","items_purchased":["Sunder","Question Card","FearPotion","Frozen Egg 2","Capacitor+1","Peace Pipe"],"campfire_rested":3,"item_purchase_floors":[11,11,11,22,22,39],"current_hp_per_floor":[68,68,57,57,57,30,52,27,27,27,27,27,27,27,27,9,62,60,60,56,52,52,52,31,28,28,28,5,21,29,21,37,25,48,56,61,61,61,61,61,51,51,51,51,57,57,61,61,61,27],"gold":58,"neow_bonus":"RANDOM_COMMON_RELIC","is_prod":false,"is_daily":false,"chose_seed":false,"campfire_upgraded":4,"win_rate":0,"timestamp":1565251326,"path_taken":["M","M","?","?","M","E","R","E","T","R","$","?","R","M","R","BOSS","M","?","?","M","$","R","M","M","T","?","?","R","M","M","R","BOSS","M","M","?","M","$","R","?","R","T","R","M","R","E","M","R","BOSS"],"build_version":"2019-07-18","purchased_purges":1,"victory":true,"max_hp_per_floor":[75,75,75,75,75,75,75,75,75,75,75,75,75,75,75,80,80,80,80,56,56,56,56,56,56,56,56,56,56,56,56,56,56,56,56,61,61,61,61,61,61,61,61,61,61,61,61,61,61,61],"card_choices":[{"not_picked":["Beam Cell","Stack"],"picked":"Streamline","floor":1.0},{"not_picked":["Capacitor","Leap"],"picked":"Glacier","floor":2.0},{"not_picked":["Self Repair","Force Field"],"picked":"Turbo","floor":5.0},{"not_picked":["Hello World","Hologram"],"picked":"Compile Driver","floor":6.0},{"not_picked":["Redo","Conserve Battery"],"picked":"Tempest","floor":8.0},{"not_picked":["Conserve Battery","Consume","Amplify"],"picked":"Chaos","floor":12.0},{"not_picked":["Rebound","Conserve Battery","Hyperbeam"],"picked":"Compile Driver","floor":14.0},{"not_picked":["Multi-Cast","Fission","Amplify"],"picked":"Creative AI","floor":16.0},{"not_picked":["Streamline","Sweeping Beam","Gash"],"picked":"Storm","floor":18},{"not_picked":["Streamline","Stack","Steam"],"picked":"Electrodynamics","floor":21},{"not_picked":["Gash","Darkness","Tempest"],"picked":"Lockon","floor":24},{"not_picked":["Tempest","Cold Snap","Go for the Eyes"],"picked":"White Noise","floor":25},{"not_picked":["Consume","Electrodynamics+1","Gash"],"picked":"Reinforced Body","floor":28},{"not_picked":["Hologram","Auto Shields","Coolheaded"],"picked":"Undo","floor":30},{"not_picked":["Rip and Tear","Leap","Doom and Gloom"],"picked":"Meteor Strike","floor":31},{"not_picked":["Biased Cognition+1","Amplify","Rainbow"],"picked":"Buffer+1","floor":33},{"not_picked":["Go for the Eyes+1","Lockon","Cold Snap"],"picked":"Double Energy","floor":35},{"not_picked":["Gash","Leap","BootSequence+1","Ball Lightning+1"],"picked":"SKIP","floor":36},{"not_picked":["Beam Cell+1","Turbo","Hello World+1"],"picked":"Hologram","floor":38},{"not_picked":["Dark Shackles","Madness","Finesse"],"picked":"The Bomb","floor":41},{"not_picked":["Stack","Go for the Eyes","Cold Snap+1","Undo"],"picked":"SKIP","floor":45},{"not_picked":["Conserve Battery","Stack","Static Discharge+1"],"picked":"Biased Cognition+1","floor":47},{"not_picked":["Barrage","Gash","Beam Cell"],"picked":"Leap+1","floor":48}],"player_experience":246025,"relics_obtained":[{"floor":6.0,"key":"Omamori"},{"floor":8.0,"key":"Old Coin"},{"floor":9.0,"key":"Gremlin Horn"},{"floor":26,"key":"Sundial"},{"floor":43,"key":"Cables"},{"floor":47,"key":"Mercury Hourglass"}],"event_choices":[{"damage_healed":0.0,"max_hp_gain":0.0,"max_hp_loss":0.0,"gold_gain":75.0,"event_name":"World of Goop","player_choice":"Gather Gold","floor":3.0,"gold_loss":0.0,"damage_taken":11.0},{"damage_healed":0.0,"max_hp_gain":0.0,"max_hp_loss":0.0,"gold_gain":0.0,"event_name":"Liars Game","player_choice":"Ignored","floor":4.0,"gold_loss":0.0,"damage_taken":0.0},{"damage_healed":0,"gold_gain":99,"player_choice":"Stole From Cult","damage_taken":0,"max_hp_gain":0,"max_hp_loss":0,"event_name":"Nest","floor":19,"gold_loss":0},{"damage_healed":0,"gold_gain":0,"player_choice":"Became a vampire","damage_taken":0,"max_hp_gain":0,"max_hp_loss":24,"event_name":"Vampires","floor":20,"gold_loss":0,"cards_obtained":["Bite","Bite","Bite","Bite","Bite"]},{"damage_healed":0,"gold_gain":0,"player_choice":"Gave Potion","damage_taken":0,"relics_obtained":["StoneCalendar"],"max_hp_gain":0,"max_hp_loss":0,"event_name":"WeMeetAgain","floor":27,"gold_loss":0},{"damage_healed":0,"gold_gain":0,"player_choice":"Ignored","damage_taken":0,"max_hp_gain":0,"max_hp_loss":0,"event_name":"Tomb of Lord Red Mask","floor":37,"gold_loss":0},{"damage_healed":0,"gold_gain":0,"player_choice":"Memory 3","damage_taken":10,"max_hp_gain":0,"max_hp_loss":0,"event_name":"SensoryStone","floor":41,"gold_loss":0}],"is_beta":true,"boss_relics":[{"not_picked":["Black Star","FrozenCore"],"picked":"Runic Dome"},{"not_picked":["Inserter","Pandora\u0027s Box"],"picked":"Snecko Eye"}],"items_purged_floors":[11],"is_endless":false,"potions_floor_spawned":[5,8,14,16,24,25,36,48],"ascension_level":12}