{"gold_per_floor":[114,125,125,125,138,138,174,103,103,103],"floor_reached":10,"playtime":136,"items_purged":[],"score":132,"play_id":"a3dc7aad-c318-4bc9-8f50-86a445d7df99","local_time":"20190702103443","is_ascension_mode":true,"campfire_choices":[{"data":"Dagger Spray","floor":6,"key":"SMITH"}],"neow_cost":"NONE","seed_source_timestamp":65274213201411,"circlet_count":0,"master_deck":["AscendersBane","Strike_G","Strike_G","Strike_G","Strike_G","Strike_G","Defend_G","Defend_G","Defend_G","Defend_G","Defend_G","Survivor","Neutralize","Well Laid Plans","Dagger Spray+1","Dash","Adrenaline"],"relics":["Ring of the Snake","NeowsBlessing","Golden Idol","Frozen Egg 2","Gremlin Horn"],"potions_floor_usage":[7],"damage_taken":[{"damage":0,"enemies":"Jaw Worm","floor":1,"turns":1},{"damage":0,"enemies":"Small Slimes","floor":2,"turns":1},{"damage":0,"enemies":"Cultist","floor":5,"turns":1},{"damage":49,"enemies":"Gremlin Nob","floor":7,"turns":5},{"damage":0,"enemies":"3 Sentries","floor":10,"turns":2}],"seed_played":"82792380769886570","potions_obtained":[{"floor":2,"key":"Strength Potion"}],"is_trial":false,"path_per_floor":["M","M","?","?","M","R","E","?","T","E"],"character_chosen":"THE_SILENT","items_purchased":[],"campfire_rested":0,"item_purchase_floors":[],"current_hp_per_floor":[59,59,59,59,59,59,10,10,10,10],"gold":103,"neow_bonus":"THREE_ENEMY_KILL","is_prod":false,"is_daily":false,"chose_seed":false,"campfire_upgraded":1,"win_rate":0,"timestamp":1562034883,"path_taken":["M","M","?","?","M","R","E","?","T","E"],"build_version":"2019-07-01","purchased_purges":0,"victory":false,"max_hp_per_floor":[66,66,60,60,60,60,60,60,60,60],"card_choices":[{"not_picked":["Deflect","Dagger Throw"],"picked":"Well Laid Plans","floor":1},{"not_picked":["Accuracy","Blur"],"picked":"Dagger Spray","floor":2},{"not_picked":["Outmaneuver","Eviscerate"],"picked":"Dash","floor":5},{"not_picked":["Expertise","Infinite Blades"],"picked":"Adrenaline","floor":7}],"player_experience":1038171,"relics_obtained":[{"floor":7,"key":"Frozen Egg 2"},{"floor":9,"key":"Gremlin Horn"}],"event_choices":[{"damage_healed":0,"gold_gain":0,"player_choice":"Lose Max HP","damage_taken":0,"relics_obtained":["Golden Idol"],"max_hp_gain":0,"max_hp_loss":6,"event_name":"Golden Idol","floor":3,"gold_loss":0},{"damage_healed":0,"gold_gain":0,"player_choice":"Ignored","damage_taken":0,"max_hp_gain":0,"max_hp_loss":0,"event_name":"Liars Game","floor":4,"gold_loss":0},{"damage_healed":0,"gold_gain":0,"player_choice":"Left Gold","damage_taken":0,"max_hp_gain":0,"max_hp_loss":0,"event_name":"World of Goop","floor":8,"gold_loss":71}],"is_beta":false,"boss_relics":[],"items_purged_floors":[],"is_endless":false,"potions_floor_spawned":[2],"killed_by":"3 Sentries","ascension_level":20}