{"gold_per_floor":[117,192,202,22,197,223,245,145,169,204,7,7,41,51,51,51],"floor_reached":16,"playtime":470,"items_purged":["Strike_B","Doubt","Strike_B"],"score":166,"play_id":"309ab349-72bf-4134-a781-2f5d35b19805","local_time":"20190508125437","is_ascension_mode":false,"campfire_choices":[{"data":"Sunder","floor":12,"key":"SMITH"},{"data":"Beam Cell","floor":15,"key":"SMITH"}],"neow_cost":"NONE","seed_source_timestamp":1394664953844403,"circlet_count":0,"master_deck":["Strike_B","Strike_B","Defend_B","Defend_B","Defend_B","Defend_B","Zap","Dualcast","Sunder+1","Recycle","Skim","Beam Cell+1","Glacier","Seek","Genetic Algorithm","Chill"],"relics":["Cracked Core","NeowsBlessing","PreservedInsect","Odd Mushroom","Anchor","Boot","Strawberry"],"potions_floor_usage":[],"damage_taken":[{"damage":0,"enemies":"Jaw Worm","floor":1,"turns":1},{"damage":0,"enemies":"Small Slimes","floor":3,"turns":1},{"damage":0,"enemies":"Lagavulin","floor":6,"turns":1},{"damage":13,"enemies":"The Mushroom Lair","floor":7,"turns":3},{"damage":22,"enemies":"3 Sentries","floor":10,"turns":8},{"damage":0,"enemies":"Lagavulin","floor":13,"turns":5},{"damage":1,"enemies":"Cultist","floor":14,"turns":3},{"damage":35,"enemies":"Slime Boss","floor":16,"turns":8}],"seed_played":"1557341812744633250","potions_obtained":[{"floor":1,"key":"Swift Potion"},{"floor":3,"key":"Strength Potion"},{"floor":14,"key":"GamblersBrew"}],"is_trial":false,"path_per_floor":["M","?","M","$","?","E","?","$","T","E","$","R","E","M","R","B"],"character_chosen":"DEFECT","items_purchased":["Skim","Beam Cell","Genetic Algorithm"],"campfire_rested":0,"item_purchase_floors":[4,4,11],"current_hp_per_floor":[75,64,64,64,64,64,51,51,51,29,29,29,36,35,35,0],"gold":51,"neow_bonus":"THREE_ENEMY_KILL","is_prod":false,"is_daily":false,"chose_seed":false,"campfire_upgraded":2,"win_rate":0,"timestamp":1557291277,"path_taken":["M","?","M","$","?","E","?","$","T","E","?","R","E","M","R","BOSS"],"build_version":"2019-01-23","purchased_purges":3,"victory":false,"max_hp_per_floor":[75,75,75,75,75,75,75,75,75,75,75,75,82,82,82,82],"card_choices":[{"not_picked":["Beam Cell","Redo"],"picked":"Sunder","floor":1},{"not_picked":["Undo","Reprogram"],"picked":"Recycle","floor":3},{"not_picked":["Leap","Ball Lightning"],"picked":"Glacier","floor":6},{"not_picked":["Go for the Eyes","Seek","Rebound"],"picked":"SKIP","floor":10},{"not_picked":["Go for the Eyes","Rebound"],"picked":"Seek","floor":10},{"not_picked":["Multi-Cast","Steam"],"picked":"Chill","floor":13},{"not_picked":["Force Field","Auto Shields","Stack"],"picked":"SKIP","floor":14}],"player_experience":827921,"relics_obtained":[{"floor":6,"key":"PreservedInsect"},{"floor":7,"key":"Odd Mushroom"},{"floor":9,"key":"Anchor"},{"floor":10,"key":"Boot"},{"floor":13,"key":"Strawberry"}],"event_choices":[{"damage_healed":0,"gold_gain":75,"player_choice":"Gather Gold","damage_taken":11,"max_hp_gain":0,"max_hp_loss":0,"event_name":"World of Goop","floor":2,"gold_loss":0},{"damage_healed":0,"gold_gain":175,"player_choice":"AGREE","damage_taken":0,"max_hp_gain":0,"max_hp_loss":0,"event_name":"Liars Game","floor":5,"gold_loss":0,"cards_obtained":["Doubt"]},{"damage_healed":0,"gold_gain":0,"player_choice":"Fought Mushrooms","damage_taken":0,"max_hp_gain":0,"max_hp_loss":0,"event_name":"Mushrooms","floor":7,"gold_loss":0}],"is_beta":false,"boss_relics":[],"items_purged_floors":[4,8,11],"is_endless":false,"potions_floor_spawned":[1,3,14],"killed_by":"Slime Boss","ascension_level":0}