{"gold_per_floor":[109,184,184,194,125,152,162,176,247,247,263,295,295,307,307,412,412,430,448,448],"floor_reached":20,"playtime":1154,"items_purged":[],"score":233,"play_id":"f13302e1-d5fd-4aba-b099-dad450074d84","local_time":"20190118230222","is_ascension_mode":true,"campfire_choices":[{"floor":10,"key":"REST"},{"data":"Body Slam","floor":13,"key":"SMITH"},{"floor":15,"key":"REST"}],"neow_cost":"NONE","seed_source_timestamp":882177891911409,"circlet_count":0,"master_deck":["Strike_R","Strike_R","Strike_R","Strike_R","Strike_R","Defend_R","Defend_R","Defend_R","Defend_R","Bash","Uppercut","Anger","Impatience","Dropkick","Impervious","Cleave","Body Slam+1","Fiend Fire","Disarm","Inflame","Dark Embrace","Barricade","Shrug It Off+1","Pommel Strike+1"],"relics":["Burning Blood","Ginger","Matryoshka","Strawberry","Cursed Key"],"potions_floor_usage":[6,12,16,16],"damage_taken":[{"damage":0,"enemies":"Cultist","floor":1,"turns":3},{"damage":10,"enemies":"Small Slimes","floor":4,"turns":3},{"damage":31,"enemies":"Gremlin Nob","floor":6,"turns":4},{"damage":9,"enemies":"Jaw Worm","floor":7,"turns":3},{"damage":8,"enemies":"Exordium Thugs","floor":8,"turns":4},{"damage":0,"enemies":"Exordium Wildlife","floor":11,"turns":2},{"damage":20,"enemies":"Lagavulin","floor":12,"turns":4},{"damage":0,"enemies":"Large Slime","floor":14,"turns":4},{"damage":59,"enemies":"Slime Boss","floor":16,"turns":11},{"damage":25,"enemies":"Shell Parasite","floor":18,"turns":7},{"damage":38,"enemies":"Spheric Guardian","floor":19,"turns":6},{"damage":26,"enemies":"Snake Plant","floor":20,"turns":4}],"seed_played":"-3256714890321681136","potions_obtained":[{"floor":1,"key":"SteroidPotion"},{"floor":4,"key":"Energy Potion"},{"floor":8,"key":"Explosive Potion"},{"floor":12,"key":"LiquidBronze"},{"floor":14,"key":"Ancient Potion"}],"is_trial":false,"path_per_floor":["M","?","?","M","$","E","M","M","T","R","M","E","R","M","R","B",null,"M","M","M"],"character_chosen":"IRONCLAD","items_purchased":["Impervious"],"campfire_rested":2,"item_purchase_floors":[5],"current_hp_per_floor":[80,69,69,65,65,40,37,35,35,59,65,58,58,64,87,34,74,55,23,0],"gold":448,"neow_bonus":"THREE_CARDS","is_prod":false,"is_daily":false,"chose_seed":false,"campfire_upgraded":1,"win_rate":0,"timestamp":1547812942,"path_taken":["M","?","?","M","$","E","M","?","T","R","M","E","R","M","R","BOSS","M","M","?"],"build_version":"2019-01-17v2","purchased_purges":0,"victory":false,"max_hp_per_floor":[80,80,80,80,80,80,80,80,80,80,80,87,87,87,87,87,87,87,87,87],"card_choices":[{"not_picked":["Burning Pact","Clothesline"],"picked":"Uppercut","floor":0},{"not_picked":["Rampage","Twin Strike"],"picked":"Anger","floor":1},{"not_picked":["Flex","Clash"],"picked":"Dropkick","floor":4},{"not_picked":["Combust","Body Slam"],"picked":"Cleave","floor":6},{"not_picked":["Clash","Thunderclap"],"picked":"Body Slam","floor":7},{"not_picked":["Hemokinesis","Reckless Charge"],"picked":"Fiend Fire","floor":8},{"not_picked":["Iron Wave","Thunderclap"],"picked":"Disarm","floor":11},{"not_picked":["Iron Wave","Heavy Blade"],"picked":"Inflame","floor":12},{"not_picked":["Inflame","Dual Wield"],"picked":"Dark Embrace","floor":14},{"not_picked":["Limit Break","Exhume"],"picked":"Barricade","floor":16},{"not_picked":["Rupture","Flex"],"picked":"Shrug It Off+1","floor":18},{"not_picked":["Perfected Strike","Dropkick"],"picked":"Pommel Strike+1","floor":19}],"player_experience":481324,"relics_obtained":[{"floor":6,"key":"Ginger"},{"floor":9,"key":"Matryoshka"},{"floor":12,"key":"Strawberry"}],"event_choices":[{"damage_healed":0,"gold_gain":75,"player_choice":"Gather Gold","damage_taken":11,"max_hp_gain":0,"max_hp_loss":0,"event_name":"World of Goop","floor":2,"gold_loss":0},{"damage_healed":0,"gold_gain":0,"player_choice":"1 cards matched","damage_taken":0,"max_hp_gain":0,"max_hp_loss":0,"event_name":"Match and Keep!","floor":3,"gold_loss":0,"cards_obtained":["Impatience"]}],"is_beta":false,"boss_relics":[{"not_picked":["Velvet Choker","White Beast Statue"],"picked":"Cursed Key"}],"items_purged_floors":[],"is_endless":false,"potions_floor_spawned":[1,4,8,12,14],"killed_by":"Snake Plant","ascension_level":5}