{"gold_per_floor":[115,115,190,32,49,49,84,101,125,135,135,63,75,102,102,199,199,218,231,231,231,241,241,255,255,307,319],"floor_reached":27,"playtime":1633,"items_purged":["Strike_R"],"score":245,"play_id":"790772fb-9128-4791-a85e-25c5e5914401","local_time":"20190103030100","is_ascension_mode":true,"campfire_choices":[{"data":"Bash","floor":6,"key":"SMITH"},{"floor":11,"key":"REST"},{"data":"Limit Break","floor":15,"key":"SMITH"},{"floor":23,"key":"REST"},{"floor":25,"key":"REST"}],"neow_cost":"TEN_PERCENT_HP_LOSS","seed_source_timestamp":228527131963499,"circlet_count":0,"master_deck":["Strike_R","Strike_R","Defend_R","Defend_R","Defend_R","Defend_R","Bash+1","Limit Break+1","Clothesline","Fiend Fire","Infernal Blade","Shrug It Off","True Grit","Body Slam","Spot Weakness","Headbutt","Armaments+1","Heavy Blade","Rupture","Dual Wield","Dark Embrace","Pommel Strike+1","Shrug It Off+1","Anger","Heavy Blade"],"relics":["Burning Blood","Happy Flower","PreservedInsect","Peace Pipe","Mark of Pain","MawBank"],"potions_floor_usage":[10,10,19,22,27],"damage_taken":[{"damage":16,"enemies":"Small Slimes","floor":1,"turns":4},{"damage":5,"enemies":"Jaw Worm","floor":5,"turns":5},{"damage":40,"enemies":"Lagavulin","floor":7,"turns":7},{"damage":0,"enemies":"Cultist","floor":8,"turns":4},{"damage":0,"enemies":"2 Fungi Beasts","floor":10,"turns":4},{"damage":0,"enemies":"Looter","floor":13,"turns":2},{"damage":9,"enemies":"3 Sentries","floor":14,"turns":5},{"damage":30,"enemies":"The Guardian","floor":16,"turns":10},{"damage":25,"enemies":"3 Byrds","floor":18,"turns":4},{"damage":27,"enemies":"Spheric Guardian","floor":19,"turns":5},{"damage":13,"enemies":"Snake Plant","floor":22,"turns":3},{"damage":37,"enemies":"Shelled Parasite and Fungi","floor":24,"turns":6},{"damage":36,"enemies":"Sentry and Sphere","floor":27,"turns":5}],"seed_played":"-4930692935429015034","potions_obtained":[{"floor":1,"key":"Regen Potion"},{"floor":8,"key":"EssenceOfSteel"},{"floor":13,"key":"SpeedPotion"},{"floor":14,"key":"Fire Potion"},{"floor":19,"key":"EssenceOfSteel"}],"is_trial":false,"path_per_floor":["M","?","?","$","M","R","E","M","T","M","R","$","M","E","R","B",null,"M","M","?","?","M","R","M","R","T","M"],"character_chosen":"IRONCLAD","items_purchased":["Infernal Blade","Shrug It Off","Armaments","Heavy Blade"],"campfire_rested":3,"item_purchase_floors":[4,4,12,12],"current_hp_per_floor":[62,62,51,51,52,52,18,24,24,42,63,63,69,66,66,42,72,53,32,32,32,25,46,15,36,36,0],"gold":319,"neow_bonus":"THREE_RARE_CARDS","is_prod":false,"is_daily":false,"chose_seed":false,"campfire_upgraded":2,"win_rate":0,"timestamp":1546444860,"path_taken":["M","?","?","$","M","R","E","M","T","M","R","?","?","E","R","BOSS","M","M","?","?","?","R","M","R","T","M"],"build_version":"2018-12-20","purchased_purges":1,"victory":false,"max_hp_per_floor":[72,72,72,72,72,72,72,72,72,72,72,72,72,72,72,72,72,72,72,72,72,72,72,72,72,72,72],"card_choices":[{"not_picked":["Exhume","Juggernaut"],"picked":"Limit Break","floor":0},{"not_picked":["Hemokinesis","Wild Strike"],"picked":"Clothesline","floor":1},{"not_picked":["Reckless Charge","Infernal Blade"],"picked":"True Grit","floor":5},{"not_picked":["Thunderclap","Sword Boomerang"],"picked":"Body Slam","floor":7},{"not_picked":["Pummel","Pommel Strike"],"picked":"Spot Weakness","floor":8},{"not_picked":["Offering","Metallicize"],"picked":"Headbutt","floor":10},{"not_picked":["Perfected Strike","Twin Strike"],"picked":"Rupture","floor":13},{"not_picked":["Dropkick","Clothesline"],"picked":"Dual Wield","floor":14},{"not_picked":["Exhume","Juggernaut"],"picked":"Dark Embrace","floor":16},{"not_picked":["Cleave","Body Slam"],"picked":"Pommel Strike+1","floor":18},{"not_picked":["Entrench","Heavy Blade"],"picked":"Shrug It Off+1","floor":19},{"not_picked":["Clash","Heavy Blade"],"picked":"Anger","floor":22},{"not_picked":["Body Slam","Clothesline"],"picked":"Heavy Blade","floor":24}],"player_experience":394693,"relics_obtained":[{"floor":7,"key":"Happy Flower"},{"floor":9,"key":"PreservedInsect"},{"floor":14,"key":"Peace Pipe"},{"floor":26,"key":"MawBank"}],"event_choices":[{"damage_healed":0,"gold_gain":0,"cards_transformed":["Strike_R"],"player_choice":"Change","damage_taken":0,"max_hp_gain":0,"max_hp_loss":0,"event_name":"Living Wall","floor":2,"gold_loss":0,"cards_obtained":["Fiend Fire"]},{"damage_healed":0,"gold_gain":75,"player_choice":"Gather Gold","damage_taken":11,"max_hp_gain":0,"max_hp_loss":0,"event_name":"World of Goop","floor":3,"gold_loss":0},{"cards_removed":["Strike_R"],"damage_healed":0,"gold_gain":0,"player_choice":"Elegance","damage_taken":0,"max_hp_gain":0,"max_hp_loss":0,"event_name":"Back to Basics","floor":20,"gold_loss":0},{"damage_healed":0,"gold_gain":0,"player_choice":"Forge","damage_taken":0,"max_hp_gain":0,"max_hp_loss":0,"event_name":"Accursed Blacksmith","floor":21,"gold_loss":0,"cards_upgraded":["Armaments"]}],"is_beta":false,"boss_relics":[{"not_picked":["Black Blood","Coffee Dripper"],"picked":"Mark of Pain"}],"items_purged_floors":[4],"is_endless":false,"potions_floor_spawned":[1,8,13,14,19],"killed_by":"Sentry and Sphere","ascension_level":2}