{"gold_per_floor":[110,26,26,26,26,26,55,55,55,72,84,101,101],"floor_reached":13,"playtime":537,"items_purged":[],"score":100,"play_id":"29e651d2-9ffd-4901-be8d-8989d3872c59","local_time":"20190801212004","is_ascension_mode":true,"campfire_choices":[{"data":"Dodge and Roll","floor":6,"key":"SMITH"}],"neow_cost":"NONE","seed_source_timestamp":428181507410700,"circlet_count":0,"master_deck":["Strike_G","Strike_G","Strike_G","Strike_G","Strike_G","Defend_G","Defend_G","Defend_G","Defend_G+1","Defend_G","Survivor+1","Neutralize","Endless Agony","Dodge and Roll+1","Well Laid Plans","Backstab","Prepared"],"relics":["Ring of the Snake","Vajra","Art of War","Turnip","Mango"],"potions_floor_usage":[],"damage_taken":[{"damage":0,"enemies":"Cultist","floor":1,"turns":3},{"damage":46,"enemies":"Lagavulin","floor":7,"turns":12},{"damage":3,"enemies":"Jaw Worm","floor":10,"turns":4},{"damage":2,"enemies":"2 Louse","floor":11,"turns":3},{"damage":12,"enemies":"Exordium Thugs","floor":12,"turns":4},{"damage":0,"enemies":"Gremlin Gang","floor":13,"turns":3}],"seed_played":"7894384750701505620","potions_obtained":[{"floor":1,"key":"SpeedPotion"},{"floor":11,"key":"SkillPotion"}],"is_trial":false,"path_per_floor":["M","$","T","?","$","R","E","?","T","M","M","M","M"],"character_chosen":"THE_SILENT","items_purchased":["Endless Agony","Dodge and Roll"],"campfire_rested":0,"item_purchase_floors":[2,2],"current_hp_per_floor":[70,70,70,56,56,56,10,10,24,21,19,7,7],"gold":101,"neow_bonus":"RANDOM_COMMON_RELIC","is_prod":false,"is_daily":false,"chose_seed":false,"campfire_upgraded":1,"win_rate":0,"timestamp":1564719604,"path_taken":["M","$","?","?","?","R","E","?","T","M","?","?","M"],"build_version":"2019-07-17","purchased_purges":0,"victory":false,"max_hp_per_floor":[70,70,70,70,70,70,70,70,84,84,84,84,84],"card_choices":[{"not_picked":["Outmaneuver","Underhanded Strike","PiercingWail"],"picked":"SKIP","floor":1},{"not_picked":["All Out Attack","Dash"],"picked":"Well Laid Plans","floor":7},{"not_picked":["Bane","Outmaneuver"],"picked":"Backstab","floor":10},{"not_picked":["Dodge and Roll","Skewer"],"picked":"Prepared","floor":11},{"not_picked":["PiercingWail","Dagger Throw","Reflex"],"picked":"SKIP","floor":12}],"player_experience":840223,"relics_obtained":[{"floor":3,"key":"Art of War"},{"floor":7,"key":"Turnip"},{"floor":9,"key":"Mango"}],"event_choices":[{"damage_healed":0,"gold_gain":0,"player_choice":"Entered Light","damage_taken":14,"max_hp_gain":0,"max_hp_loss":0,"event_name":"Shining Light","floor":4,"gold_loss":0,"cards_upgraded":["Survivor","Defend_G"]},{"damage_healed":0,"gold_gain":0,"player_choice":"Ignored","damage_taken":0,"max_hp_gain":0,"max_hp_loss":0,"event_name":"Purifier","floor":8,"gold_loss":0}],"is_beta":false,"boss_relics":[],"items_purged_floors":[],"is_endless":false,"potions_floor_spawned":[1,11],"killed_by":"Gremlin Gang","ascension_level":4}