{"gold_per_floor":[114,127,142,155,155,155,220,220,220,220,240,258,288,8,8,106,106,117,133,133,183,199,229,229,229,280,6,18,18,18,18,18,18],"floor_reached":33,"playtime":1583,"items_purged":["Strike_R"],"score":385,"play_id":"42dc7365-c63d-4881-9022-393e6aeccbc4","local_time":"20190604211650","is_ascension_mode":true,"campfire_choices":[{"data":"Whirlwind","floor":6,"key":"SMITH"},{"data":"Armaments","floor":8,"key":"SMITH"},{"floor":15,"key":"REST"},{"floor":25,"key":"REST"},{"floor":32,"key":"REST"}],"neow_cost":"NONE","seed_source_timestamp":4749002046147724,"circlet_count":0,"master_deck":["Strike_R","Strike_R","Strike_R+1","Strike_R+1","Defend_R","Defend_R+1","Defend_R","Defend_R","Bash","Body Slam","Shrug It Off+1","Thunderclap","Whirlwind+1","Armaments+1","Writhe","Demon Form","Clothesline","Flex","Ghostly Armor","Limit Break","Shockwave","Shrug It Off","Warcry+1","Iron Wave+1","Normality","Headbutt"],"relics":["Cursed Key","Tiny Chest","Ancient Tea Set","Mummified Hand","Frozen Eye","Lizard Tail","FossilizedHelix","Whetstone","MealTicket"],"potions_floor_usage":[13,19,19,23,23,28],"damage_taken":[{"damage":0,"enemies":"Small Slimes","floor":1,"turns":3},{"damage":1,"enemies":"Cultist","floor":2,"turns":3},{"damage":0,"enemies":"Jaw Worm","floor":3,"turns":4},{"damage":9,"enemies":"Looter","floor":4,"turns":3},{"damage":2,"enemies":"Gremlin Nob","floor":7,"turns":3},{"damage":0,"enemies":"2 Fungi Beasts","floor":11,"turns":1},{"damage":8,"enemies":"Blue Slaver","floor":12,"turns":3},{"damage":23,"enemies":"Lagavulin","floor":13,"turns":7},{"damage":12,"enemies":"The Guardian","floor":16,"turns":9},{"damage":19,"enemies":"Spheric Guardian","floor":18,"turns":4},{"damage":7,"enemies":"3 Byrds","floor":19,"turns":3},{"damage":38,"enemies":"Snake Plant","floor":22,"turns":6},{"damage":41,"enemies":"Book of Stabbing","floor":23,"turns":7},{"damage":13,"enemies":"Sentry and Sphere","floor":28,"turns":6},{"damage":44,"enemies":"Colosseum Slavers","floor":30,"turns":5},{"damage":48,"enemies":"Collector","floor":33,"turns":5}],"seed_played":"-1083089120801879403","potions_obtained":[{"floor":1,"key":"Weak Potion"},{"floor":3,"key":"Explosive Potion"},{"floor":4,"key":"Swift Potion"},{"floor":12,"key":"Regen Potion"},{"floor":13,"key":"GamblersBrew"},{"floor":18,"key":"Regen Potion"},{"floor":19,"key":"SteroidPotion"},{"floor":23,"key":"SkillPotion"}],"is_trial":false,"path_per_floor":["M","M","M","M","?","R","E","R","T","?","M","M","E","$","R","B",null,"M","M","?","?","M","E","?","R","T","$","M","?","?","$","R","B"],"character_chosen":"IRONCLAD","items_purchased":["Frozen Eye","Ghostly Armor","MealTicket"],"campfire_rested":3,"item_purchase_floors":[14,14,27],"current_hp_per_floor":[72,71,71,62,67,67,65,65,65,48,48,40,32,32,57,45,75,56,58,42,42,4,9,9,36,36,36,23,53,9,9,36,0],"gold":18,"neow_bonus":"BOSS_RELIC","is_prod":false,"is_daily":false,"chose_seed":false,"campfire_upgraded":2,"win_rate":0,"timestamp":1559697410,"path_taken":["M","M","M","M","?","R","E","R","T","?","M","M","E","$","R","BOSS","M","M","?","?","?","E","?","R","T","$","M","?","?","?","R","BOSS"],"build_version":"2019-01-23","purchased_purges":1,"victory":false,"max_hp_per_floor":[80,80,80,80,85,85,85,85,85,85,85,85,85,85,85,85,85,85,85,90,90,90,90,90,90,90,90,90,90,90,90,90,90],"card_choices":[{"not_picked":["Power Through","Thunderclap"],"picked":"Body Slam","floor":1},{"not_picked":["Corruption","Sword Boomerang"],"picked":"Shrug It Off","floor":2},{"not_picked":["Rupture","Perfected Strike"],"picked":"Thunderclap","floor":3},{"not_picked":["Dropkick","Intimidate"],"picked":"Whirlwind","floor":4},{"not_picked":["Wild Strike","Clash"],"picked":"Armaments","floor":7},{"not_picked":["Twin Strike","Anger"],"picked":"Demon Form","floor":11},{"not_picked":["Hemokinesis","Thunderclap"],"picked":"Clothesline","floor":12},{"not_picked":["Combust","Anger"],"picked":"Flex","floor":13},{"not_picked":["Feed","Demon Form"],"picked":"Limit Break","floor":16},{"not_picked":["Entrench","Cleave"],"picked":"Shockwave","floor":18},{"not_picked":["Evolve","Body Slam"],"picked":"Shrug It Off","floor":19},{"not_picked":["Second Wind","Armaments"],"picked":"Warcry+1","floor":22},{"not_picked":["Sever Soul+1","Corruption+1"],"picked":"Iron Wave+1","floor":23},{"not_picked":["Sword Boomerang+1","Perfected Strike"],"picked":"Headbutt","floor":28}],"player_experience":200920,"relics_obtained":[{"floor":7,"key":"Tiny Chest"},{"floor":9,"key":"Ancient Tea Set"},{"floor":13,"key":"Mummified Hand"},{"floor":23,"key":"FossilizedHelix"},{"floor":26,"key":"Whetstone"}],"event_choices":[{"damage_healed":0,"gold_gain":0,"player_choice":"Donut","damage_taken":0,"max_hp_gain":5,"max_hp_loss":0,"event_name":"Big Fish","floor":5,"gold_loss":0},{"damage_healed":0,"gold_gain":0,"player_choice":"Entered Light","damage_taken":17,"max_hp_gain":0,"max_hp_loss":0,"event_name":"Shining Light","floor":10,"gold_loss":0,"cards_upgraded":["Shrug It Off","Defend_R"]},{"damage_healed":0,"gold_gain":0,"player_choice":"Shed Blood","damage_taken":21,"max_hp_gain":5,"max_hp_loss":0,"event_name":"Forgotten Altar","floor":20,"gold_loss":0},{"damage_healed":0,"gold_gain":100,"player_choice":"Bet on Murderer","damage_taken":0,"max_hp_gain":0,"max_hp_loss":0,"event_name":"The Joust","floor":21,"gold_loss":50},{"damage_healed":0,"gold_gain":0,"player_choice":"Ignored","damage_taken":0,"max_hp_gain":0,"max_hp_loss":0,"event_name":"Cursed Tome","floor":24,"gold_loss":0},{"damage_healed":30,"gold_gain":0,"player_choice":"Heal","damage_taken":0,"max_hp_gain":0,"max_hp_loss":0,"event_name":"The Library","floor":29,"gold_loss":0},{"damage_healed":0,"gold_gain":0,"player_choice":"Fight","damage_taken":0,"max_hp_gain":0,"max_hp_loss":0,"event_name":"Colosseum","floor":30,"gold_loss":0},{"damage_healed":0,"gold_gain":0,"player_choice":"Fled From Nobs","damage_taken":0,"max_hp_gain":0,"max_hp_loss":0,"event_name":"Colosseum","floor":30,"gold_loss":0}],"is_beta":false,"boss_relics":[{"not_picked":["Black Star","Runic Dome"],"picked":"Lizard Tail"}],"items_purged_floors":[27],"is_endless":false,"potions_floor_spawned":[1,3,4,12,13,18,19,23],"killed_by":"Collector","ascension_level":8}