{"gold_per_floor":[116,116,191,15,27,27,27,27,27,27,27,27,27,37,37,134,134,144,173,173,199,210,210],"floor_reached":23,"playtime":914,"items_purged":[],"score":226,"play_id":"731c838d-0f51-4662-a63f-609b8cc7a93a","local_time":"20190115143332","is_ascension_mode":true,"campfire_choices":[{"floor":6,"key":"REST"},{"data":"Juggernaut","floor":10,"key":"SMITH"},{"data":"Clothesline","floor":13,"key":"SMITH"},{"data":"True Grit","floor":15,"key":"SMITH"}],"neow_cost":"PERCENT_DAMAGE","seed_source_timestamp":680006490694957,"circlet_count":0,"master_deck":["Strike_R","Strike_R","Defend_R","Defend_R","Defend_R","Defend_R","Bash","Juggernaut+1","Clothesline+1","Anger","True Grit+1","Limit Break","Feed+1","Anger+1","Battle Trance+1","Shrug It Off","Writhe","Infernal Blade+1"],"relics":["Burning Blood","Matryoshka","PreservedInsect","Regal Pillow","Letter Opener","Lantern","Darkstone Periapt","Astrolabe","Red Mask","Red Skull","Dream Catcher"],"potions_floor_usage":[5,19,22],"damage_taken":[{"damage":10,"enemies":"Small Slimes","floor":1,"turns":3},{"damage":13,"enemies":"Jaw Worm","floor":5,"turns":4},{"damage":0,"enemies":"Cultist","floor":14,"turns":3},{"damage":63,"enemies":"The Guardian","floor":16,"turns":14},{"damage":21,"enemies":"3 Byrds","floor":18,"turns":5},{"damage":30,"enemies":"Masked Bandits","floor":19,"turns":5},{"damage":22,"enemies":"2 Thieves","floor":22,"turns":3},{"damage":54,"enemies":"Gremlin Leader","floor":23,"turns":4}],"seed_played":"-5774814493168722577","potions_obtained":[{"floor":5,"key":"Fruit Juice"},{"floor":16,"key":"Explosive Potion"},{"floor":19,"key":"AttackPotion"}],"is_trial":false,"path_per_floor":["M","?","?","$","M","R","$","T","T","R","?","?","R","M","R","B",null,"M","?","?","T","M","E"],"character_chosen":"IRONCLAD","items_purchased":["Clothesline","PreservedInsect"],"campfire_rested":1,"item_purchase_floors":[4,4],"current_hp_per_floor":[52,49,38,38,36,61,61,61,61,61,66,66,66,72,72,15,90,79,59,65,65,53,0],"gold":210,"neow_bonus":"THREE_RARE_CARDS","is_prod":false,"is_daily":false,"chose_seed":false,"campfire_upgraded":3,"win_rate":0,"timestamp":1547523212,"path_taken":["M","?","?","?","?","R","$","?","T","R","?","?","R","M","R","BOSS","M","?","?","?","M","E"],"build_version":"2019-01-10","purchased_purges":0,"victory":false,"max_hp_per_floor":[80,80,80,80,85,85,85,85,85,85,90,90,90,90,90,90,90,94,98,104,104,108,108],"card_choices":[{"not_picked":["Double Tap","Impervious"],"picked":"Juggernaut","floor":0},{"not_picked":["Havoc","Clash","Perfected Strike"],"picked":"SKIP","floor":1},{"not_picked":["Thunderclap","Dropkick"],"picked":"Anger","floor":5},{"not_picked":["Rupture","Havoc"],"picked":"True Grit","floor":14},{"not_picked":["Exhume","Double Tap"],"picked":"Limit Break","floor":16},{"not_picked":["Battle Trance","Iron Wave","Fire Breathing"],"picked":"SKIP","floor":18},{"not_picked":["Pommel Strike","Clothesline"],"picked":"Shrug It Off","floor":19},{"not_picked":["Twin Strike","Shrug It Off"],"picked":"Infernal Blade+1","floor":22}],"player_experience":441268,"relics_obtained":[{"floor":8,"key":"Regal Pillow"},{"floor":8,"key":"Letter Opener"},{"floor":9,"key":"Lantern"},{"floor":9,"key":"Darkstone Periapt"},{"floor":19,"key":"Red Mask"},{"floor":21,"key":"Dream Catcher"}],"event_choices":[{"damage_healed":0,"gold_gain":0,"player_choice":"Success","damage_taken":3,"relics_obtained":["Matryoshka"],"max_hp_gain":0,"max_hp_loss":0,"event_name":"Scrap Ooze","floor":2,"gold_loss":0},{"damage_healed":0,"gold_gain":75,"player_choice":"Gather Gold","damage_taken":11,"max_hp_gain":0,"max_hp_loss":0,"event_name":"World of Goop","floor":3,"gold_loss":0},{"damage_healed":0,"gold_gain":0,"player_choice":"Donut","damage_taken":0,"max_hp_gain":5,"max_hp_loss":0,"event_name":"Big Fish","floor":11,"gold_loss":0},{"damage_healed":0,"gold_gain":0,"player_choice":"Ignored","damage_taken":0,"max_hp_gain":0,"max_hp_loss":0,"event_name":"Shining Light","floor":12,"gold_loss":0},{"damage_healed":0,"gold_gain":0,"player_choice":"Fought Bandits","damage_taken":0,"max_hp_gain":0,"max_hp_loss":0,"event_name":"Masked Bandits","floor":19,"gold_loss":0},{"damage_healed":0,"gold_gain":0,"player_choice":"Opened","damage_taken":0,"relics_obtained":["Red Skull"],"max_hp_gain":0,"max_hp_loss":0,"event_name":"The Mausoleum","floor":20,"gold_loss":0,"cards_obtained":["Writhe"]}],"is_beta":false,"boss_relics":[{"not_picked":["Fusion Hammer","White Beast Statue"],"picked":"Astrolabe"}],"items_purged_floors":[],"is_endless":false,"potions_floor_spawned":[5,16,19],"killed_by":"Gremlin Leader","ascension_level":3}