{"gold_per_floor":[119,47,60,60,235,235,263,273,350,350,350,350,374,390,390,390],"floor_reached":16,"playtime":1390,"items_purged":[],"score":120,"play_id":"57e61d8d-e4b8-48c2-a724-af940ba01755","local_time":"20190722182405","is_ascension_mode":true,"campfire_choices":[{"data":"Dagger Spray","floor":6,"key":"SMITH"},{"floor":12,"key":"REST"},{"data":"Neutralize","floor":15,"key":"SMITH"}],"neow_cost":"NONE","seed_source_timestamp":252081550332400,"circlet_count":0,"master_deck":["Strike_G","Strike_G","Strike_G","Strike_G","Strike_G","Defend_G","Defend_G","Defend_G","Defend_G","Defend_G","Survivor","Neutralize+1","Dagger Spray+1","Dodge and Roll+1","Infinite Blades","Cloak And Dagger","Doubt","Backflip","Slice","Injury"],"relics":["Ring of the Snake","Regal Pillow","Singing Bowl","Golden Idol"],"potions_floor_usage":[13,16,16],"damage_taken":[{"damage":1,"enemies":"Jaw Worm","floor":1,"turns":3},{"damage":8,"enemies":"2 Louse","floor":3,"turns":3},{"damage":56,"enemies":"Gremlin Nob","floor":7,"turns":5},{"damage":0,"enemies":"Small Slimes","floor":8,"turns":3},{"damage":0,"enemies":"Looter","floor":13,"turns":4},{"damage":0,"enemies":"Lots of Slimes","floor":14,"turns":1},{"damage":45,"enemies":"The Guardian","floor":16,"turns":11}],"seed_played":"-7935158881818117976","potions_obtained":[{"floor":1,"key":"Energy Potion"},{"floor":7,"key":"AttackPotion"},{"floor":13,"key":"Block Potion"}],"is_trial":false,"path_per_floor":["M","$","M","?","?","R","E","M","T","?","?","R","M","M","R","B"],"character_chosen":"THE_SILENT","items_purchased":["Infinite Blades"],"campfire_rested":1,"item_purchase_floors":[2],"current_hp_per_floor":[69,69,61,61,61,61,5,5,5,5,5,41,43,45,45,0],"gold":390,"neow_bonus":"THREE_CARDS","is_prod":false,"is_daily":false,"chose_seed":false,"campfire_upgraded":2,"win_rate":0,"timestamp":1563845045,"path_taken":["M","$","M","?","?","R","E","M","T","?","?","R","M","M","R","BOSS"],"build_version":"2019-07-17","purchased_purges":0,"victory":false,"max_hp_per_floor":[70,70,70,70,70,70,70,70,70,70,70,70,72,74,74,74],"card_choices":[{"not_picked":["PiercingWail","Tactician"],"picked":"Dagger Spray","floor":0},{"not_picked":["Finisher","Deflect"],"picked":"Dodge and Roll","floor":1},{"not_picked":["Deflect","Catalyst"],"picked":"Cloak And Dagger","floor":3},{"not_picked":["Deadly Poison","Skewer"],"picked":"Backflip","floor":7},{"not_picked":["Bane","Cloak And Dagger"],"picked":"Slice","floor":8},{"not_picked":["Expertise","Deadly Poison","Distraction"],"picked":"Singing Bowl","floor":13},{"not_picked":["Dagger Throw","Slice","Backflip"],"picked":"Singing Bowl","floor":14}],"player_experience":685444,"relics_obtained":[{"floor":7,"key":"Regal Pillow"},{"floor":9,"key":"Singing Bowl"}],"event_choices":[{"damage_healed":0,"gold_gain":0,"player_choice":"Grow","damage_taken":0,"max_hp_gain":0,"max_hp_loss":0,"event_name":"Living Wall","floor":4,"gold_loss":0,"cards_upgraded":["Dodge and Roll"]},{"damage_healed":0,"gold_gain":175,"player_choice":"AGREE","damage_taken":0,"max_hp_gain":0,"max_hp_loss":0,"event_name":"Liars Game","floor":5,"gold_loss":0,"cards_obtained":["Doubt"]},{"damage_healed":0,"gold_gain":0,"player_choice":"Ignored","damage_taken":0,"max_hp_gain":0,"max_hp_loss":0,"event_name":"Shining Light","floor":10,"gold_loss":0},{"damage_healed":0,"gold_gain":0,"player_choice":"Take Wound","damage_taken":0,"relics_obtained":["Golden Idol"],"max_hp_gain":0,"max_hp_loss":0,"event_name":"Golden Idol","floor":11,"gold_loss":0,"cards_obtained":["Injury"]}],"is_beta":false,"boss_relics":[],"items_purged_floors":[],"is_endless":false,"potions_floor_spawned":[1,7,13],"killed_by":"The Guardian","ascension_level":4}