{"gold_per_floor":[17,17,27,42,113,113,131,131,131,131,131,131,166,227,227,304,304,314,329,329,346,359,359,359],"floor_reached":24,"playtime":1003,"items_purged":[],"score":372,"play_id":"f9386f78-91db-4292-b29e-68e505bd5f5f","local_time":"20190306211249","is_ascension_mode":true,"campfire_choices":[{"data":"Clothesline","floor":6,"key":"SMITH"},{"data":"Corruption","floor":8,"key":"SMITH"},{"floor":12,"key":"REST"},{"data":"Immolate","floor":15,"key":"SMITH"},{"floor":23,"key":"REST"}],"neow_cost":"NO_GOLD","seed_source_timestamp":54174450679780,"circlet_count":0,"master_deck":["AscendersBane","Strike_R","Strike_R","Strike_R","Defend_R","Defend_R","Defend_R","Defend_R","Bash","Corruption+1","Twin Strike","Clothesline+1","Iron Wave","Immolate+1","Demon Form","Disarm","Flame Barrier","Infernal Blade","Armaments","Armaments","Armaments","Cleave","Uppercut","Entrench","Shrug It Off"],"relics":["Burning Blood","Letter Opener","Lantern","Oddly Smooth Stone","Orrery"],"potions_floor_usage":[7,13,19,22,22],"damage_taken":[{"damage":9,"enemies":"2 Louse","floor":1,"turns":3},{"damage":7,"enemies":"Cultist","floor":3,"turns":5},{"damage":14,"enemies":"Jaw Worm","floor":4,"turns":3},{"damage":17,"enemies":"Exordium Thugs","floor":7,"turns":5},{"damage":5,"enemies":"Lagavulin","floor":13,"turns":7},{"damage":62,"enemies":"The Guardian","floor":16,"turns":12},{"damage":19,"enemies":"Spheric Guardian","floor":18,"turns":4},{"damage":17,"enemies":"Chosen","floor":19,"turns":7},{"damage":18,"enemies":"Snake Plant","floor":21,"turns":5},{"damage":24,"enemies":"Snecko","floor":22,"turns":6},{"damage":31,"enemies":"Book of Stabbing","floor":24,"turns":4}],"seed_played":"6746374809373180553","potions_obtained":[{"floor":3,"key":"Dexterity Potion"},{"floor":4,"key":"Energy Potion"},{"floor":10,"key":"SneckoOil"},{"floor":13,"key":"Explosive Potion"},{"floor":18,"key":"SkillPotion"},{"floor":21,"key":"LiquidBronze"},{"floor":22,"key":"Ancient Potion"}],"is_trial":false,"path_per_floor":["M","?","M","M","T","R","M","R","T","?","$","R","E","?","R","B",null,"M","M","?","M","M","R","E"],"character_chosen":"IRONCLAD","items_purchased":[],"campfire_rested":2,"item_purchase_floors":[],"current_hp_per_floor":[65,75,74,66,66,66,55,55,55,55,55,75,75,75,75,19,61,48,37,37,25,7,29,0],"gold":359,"neow_bonus":"REMOVE_TWO","is_prod":false,"is_daily":false,"chose_seed":false,"campfire_upgraded":3,"win_rate":0,"timestamp":1551867169,"path_taken":["M","?","?","M","?","R","?","R","T","?","?","R","E","?","R","BOSS","M","M","?","?","?","R","E"],"build_version":"2019-01-23","purchased_purges":0,"victory":false,"max_hp_per_floor":[75,75,75,75,75,75,75,75,75,75,75,75,75,75,75,75,75,75,75,75,75,75,75,75],"card_choices":[{"not_picked":["Anger","Seeing Red"],"picked":"Corruption","floor":1},{"not_picked":["Corruption","Sword Boomerang"],"picked":"Twin Strike","floor":3},{"not_picked":["Clash","Disarm"],"picked":"Clothesline","floor":4},{"not_picked":["Clothesline","Clash"],"picked":"Iron Wave","floor":7},{"not_picked":["Perfected Strike","Ghostly Armor"],"picked":"Immolate","floor":13},{"not_picked":["Double Tap","Immolate"],"picked":"Demon Form","floor":16},{"not_picked":["Dual Wield","Clash"],"picked":"Disarm","floor":17},{"not_picked":["Perfected Strike","Searing Blow"],"picked":"Flame Barrier","floor":17},{"not_picked":["Headbutt","Flex"],"picked":"Infernal Blade","floor":17},{"not_picked":["Wild Strike","Berserk"],"picked":"Armaments","floor":17},{"not_picked":["Cleave","Thunderclap"],"picked":"Armaments","floor":17},{"not_picked":["Reckless Charge","Headbutt+1"],"picked":"Armaments","floor":18},{"not_picked":["Sever Soul","Clash+1"],"picked":"Cleave","floor":19},{"not_picked":["Burning Pact","Fire Breathing"],"picked":"Entrench","floor":21},{"not_picked":["Combust","Anger"],"picked":"Shrug It Off","floor":22}],"player_experience":810781,"relics_obtained":[{"floor":5,"key":"Letter Opener"},{"floor":9,"key":"Lantern"},{"floor":13,"key":"Oddly Smooth Stone"}],"event_choices":[{"damage_healed":10,"gold_gain":0,"player_choice":"Full Heal","damage_taken":0,"max_hp_gain":0,"max_hp_loss":0,"event_name":"Wheel of Change","floor":2,"gold_loss":0},{"damage_healed":0,"gold_gain":0,"player_choice":"Got Potions","damage_taken":0,"max_hp_gain":0,"max_hp_loss":0,"event_name":"Lab","floor":10,"gold_loss":0},{"damage_healed":0,"gold_gain":61,"player_choice":"Gained Gold","damage_taken":0,"max_hp_gain":0,"max_hp_loss":0,"event_name":"Golden Wing","floor":14,"gold_loss":0},{"damage_healed":0,"gold_gain":0,"player_choice":"1 cards matched","damage_taken":0,"max_hp_gain":0,"max_hp_loss":0,"event_name":"Match and Keep!","floor":20,"gold_loss":0,"cards_obtained":["Uppercut"]}],"is_beta":false,"boss_relics":[{"not_picked":["Black Blood","Runic Dome"],"picked":"Orrery"}],"items_purged_floors":[],"is_endless":false,"potions_floor_spawned":[3,4,13,18,21,22],"killed_by":"Book of Stabbing","ascension_level":18}