{"gold_per_floor":[117,127,142,154,5,5,24,24,49,59,72,72,91,145,145,241,241,261,281,292,207,218,218,231,231,256,269,269,269,295,295,295,395,395,413],"floor_reached":35,"playtime":922,"items_purged":["Strike_R"],"score":380,"play_id":"5d4cea47-dffc-46c1-8d7c-6533878222f9","local_time":"20190520125827","is_ascension_mode":false,"campfire_choices":[{"data":"Inflame","floor":6.0,"key":"SMITH"},{"data":"Sword Boomerang","floor":8.0,"key":"SMITH"},{"floor":12.0,"key":"REST"},{"data":"Limit Break","floor":15.0,"key":"SMITH"},{"data":"Feed","floor":23.0,"key":"SMITH"},{"data":"Shockwave","floor":25.0,"key":"SMITH"},{"data":"Limit Break","floor":28.0,"key":"SMITH"},{"data":"Dropkick","floor":32.0,"key":"SMITH"}],"neow_cost":"PERCENT_DAMAGE","seed_source_timestamp":308004787263939,"circlet_count":0,"master_deck":["Strike_R","Strike_R","Strike_R","Defend_R","Defend_R","Defend_R","Defend_R","Bash","Sword Boomerang+1","Limit Break+1","Inflame+1","Shockwave+1","Feed+1","Pommel Strike+1","Warcry+1","Dropkick+1","Limit Break+1","Reaper","Feel No Pain+1"],"special_seed":0,"relics":["Burning Blood","Charon\u0027s Ashes","Happy Flower","Oddly Smooth Stone","Coffee Dripper","Red Skull","Dream Catcher","Ancient Tea Set","Lizard Tail"],"potions_floor_usage":[],"damage_taken":[{"damage":1.0,"enemies":"Cultist","floor":1.0,"turns":3.0},{"damage":6.0,"enemies":"Small Slimes","floor":2.0,"turns":4.0},{"damage":8.0,"enemies":"Jaw Worm","floor":3.0,"turns":4.0},{"damage":18.0,"enemies":"Blue Slaver","floor":4.0,"turns":5.0},{"damage":14.0,"enemies":"2 Fungi Beasts","floor":7.0,"turns":4.0},{"damage":5.0,"enemies":"Looter","floor":10.0,"turns":4.0},{"damage":13.0,"enemies":"Lots of Slimes","floor":11.0,"turns":3.0},{"damage":11.0,"enemies":"Blue Slaver","floor":13.0,"turns":3.0},{"damage":18.0,"enemies":"Slime Boss","floor":16.0,"turns":5.0},{"damage":8.0,"enemies":"Shell Parasite","floor":18.0,"turns":5.0},{"damage":0.0,"enemies":"Chosen","floor":19.0,"turns":3.0},{"damage":15.0,"enemies":"Snake Plant","floor":20.0,"turns":3.0},{"damage":9.0,"enemies":"Shelled Parasite and Fungi","floor":22.0,"turns":4.0},{"damage":0.0,"enemies":"Chosen and Byrds","floor":24.0,"turns":4.0},{"damage":3.0,"enemies":"Centurion and Healer","floor":27.0,"turns":3.0},{"damage":13.0,"enemies":"Collector","floor":33.0,"turns":5.0},{"damage":27,"enemies":"3 Shapes","floor":35,"turns":4}],"seed_played":"-5681943656432628249","potions_obtained":[{"floor":4.0,"key":"Ancient Potion"},{"floor":7.0,"key":"SteroidPotion"},{"floor":10.0,"key":"Energy Potion"},{"floor":11.0,"key":"FearPotion"},{"floor":16.0,"key":"Energy Potion"},{"floor":22.0,"key":"AttackPotion"},{"floor":33.0,"key":"SteroidPotion"}],"is_trial":false,"path_per_floor":["M","M","M","M","$","R","M","R","T","M","M","R","M","T","R","B",null,"M","M","M","?","M","R","M","R","T","M","R","?","T","?","R","B",null,"M"],"character_chosen":"IRONCLAD","items_purchased":["Inflame"],"campfire_rested":1,"item_purchase_floors":[5],"current_hp_per_floor":[61,61,59,47,47,47,39,39,39,40,33,57,52,52,52,40,80,81,86,77,77,77,77,87,87,87,94,94,94,94,94,94,91,101,101],"gold":413,"neow_bonus":"ONE_RARE_RELIC","is_prod":false,"is_daily":false,"chose_seed":false,"campfire_upgraded":7,"win_rate":0,"timestamp":1558328307,"path_taken":["M","M","?","M","$","R","M","R","T","?","M","R","M","?","R","BOSS","M","M","M","?","M","R","M","R","T","M","R","?","?","?","R","BOSS","M"],"build_version":"2019-01-23","purchased_purges":1,"victory":false,"max_hp_per_floor":[80,80,80,80,80,80,80,80,80,80,80,80,80,80,80,80,80,83,86,86,86,89,89,93,93,93,97,97,97,97,97,97,101,101,105],"card_choices":[{"not_picked":["Thunderclap","Anger","Flex"],"picked":"SKIP","floor":1.0},{"not_picked":["Infernal Blade","Wild Strike"],"picked":"Sword Boomerang","floor":2.0},{"not_picked":["True Grit","Dual Wield"],"picked":"Limit Break","floor":3.0},{"not_picked":["Metallicize","Clash","Disarm"],"picked":"SKIP","floor":4.0},{"not_picked":["Havoc","Hemokinesis"],"picked":"Shockwave","floor":7.0},{"not_picked":["Flame Barrier","Infernal Blade","Thunderclap"],"picked":"SKIP","floor":10.0},{"not_picked":["Headbutt","Iron Wave","Body Slam"],"picked":"SKIP","floor":11.0},{"not_picked":["Headbutt","Sentinel","Brutality"],"picked":"SKIP","floor":13.0},{"not_picked":["Fiend Fire","Barricade"],"picked":"Feed","floor":16.0},{"not_picked":["Rage+1","True Grit"],"picked":"Pommel Strike+1","floor":18.0},{"not_picked":["Rage","Shockwave+1","Perfected Strike"],"picked":"SKIP","floor":19.0},{"not_picked":["Flex+1","Pummel","Wild Strike"],"picked":"SKIP","floor":20.0},{"not_picked":["Anger","Armaments"],"picked":"Warcry+1","floor":22.0},{"not_picked":["Entrench","Blood for Blood"],"picked":"Dropkick","floor":24.0},{"not_picked":["Bloodletting","Wild Strike"],"picked":"Limit Break","floor":27.0},{"not_picked":["Brutality","Bludgeon"],"picked":"Reaper","floor":33.0},{"not_picked":["Searing Blow","Headbutt+1"],"picked":"Feel No Pain+1","floor":35}],"player_experience":888650,"relics_obtained":[{"floor":9.0,"key":"Happy Flower"},{"floor":14.0,"key":"Oddly Smooth Stone"},{"floor":26.0,"key":"Dream Catcher"},{"floor":30.0,"key":"Ancient Tea Set"}],"event_choices":[{"damage_healed":0.0,"max_hp_gain":0.0,"max_hp_loss":0.0,"gold_gain":0.0,"event_name":"Addict","player_choice":"Obtained Relic","floor":21.0,"gold_loss":85.0,"damage_taken":0.0,"relics_obtained":["Red Skull"]},{"damage_healed":0.0,"max_hp_gain":0.0,"max_hp_loss":0.0,"gold_gain":0.0,"event_name":"Vampires","player_choice":"Ignored","floor":29.0,"gold_loss":0.0,"damage_taken":0.0},{"cards_removed":["Strike_R"],"damage_healed":0.0,"max_hp_gain":0.0,"max_hp_loss":0.0,"gold_gain":0.0,"event_name":"Back to Basics","player_choice":"Elegance","floor":31.0,"gold_loss":0.0,"damage_taken":0.0}],"is_beta":false,"boss_relics":[{"not_picked":["Tiny House","Black Star"],"picked":"Coffee Dripper"},{"not_picked":["Astrolabe","Eternal Feather"],"picked":"Lizard Tail"}],"items_purged_floors":[5],"is_endless":false,"potions_floor_spawned":[4,7,10,11,16,19,22,33,35],"killed_by":"3 Shapes","ascension_level":0}