{"gold_per_floor":[109,121,140,52,65,65,77,77,130,130,144,69,89,89],"floor_reached":14,"playtime":421,"items_purged":["Strike_G"],"score":168,"play_id":"3f21c3b1-b478-403c-8b1e-4f6d3557ff4f","local_time":"20190708094308","is_ascension_mode":true,"campfire_choices":[{"data":"Bouncing Flask","floor":6.0,"key":"SMITH"}],"neow_cost":"NONE","seed_source_timestamp":386491330986668,"circlet_count":0,"master_deck":["AscendersBane","Strike_G","Strike_G","Strike_G","Defend_G","Defend_G","Defend_G","Defend_G","Defend_G","Survivor","Neutralize","Bouncing Flask+1","PiercingWail","Well Laid Plans","Backflip","Backstab"],"special_seed":0,"relics":["Ring of the Snake","NeowsBlessing","Kunai","Lantern"],"potions_floor_usage":[],"damage_taken":[{"damage":0.0,"enemies":"Small Slimes","floor":1.0,"turns":1.0},{"damage":0.0,"enemies":"2 Louse","floor":2.0,"turns":1.0},{"damage":0.0,"enemies":"Cultist","floor":3.0,"turns":1.0},{"damage":2.0,"enemies":"3 Louse","floor":5.0,"turns":5.0},{"damage":19.0,"enemies":"Exordium Thugs","floor":7.0,"turns":10.0},{"damage":15,"enemies":"Gremlin Gang","floor":11,"turns":6},{"damage":0,"enemies":"Looter","floor":13,"turns":3},{"damage":2,"enemies":"3 Sentries","floor":14,"turns":3}],"seed_played":"-5736411748992207643","potions_obtained":[{"floor":1.0,"key":"Weak Potion"},{"floor":5.0,"key":"Dexterity Potion"}],"is_trial":false,"path_per_floor":["M","M","M","$","M","R","M","?","T","?","M","$","M","E"],"character_chosen":"THE_SILENT","items_purchased":["Well Laid Plans"],"campfire_rested":0,"item_purchase_floors":[4],"current_hp_per_floor":[59,59,59,59,57,57,38,27,27,27,12,12,12,10],"gold":89,"neow_bonus":"THREE_ENEMY_KILL","is_prod":false,"is_daily":false,"chose_seed":false,"campfire_upgraded":1,"win_rate":0,"timestamp":1562550188,"path_taken":["M","M","M","$","M","R","M","?","T","?","M","$","M","E"],"build_version":"2019-07-05","purchased_purges":1,"victory":false,"max_hp_per_floor":[66,66,66,66,66,66,66,66,66,66,66,66,66,66],"card_choices":[{"not_picked":["Sucker Punch","Flying Knee"],"picked":"Bouncing Flask","floor":1.0},{"not_picked":["Deadly Poison","Dagger Spray","Flying Knee"],"picked":"SKIP","floor":2.0},{"not_picked":["Bane","Bouncing Flask"],"picked":"PiercingWail","floor":3.0},{"not_picked":["Skewer","PiercingWail","Dodge and Roll"],"picked":"SKIP","floor":5.0},{"not_picked":["Prepared","Cloak And Dagger"],"picked":"Backflip","floor":7.0},{"not_picked":["Skewer","Deadly Poison"],"picked":"Backstab","floor":11},{"not_picked":["PiercingWail","Backflip","Predator"],"picked":"SKIP","floor":13}],"player_experience":1058955,"relics_obtained":[{"floor":9.0,"key":"Lantern"}],"event_choices":[{"damage_healed":0.0,"max_hp_gain":0.0,"max_hp_loss":0.0,"gold_gain":0.0,"event_name":"Scrap Ooze","player_choice":"Success","floor":8.0,"gold_loss":0.0,"damage_taken":11.0,"relics_obtained":["Kunai"]},{"cards_removed":["Strike_G"],"damage_healed":0.0,"max_hp_gain":0.0,"max_hp_loss":0.0,"gold_gain":0.0,"event_name":"Living Wall","player_choice":"Forget","floor":10.0,"gold_loss":0.0,"damage_taken":0.0}],"is_beta":false,"boss_relics":[],"items_purged_floors":[12],"is_endless":false,"potions_floor_spawned":[1,5],"killed_by":"3 Sentries","ascension_level":20}