{"gold_per_floor":[110,125,138,157,82,82,82,232,232,115,146,194,194,212,212,212],"floor_reached":16,"playtime":412,"items_purged":["Doubt"],"score":200,"play_id":"d0303158-24a0-49ec-adfc-5ec2a2b1e1fe","local_time":"20190516164429","is_ascension_mode":true,"campfire_choices":[{"data":"Inflame","floor":6.0,"key":"SMITH"},{"data":"Whirlwind","floor":13.0,"key":"SMITH"},{"data":"Burning Pact","floor":15.0,"key":"SMITH"}],"neow_cost":"NONE","seed_source_timestamp":2099714434992874,"circlet_count":0,"master_deck":["AscendersBane","Strike_R","Strike_R","Strike_R","Strike_R","Defend_R","Defend_R","Defend_R","Defend_R","Bash","Shockwave","Perfected Strike","Inflame+1","Whirlwind+1","Inflame","Burning Pact+1"],"special_seed":0,"relics":["Burning Blood","Matryoshka","Turnip","Self Forming Clay"],"potions_floor_usage":[16],"damage_taken":[{"damage":4.0,"enemies":"Cultist","floor":1.0,"turns":4.0},{"damage":4.0,"enemies":"Jaw Worm","floor":2.0,"turns":3.0},{"damage":4.0,"enemies":"Small Slimes","floor":3.0,"turns":4.0},{"damage":14.0,"enemies":"Blue Slaver","floor":4.0,"turns":5.0},{"damage":40.0,"enemies":"3 Sentries","floor":11.0,"turns":5.0},{"damage":2.0,"enemies":"3 Louse","floor":14.0,"turns":2.0},{"damage":37,"enemies":"The Guardian","floor":16,"turns":14}],"seed_played":"163468103984097753","potions_obtained":[{"floor":1.0,"key":"FearPotion"},{"floor":2.0,"key":"EssenceOfSteel"}],"is_trial":false,"path_per_floor":["M","M","M","M","?","R","$","?","T","$","E","T","R","M","R","B"],"character_chosen":"IRONCLAD","items_purchased":["Inflame"],"campfire_rested":0,"item_purchase_floors":[10],"current_hp_per_floor":[70,72,74,66,66,66,66,66,66,66,32,32,32,36,36,0],"gold":212,"neow_bonus":"THREE_CARDS","is_prod":false,"is_daily":false,"chose_seed":false,"campfire_upgraded":3,"win_rate":0,"timestamp":1557996269,"path_taken":["M","M","M","M","?","R","?","?","T","$","E","?","R","M","R","BOSS"],"build_version":"2019-01-23","purchased_purges":1,"victory":false,"max_hp_per_floor":[75,75,75,75,75,75,75,75,75,75,75,75,75,75,75,75],"card_choices":[{"not_picked":["Body Slam","Hemokinesis"],"picked":"Shockwave","floor":0.0},{"not_picked":["Ghostly Armor","Rupture"],"picked":"Perfected Strike","floor":1.0},{"not_picked":["Cleave","Heavy Blade","Thunderclap"],"picked":"SKIP","floor":2.0},{"not_picked":["Warcry","Body Slam"],"picked":"Inflame","floor":3.0},{"not_picked":["Uppercut","True Grit"],"picked":"Whirlwind","floor":4.0},{"not_picked":["Entrench","Dropkick","Clash"],"picked":"SKIP","floor":11.0},{"not_picked":["Clash","Shrug It Off"],"picked":"Burning Pact","floor":14.0}],"player_experience":854584,"relics_obtained":[{"floor":9.0,"key":"Matryoshka"},{"floor":11.0,"key":"Turnip"},{"floor":12.0,"key":"Self Forming Clay"}],"event_choices":[{"cards_removed":["Strike_R"],"damage_healed":0.0,"max_hp_gain":0.0,"max_hp_loss":0.0,"gold_gain":0.0,"event_name":"The Cleric","player_choice":"Card Removal","floor":5.0,"gold_loss":75.0,"damage_taken":0.0},{"damage_healed":0.0,"max_hp_gain":0.0,"max_hp_loss":0.0,"gold_gain":150.0,"event_name":"Liars Game","player_choice":"AGREE","floor":8.0,"gold_loss":0.0,"damage_taken":0.0,"cards_obtained":["Doubt"]}],"is_beta":false,"boss_relics":[],"items_purged_floors":[10],"is_endless":false,"potions_floor_spawned":[1,2],"killed_by":"The Guardian","ascension_level":20}