{"gold_per_floor":[115,130,144,23,23,23,34,34,34,34,60,60,94,107,107,212,212,222,172,189,139,152,152,152,163,163,163,176,57,57,77,77,178,178,192,192,42,55,73,73,73,73,121,134,134,153,168,185,185,185],"floor_reached":51,"playtime":1979,"items_purged":["Strike_R","Strike_R","Strike_R","Normality","Decay"],"score":736,"play_id":"fd17a332-ae6f-4a97-8308-a58dd11b8076","local_time":"20190520133409","is_ascension_mode":false,"campfire_choices":[{"data":"Armaments","floor":6.0,"key":"SMITH"},{"data":"Carnage","floor":8.0,"key":"SMITH"},{"data":"Whirlwind","floor":15.0,"key":"SMITH"},{"data":"Barricade","floor":23.0,"key":"SMITH"},{"data":"Body Slam","floor":32.0,"key":"SMITH"},{"data":"Apotheosis","floor":40,"key":"SMITH"},{"data":"Pommel Strike","floor":45,"key":"SMITH"},{"floor":49,"key":"REST"}],"neow_cost":"NONE","seed_source_timestamp":309038458009161,"circlet_count":0,"master_deck":["Defend_R","Defend_R","Defend_R","Finesse","Pommel Strike+1","Carnage+1","Armaments+1","Evolve","Power Through","Whirlwind+1","Barricade+1","Sword Boomerang","Body Slam+1","Finesse","Feed","Feel No Pain","Feed","Second Wind+1","Dark Embrace+1","Sentinel+1","Apotheosis+1","True Grit+1","Doubt","Pommel Strike+1","Warcry+1"],"special_seed":0,"relics":["Burning Blood","Smiling Mask","Kunai","Bronze Scales","Cursed Key","Matryoshka","Centennial Puzzle","Astrolabe","Sundial","Regal Pillow"],"potions_floor_usage":[33,38,50,50],"damage_taken":[{"damage":16.0,"enemies":"Jaw Worm","floor":1.0,"turns":4.0},{"damage":6.0,"enemies":"Cultist","floor":2.0,"turns":3.0},{"damage":0.0,"enemies":"Small Slimes","floor":3.0,"turns":3.0},{"damage":3.0,"enemies":"Looter","floor":7.0,"turns":3.0},{"damage":27.0,"enemies":"Gremlin Nob","floor":11.0,"turns":4.0},{"damage":26.0,"enemies":"Lagavulin","floor":13.0,"turns":7.0},{"damage":12.0,"enemies":"Blue Slaver","floor":14.0,"turns":3.0},{"damage":35.0,"enemies":"Hexaghost","floor":16.0,"turns":7.0},{"damage":19.0,"enemies":"Shell Parasite","floor":18.0,"turns":3.0},{"damage":0.0,"enemies":"3 Byrds","floor":20.0,"turns":3.0},{"damage":0.0,"enemies":"3 Cultists","floor":22.0,"turns":4.0},{"damage":21.0,"enemies":"Snake Plant","floor":25.0,"turns":2.0},{"damage":28.0,"enemies":"Sentry and Sphere","floor":28.0,"turns":5.0},{"damage":10.0,"enemies":"Chosen and Byrds","floor":31.0,"turns":5.0},{"damage":2,"enemies":"Collector","floor":33,"turns":16},{"damage":17,"enemies":"3 Darklings","floor":35,"turns":5},{"damage":3,"enemies":"3 Shapes","floor":38,"turns":4},{"damage":4,"enemies":"3 Darklings","floor":39,"turns":5},{"damage":0,"enemies":"Maw","floor":44,"turns":6},{"damage":7,"enemies":"Spire Growth","floor":46,"turns":4},{"damage":49,"enemies":"Transient","floor":47,"turns":5},{"damage":16,"enemies":"4 Shapes","floor":48,"turns":6},{"damage":13,"enemies":"Donu and Deca","floor":50,"turns":4}],"seed_played":"-3934376851096570354","potions_obtained":[{"floor":1.0,"key":"Poison Potion"},{"floor":13.0,"key":"FearPotion"},{"floor":16.0,"key":"Regen Potion"},{"floor":18.0,"key":"GamblersBrew"},{"floor":25.0,"key":"EssenceOfSteel"},{"floor":35,"key":"BloodPotion"},{"floor":38,"key":"Dexterity Potion"}],"is_trial":false,"path_per_floor":["M","M","M","$","?","R","M","R","T","$","E","?","E","M","R","B",null,"M","$","M","$","M","R","?","M","T","?","M","$","T","M","R","B",null,"M","?","$","M","M","R","?","?","T","M","R","M","M","M","R","B",null],"character_chosen":"IRONCLAD","items_purchased":["Armaments","Feel No Pain","Fruit Juice"],"campfire_rested":1,"item_purchase_floors":[4,29,37],"current_hp_per_floor":[70,70,76,76,76,76,79,79,79,79,58,80,60,54,54,25,80,67,67,80,80,80,80,80,65,65,65,43,43,43,42,42,46,83,72,62,62,78,84,84,84,84,84,94,94,97,54,48,95,92],"gold":185,"neow_bonus":"RANDOM_COLORLESS","is_prod":false,"is_daily":false,"chose_seed":false,"campfire_upgraded":7,"win_rate":0,"timestamp":1558330449,"path_taken":["M","M","M","$","?","R","M","R","T","?","E","?","E","M","R","BOSS","M","?","M","$","M","R","?","M","T","?","?","$","?","M","R","BOSS","M","?","$","M","M","R","?","?","T","M","R","M","M","M","R","BOSS"],"build_version":"2019-01-23","purchased_purges":5,"victory":true,"max_hp_per_floor":[80,80,80,80,80,80,80,80,80,80,80,80,80,80,80,80,80,80,80,80,80,80,80,80,80,80,80,80,80,80,83,83,83,83,83,83,83,96,100,100,100,95,95,99,99,103,103,107,107,111],"card_choices":[{"not_picked":["Iron Wave","Heavy Blade"],"picked":"Pommel Strike","floor":1.0},{"not_picked":["Pummel","Sentinel","Warcry"],"picked":"SKIP","floor":2.0},{"not_picked":["Cleave","Havoc"],"picked":"Carnage","floor":3.0},{"not_picked":["Searing Blow","Armaments","Thunderclap"],"picked":"SKIP","floor":7.0},{"not_picked":["Infernal Blade","Clash"],"picked":"Power Through","floor":11.0},{"not_picked":["Heavy Blade","Infernal Blade","Havoc"],"picked":"SKIP","floor":13.0},{"not_picked":["Cleave","Thunderclap"],"picked":"Whirlwind","floor":14.0},{"not_picked":["Demon Form","Immolate"],"picked":"Barricade","floor":16.0},{"not_picked":["Flex","Anger","True Grit"],"picked":"SKIP","floor":18.0},{"not_picked":["Perfected Strike","Anger"],"picked":"Sword Boomerang","floor":20.0},{"not_picked":["Flex","Corruption","Bloodletting"],"picked":"SKIP","floor":22.0},{"not_picked":["Sever Soul","Sentinel"],"picked":"Body Slam","floor":25.0},{"not_picked":["Rage","Havoc+1"],"picked":"Feed","floor":28.0},{"not_picked":["Heavy Blade","Havoc","Thunderclap+1"],"picked":"SKIP","floor":31.0},{"not_picked":["Bludgeon","Brutality"],"picked":"Feed","floor":33},{"not_picked":["True Grit","Rupture+1"],"picked":"Sentinel+1","floor":35},{"not_picked":["Discovery","Impatience"],"picked":"Apotheosis","floor":36},{"not_picked":["Clothesline+1","Rage+1","Whirlwind+1"],"picked":"SKIP","floor":38},{"not_picked":["Pommel Strike+1","Clothesline+1"],"picked":"True Grit+1","floor":39},{"not_picked":["Twin Strike","Shrug It Off+1"],"picked":"Pommel Strike+1","floor":44},{"not_picked":["Thunderclap+1","Twin Strike","Body Slam+1"],"picked":"SKIP","floor":46},{"not_picked":["Havoc+1","Headbutt"],"picked":"Warcry+1","floor":47},{"not_picked":["Havoc","Shrug It Off","Berserk"],"picked":"SKIP","floor":48}],"player_experience":889572,"relics_obtained":[{"floor":9.0,"key":"Smiling Mask"},{"floor":11.0,"key":"Kunai"},{"floor":13.0,"key":"Bronze Scales"},{"floor":26.0,"key":"Matryoshka"},{"floor":30.0,"key":"Centennial Puzzle"},{"floor":43,"key":"Sundial"},{"floor":43,"key":"Regal Pillow"}],"event_choices":[{"damage_healed":0.0,"max_hp_gain":0.0,"max_hp_loss":0.0,"gold_gain":0.0,"cards_transformed":["Strike_R"],"event_name":"Transmorgrifier","player_choice":"Transformed","floor":5.0,"gold_loss":0.0,"damage_taken":0.0,"cards_obtained":["Evolve"]},{"damage_healed":22.0,"max_hp_gain":0.0,"max_hp_loss":0.0,"gold_gain":0.0,"event_name":"Wheel of Change","player_choice":"Full Heal","floor":12.0,"gold_loss":0.0,"damage_taken":0.0},{"damage_healed":0.0,"max_hp_gain":0.0,"max_hp_loss":0.0,"gold_gain":0.0,"event_name":"Vampires","player_choice":"Ignored","floor":24.0,"gold_loss":0.0,"damage_taken":0.0},{"damage_healed":0.0,"max_hp_gain":0.0,"max_hp_loss":0.0,"gold_gain":0.0,"event_name":"Duplicator","player_choice":"Copied","floor":27.0,"gold_loss":0.0,"damage_taken":0.0,"cards_obtained":["Finesse"]},{"damage_healed":0,"gold_gain":0,"player_choice":"Memory 3","damage_taken":10,"max_hp_gain":0,"max_hp_loss":0,"event_name":"SensoryStone","floor":36,"gold_loss":0},{"cards_removed":["Brutality"],"damage_healed":0,"gold_gain":0,"player_choice":"Removed Power","damage_taken":0,"max_hp_gain":0,"max_hp_loss":0,"event_name":"Falling","floor":41,"gold_loss":0},{"damage_healed":0,"gold_gain":0,"player_choice":"Max HP","damage_taken":0,"max_hp_gain":0,"max_hp_loss":5,"event_name":"Winding Halls","floor":42,"gold_loss":0}],"is_beta":false,"boss_relics":[{"not_picked":["Fusion Hammer","Orrery"],"picked":"Cursed Key"},{"not_picked":["Black Blood","Tiny House"],"picked":"Astrolabe"}],"items_purged_floors":[4,19,21,29,37],"is_endless":false,"potions_floor_spawned":[1,13,16,18,25,28,35,38,47],"ascension_level":0}