{"gold_per_floor":[113,113,188,201,164,199,209,241,241,254,254],"floor_reached":11,"playtime":401,"items_purged":[],"score":130,"play_id":"a6099434-fa7b-49b7-92ce-9eeed3d14e2b","local_time":"20190207010808","is_ascension_mode":true,"campfire_choices":[],"neow_cost":"NONE","seed_source_timestamp":207736495690270,"circlet_count":0,"master_deck":["Defend_G","Defend_G","Defend_G","Defend_G","Defend_G","Strike_G","Strike_G","Strike_G","Strike_G","Strike_G","Survivor","Neutralize","Cloak And Dagger","Poisoned Stab","Well Laid Plans","Quick Slash","Blade Dance","Flying Knee","Acrobatics"],"relics":["Ring of the Snake","NeowsBlessing","Bag of Marbles","Bottled Flame","Bottled Tornado"],"potions_floor_usage":[],"damage_taken":[{"damage":0,"enemies":"Small Slimes","floor":1,"turns":1},{"damage":0,"enemies":"Jaw Worm","floor":4,"turns":1},{"damage":0,"enemies":"Gremlin Nob","floor":6,"turns":1},{"damage":0,"enemies":"Cultist","floor":7,"turns":3},{"damage":44,"enemies":"Lagavulin","floor":8,"turns":10},{"damage":3,"enemies":"Looter","floor":10,"turns":2},{"damage":22,"enemies":"The Mushroom Lair","floor":11,"turns":2}],"seed_played":"1577844635432178368","potions_obtained":[{"floor":1,"key":"SpeedPotion"},{"floor":8,"key":"GamblersBrew"}],"is_trial":false,"path_per_floor":["M","?","?","M","$","E","M","E","T","M","?"],"character_chosen":"THE_SILENT","items_purchased":["Well Laid Plans"],"campfire_rested":0,"item_purchase_floors":[5],"current_hp_per_floor":[70,70,59,59,59,59,59,15,15,12,0],"gold":254,"neow_bonus":"THREE_ENEMY_KILL","is_prod":false,"is_daily":false,"chose_seed":false,"campfire_upgraded":0,"win_rate":0,"timestamp":1549472888,"path_taken":["M","?","?","?","$","E","M","E","T","?","?"],"build_version":"2019-01-23","purchased_purges":0,"victory":false,"max_hp_per_floor":[70,70,70,70,70,70,70,70,70,70,70],"card_choices":[{"not_picked":["Concentrate","Dagger Throw"],"picked":"Cloak And Dagger","floor":1},{"not_picked":["Predator","Blade Dance"],"picked":"Poisoned Stab","floor":4},{"not_picked":["Escape Plan","Choke"],"picked":"Quick Slash","floor":6},{"not_picked":["Dagger Throw","Escape Plan"],"picked":"Blade Dance","floor":7},{"not_picked":["Outmaneuver","Underhanded Strike"],"picked":"Flying Knee","floor":8},{"not_picked":["Bane","Sucker Punch"],"picked":"Acrobatics","floor":10}],"player_experience":665753,"relics_obtained":[{"floor":6,"key":"Bag of Marbles"},{"floor":8,"key":"Bottled Flame"},{"floor":9,"key":"Bottled Tornado"}],"event_choices":[{"damage_healed":0,"gold_gain":0,"player_choice":"Ignored","damage_taken":0,"max_hp_gain":0,"max_hp_loss":0,"event_name":"Shining Light","floor":2,"gold_loss":0},{"damage_healed":0,"gold_gain":75,"player_choice":"Gather Gold","damage_taken":11,"max_hp_gain":0,"max_hp_loss":0,"event_name":"World of Goop","floor":3,"gold_loss":0},{"damage_healed":0,"gold_gain":0,"player_choice":"Fought Mushrooms","damage_taken":0,"max_hp_gain":0,"max_hp_loss":0,"event_name":"Mushrooms","floor":11,"gold_loss":0}],"is_beta":false,"boss_relics":[],"items_purged_floors":[],"is_endless":false,"potions_floor_spawned":[1,8],"killed_by":"The Mushroom Lair","ascension_level":4}