{"gold_per_floor":[111,111,129,72,72,106,130,200,200,50,50,50,50,71,71,161,161,174,74,124,149,149,149,149],"floor_reached":24,"playtime":459,"items_purged":["Strike_G","Strike_G"],"score":450,"play_id":"7ff2a9ac-087f-4269-9710-e81ddb61867e","local_time":"20190702160953","is_ascension_mode":true,"campfire_choices":[{"data":"Predator","floor":11.0,"key":"SMITH"},{"data":"Terror","floor":13.0,"key":"SMITH"},{"data":"Crippling Poison","floor":15.0,"key":"SMITH"},{"data":"Calculated Gamble","floor":23,"key":"SMITH"}],"neow_cost":"NONE","seed_source_timestamp":85022057836105,"circlet_count":0,"master_deck":["AscendersBane","Strike_G","Strike_G","Defend_G","Defend_G","Defend_G","Defend_G","Defend_G","Survivor","Neutralize","Predator+1","Terror+1","Masterful Stab+1","Crippling Poison+1","Corpse Explosion","Acrobatics","Calculated Gamble+1"],"special_seed":0,"relics":["Ring of the Snake","NeowsBlessing","Golden Idol","Molten Egg 2","Happy Flower","Tiny Chest","Mummified Hand"],"potions_floor_usage":[],"damage_taken":[{"damage":0.0,"enemies":"2 Louse","floor":1.0,"turns":1.0},{"damage":0.0,"enemies":"Jaw Worm","floor":3.0,"turns":1.0},{"damage":0.0,"enemies":"Gremlin Nob","floor":6.0,"turns":1.0},{"damage":27.0,"enemies":"Lagavulin","floor":8.0,"turns":8.0},{"damage":0.0,"enemies":"Small Slimes","floor":14.0,"turns":2.0},{"damage":15.0,"enemies":"Slime Boss","floor":16.0,"turns":8.0},{"damage":2.0,"enemies":"Chosen","floor":18.0,"turns":4.0},{"damage":15,"enemies":"Shell Parasite","floor":21,"turns":5},{"damage":0,"enemies":"Gremlin Leader","floor":24,"turns":1}],"seed_played":"6228436790032416578","potions_obtained":[{"floor":3.0,"key":"PowerPotion"},{"floor":18.0,"key":"SteroidPotion"}],"is_trial":false,"path_per_floor":["M","?","M","$","?","E","T","E","T","$","R","$","R","M","R","B",null,"M","$","?","M","T","R","E"],"character_chosen":"THE_SILENT","items_purchased":["Fire Potion","Masterful Stab+1"],"campfire_rested":0,"item_purchase_floors":[4,10],"current_hp_per_floor":[59,59,59,59,52,52,52,25,25,25,25,25,25,25,25,10,48,46,46,46,31,31,31,31],"gold":149,"neow_bonus":"THREE_ENEMY_KILL","is_prod":false,"is_daily":false,"chose_seed":false,"campfire_upgraded":4,"win_rate":0,"timestamp":1562054993,"path_taken":["M","?","M","$","?","E","?","E","T","$","R","?","R","M","R","BOSS","M","$","?","M","?","R","E"],"build_version":"2019-07-01","purchased_purges":2,"victory":false,"max_hp_per_floor":[66,60,60,60,60,60,60,60,60,60,60,60,60,60,60,60,60,60,60,60,60,60,60,60],"card_choices":[{"not_picked":["Flying Knee","Dodge and Roll","Underhanded Strike"],"picked":"SKIP","floor":1.0},{"not_picked":["Sucker Punch","Quick Slash"],"picked":"Predator","floor":3.0},{"not_picked":["Dodge and Roll","Backflip","Setup"],"picked":"SKIP","floor":6.0},{"not_picked":["Caltrops","Leg Sweep"],"picked":"Terror","floor":8.0},{"not_picked":["Cloak And Dagger","Caltrops"],"picked":"Crippling Poison","floor":14.0},{"not_picked":["After Image","Wraith Form v2"],"picked":"Corpse Explosion","floor":16.0},{"not_picked":["Dagger Spray+1","Expertise"],"picked":"Acrobatics","floor":18.0},{"not_picked":["Finisher+1","Underhanded Strike+1"],"picked":"Calculated Gamble","floor":21}],"player_experience":1048349,"relics_obtained":[{"floor":6.0,"key":"Molten Egg 2"},{"floor":7.0,"key":"Happy Flower"},{"floor":8.0,"key":"Tiny Chest"},{"floor":9.0,"key":"Mummified Hand"}],"event_choices":[{"damage_healed":0.0,"max_hp_gain":0.0,"max_hp_loss":6.0,"gold_gain":0.0,"event_name":"Golden Idol","player_choice":"Lose Max HP","floor":2.0,"gold_loss":0.0,"damage_taken":0.0,"relics_obtained":["Golden Idol"]},{"cards_removed":["Strike_G"],"damage_healed":0.0,"max_hp_gain":0.0,"max_hp_loss":0.0,"gold_gain":0.0,"event_name":"Golden Wing","player_choice":"Card Removal","floor":5.0,"gold_loss":0.0,"damage_taken":7.0},{"damage_healed":0.0,"max_hp_gain":0.0,"max_hp_loss":0.0,"gold_gain":50.0,"event_name":"Nest","player_choice":"Stole From Cult","floor":20.0,"gold_loss":0.0,"damage_taken":0.0}],"is_beta":false,"boss_relics":[{"not_picked":["Ectoplasm","HoveringKite","Velvet Choker"]}],"items_purged_floors":[10,19],"is_endless":false,"potions_floor_spawned":[3,18],"killed_by":"Gremlin Leader","ascension_level":20}