{"gold_per_floor":[119,119,119,132,132,164,180,212,237,237,237],"floor_reached":11,"playtime":600,"items_purged":[],"score":201,"play_id":"12b5fcb1-e84d-476b-a896-caa60cc55d55","local_time":"20190313131636","is_ascension_mode":true,"campfire_choices":[],"neow_cost":"NONE","seed_source_timestamp":300934539486569,"circlet_count":0,"master_deck":["AscendersBane","Strike_R+1","Strike_R","Strike_R","Strike_R+1","Defend_R","Defend_R","Defend_R","Defend_R","Bash","Shrug It Off","Body Slam","Feed","Inflame","Shrug It Off"],"relics":["Burning Blood","NeowsBlessing","Regal Pillow","Whetstone","Bag of Preparation"],"potions_floor_usage":[8,8],"damage_taken":[{"damage":0,"enemies":"Small Slimes","floor":1,"turns":1},{"damage":0,"enemies":"2 Louse","floor":4,"turns":1},{"damage":0,"enemies":"Gremlin Nob","floor":6,"turns":1},{"damage":11,"enemies":"Cultist","floor":7,"turns":4},{"damage":45,"enemies":"3 Sentries","floor":8,"turns":13},{"damage":47,"enemies":"Lagavulin","floor":11,"turns":8}],"seed_played":"-1294804538083365916","potions_obtained":[{"floor":6,"key":"Block Potion"},{"floor":7,"key":"Swift Potion"}],"is_trial":false,"path_per_floor":["M","$","?","M","?","E","M","E","T","?","E"],"character_chosen":"IRONCLAD","items_purchased":[],"campfire_rested":0,"item_purchase_floors":[],"current_hp_per_floor":[74,74,79,80,80,80,75,39,39,39,0],"gold":237,"neow_bonus":"THREE_ENEMY_KILL","is_prod":false,"is_daily":false,"chose_seed":false,"campfire_upgraded":0,"win_rate":0,"timestamp":1552443396,"path_taken":["M","$","?","M","?","E","M","E","T","?","E"],"build_version":"2019-01-23","purchased_purges":0,"victory":false,"max_hp_per_floor":[75,75,80,80,80,80,80,83,83,83,83],"card_choices":[{"not_picked":["Sword Boomerang","Iron Wave"],"picked":"Shrug It Off","floor":1},{"not_picked":["Flame Barrier","Flex"],"picked":"Body Slam","floor":4},{"not_picked":["Rupture","Infernal Blade"],"picked":"Feed","floor":6},{"not_picked":["Spot Weakness","Carnage"],"picked":"Inflame","floor":7},{"not_picked":["Havoc","Pummel"],"picked":"Shrug It Off","floor":8}],"player_experience":840179,"relics_obtained":[{"floor":6,"key":"Regal Pillow"},{"floor":8,"key":"Whetstone"},{"floor":9,"key":"Bag of Preparation"}],"event_choices":[{"damage_healed":0,"gold_gain":0,"player_choice":"Donut","damage_taken":0,"max_hp_gain":5,"max_hp_loss":0,"event_name":"Big Fish","floor":3,"gold_loss":0},{"damage_healed":0,"gold_gain":0,"player_choice":"Ignored","damage_taken":0,"max_hp_gain":0,"max_hp_loss":0,"event_name":"Shining Light","floor":5,"gold_loss":0},{"cards_removed":["Strike_R"],"damage_healed":0,"gold_gain":0,"player_choice":"Purged","damage_taken":0,"max_hp_gain":0,"max_hp_loss":0,"event_name":"Purifier","floor":10,"gold_loss":0}],"is_beta":false,"boss_relics":[],"items_purged_floors":[],"is_endless":false,"potions_floor_spawned":[6,7],"killed_by":"Lagavulin","ascension_level":18}