{"gold_per_floor":[117,135,135,135,135,169,187,187,187,21,21,38,54,71,71,167,167,185,199,45,63,63,63,74,74,74,91,117,117],"floor_reached":29,"playtime":1859,"items_purged":[],"score":296,"play_id":"e25d54f1-0177-44be-b4b5-536c8c3f4e3a","local_time":"20190807164003","is_ascension_mode":true,"campfire_choices":[{"floor":8,"key":"REST"},{"data":"Skewer","floor":11,"key":"SMITH"},{"floor":15,"key":"REST"},{"floor":23,"key":"REST"},{"floor":25,"key":"REST"}],"neow_cost":"NONE","seed_source_timestamp":928444434555000,"circlet_count":0,"master_deck":["Strike_G","Strike_G","Strike_G","Strike_G","Strike_G","Defend_G","Defend_G","Defend_G","Defend_G","Survivor","Neutralize+1","Backflip","Calculated Gamble","Acrobatics","Skewer+1","Sucker Punch","Endless Agony","Noxious Fumes","Flying Knee","Footwork","Backstab","Blur","After Image","Slice+1","Distraction+1","Backstab","Prepared"],"relics":["Ring of the Snake","Turnip","Gambling Chip","Black Star","Regal Pillow","Sundial","Shuriken","Darkstone Periapt","Tingsha"],"potions_floor_usage":[6,13,16,16,18,28],"damage_taken":[{"damage":3,"enemies":"Jaw Worm","floor":1,"turns":5},{"damage":2,"enemies":"2 Louse","floor":2,"turns":3},{"damage":44,"enemies":"Gremlin Nob","floor":6,"turns":7},{"damage":9,"enemies":"Small Slimes","floor":7,"turns":3},{"damage":3,"enemies":"Red Slaver","floor":12,"turns":3},{"damage":12,"enemies":"Gremlin Gang","floor":13,"turns":3},{"damage":6,"enemies":"Exordium Thugs","floor":14,"turns":3},{"damage":36,"enemies":"Hexaghost","floor":16,"turns":11},{"damage":13,"enemies":"2 Thieves","floor":18,"turns":5},{"damage":27,"enemies":"Shell Parasite","floor":19,"turns":7},{"damage":20,"enemies":"Snake Plant","floor":21,"turns":6},{"damage":42,"enemies":"Chosen and Byrds","floor":24,"turns":7},{"damage":20,"enemies":"Snecko","floor":27,"turns":6},{"damage":45,"enemies":"Book of Stabbing","floor":28,"turns":6},{"damage":6,"enemies":"Snake Plant","floor":29,"turns":1}],"seed_played":"-4514450867448803261","potions_obtained":[{"floor":2,"key":"EssenceOfSteel"},{"floor":12,"key":"Fire Potion"},{"floor":13,"key":"SteroidPotion"},{"floor":14,"key":"SkillPotion"},{"floor":16,"key":"Dexterity Potion"},{"floor":27,"key":"Regen Potion"}],"is_trial":false,"path_per_floor":["M","M","?","?","?","E","M","R","T","$","R","M","M","M","R","B",null,"M","M","$","M","T","R","M","R","T","M","E","M"],"character_chosen":"THE_SILENT","items_purchased":["Endless Agony","Noxious Fumes","Flying Knee","Regal Pillow"],"campfire_rested":4,"item_purchase_floors":[10,10,10,20],"current_hp_per_floor":[74,72,72,72,72,28,19,42,42,42,42,39,27,21,44,8,77,64,37,37,17,17,55,13,51,51,31,1,0],"gold":117,"neow_bonus":"TEN_PERCENT_HP_BONUS","is_prod":false,"is_daily":false,"chose_seed":false,"campfire_upgraded":1,"win_rate":0,"timestamp":1565221203,"path_taken":["M","M","?","?","?","E","M","R","T","$","R","M","?","?","R","BOSS","M","?","$","M","?","R","?","R","T","?","E","M"],"build_version":"2019-07-17","purchased_purges":0,"victory":false,"max_hp_per_floor":[77,77,77,77,77,77,77,77,77,77,77,77,77,77,77,77,77,77,77,77,77,77,77,77,77,77,77,77,77],"card_choices":[{"not_picked":["Dagger Spray","Cloak And Dagger"],"picked":"Backflip","floor":1},{"not_picked":["Outmaneuver","Dagger Spray"],"picked":"Calculated Gamble","floor":2},{"not_picked":["Masterful Stab","Choke"],"picked":"Skewer","floor":6},{"not_picked":["Skewer","Underhanded Strike"],"picked":"Sucker Punch","floor":7},{"not_picked":["Deadly Poison","Storm of Steel"],"picked":"Footwork","floor":12},{"not_picked":["Caltrops","PiercingWail"],"picked":"Backstab","floor":13},{"not_picked":["Riddle With Holes","Expertise"],"picked":"Blur","floor":14},{"not_picked":["Storm of Steel","Grand Finale"],"picked":"After Image","floor":16},{"not_picked":["Backflip+1","Dagger Spray"],"picked":"Slice+1","floor":18},{"not_picked":["Caltrops","Accuracy","Deflect"],"picked":"SKIP","floor":19},{"not_picked":["Slice","Acrobatics"],"picked":"Distraction+1","floor":21},{"not_picked":["Blade Dance","Setup"],"picked":"Backstab","floor":24},{"not_picked":["Bane","Underhanded Strike+1"],"picked":"Prepared","floor":27},{"not_picked":["PiercingWail","Eviscerate+1","Flechettes"],"picked":"SKIP","floor":28}],"player_experience":856397,"relics_obtained":[{"floor":6,"key":"Turnip"},{"floor":9,"key":"Gambling Chip"},{"floor":22,"key":"Sundial"},{"floor":26,"key":"Shuriken"},{"floor":28,"key":"Darkstone Periapt"},{"floor":28,"key":"Tingsha"}],"event_choices":[{"damage_healed":0,"gold_gain":0,"player_choice":"Ignored","damage_taken":0,"max_hp_gain":0,"max_hp_loss":0,"event_name":"Golden Wing","floor":3,"gold_loss":0},{"damage_healed":0,"gold_gain":0,"player_choice":"Grow","damage_taken":0,"max_hp_gain":0,"max_hp_loss":0,"event_name":"Living Wall","floor":4,"gold_loss":0,"cards_upgraded":["Neutralize"]},{"damage_healed":0,"gold_gain":0,"cards_transformed":["Defend_G"],"player_choice":"Transformed","damage_taken":0,"max_hp_gain":0,"max_hp_loss":0,"event_name":"Transmorgrifier","floor":5,"gold_loss":0,"cards_obtained":["Acrobatics"]}],"is_beta":false,"boss_relics":[{"not_picked":["Ectoplasm","Runic Dome"],"picked":"Black Star"}],"items_purged_floors":[],"is_endless":false,"potions_floor_spawned":[2,12,13,14,16,27],"killed_by":"Snake Plant","ascension_level":4}