{"gold_per_floor":[111,111,126,136,147,180,194,194,194,207,217,71,71,84,84,189,189,206,216,236,256,274,299,309,334,334,351,276,288,300,225,225,322,322,338,349,364,376,396,396,396,396,419,434,434,448,475,491,491,491],"floor_reached":50,"playtime":2872,"items_purged":["Writhe"],"score":605,"play_id":"6a06257c-3aa4-40f9-a384-be46f7b7fc1b","local_time":"20190803194533","is_ascension_mode":false,"campfire_choices":[{"data":"Perfected Strike","floor":8.0,"key":"SMITH"},{"data":"Defend_R","floor":13.0,"key":"SMITH"},{"data":"Flex","floor":15.0,"key":"SMITH"},{"data":"Shrug It Off","floor":32.0,"key":"SMITH"},{"floor":40.0,"key":"REST"},{"floor":42.0,"key":"REST"},{"floor":49.0,"key":"REST"}],"neow_cost":"NONE","seed_source_timestamp":0,"circlet_count":0,"master_deck":["Strike_R","Strike_R","Strike_R","Strike_R","Defend_R","Defend_R","Defend_R+1","Bash","Perfected Strike+1","Headbutt","Bash","Bludgeon","Twin Strike","Blood for Blood","Flex+1","Cleave","Headbutt","Battle Trance","Shrug It Off+1","Power Through+1","Headbutt+1","Pommel Strike+1","Shockwave+1","Impervious","Bloodletting","Infernal Blade+1","Entrench","Heavy Blade+1","Flex+1","Bandage Up","Shame","Shrug It Off","Armaments"],"special_seed":0,"relics":["Burning Blood","Anchor","Ornamental Fan","Lantern","Cursed Key","Orichalcum","Champion Belt","Gremlin Horn","Sozu","Regal Pillow","Juzu Bracelet"],"potions_floor_usage":[],"damage_taken":[{"damage":0.0,"enemies":"2 Louse","floor":1.0,"turns":3.0},{"damage":0.0,"enemies":"Cultist","floor":3.0,"turns":2.0},{"damage":11.0,"enemies":"Jaw Worm","floor":4.0,"turns":2.0},{"damage":0.0,"enemies":"3 Louse","floor":5.0,"turns":4.0},{"damage":30.0,"enemies":"Gremlin Nob","floor":6.0,"turns":5.0},{"damage":1.0,"enemies":"Large Slime","floor":7.0,"turns":5.0},{"damage":5.0,"enemies":"Gremlin Gang","floor":10.0,"turns":4.0},{"damage":2.0,"enemies":"Exordium Thugs","floor":11.0,"turns":3.0},{"damage":0.0,"enemies":"Exordium Wildlife","floor":14.0,"turns":2.0},{"damage":0.0,"enemies":"Slime Boss","floor":16.0,"turns":7.0},{"damage":0.0,"enemies":"Spheric Guardian","floor":18.0,"turns":1.0},{"damage":0.0,"enemies":"Chosen","floor":19.0,"turns":3.0},{"damage":11.0,"enemies":"Snecko","floor":20.0,"turns":4.0},{"damage":7.0,"enemies":"3 Cultists","floor":21.0,"turns":3.0},{"damage":2.0,"enemies":"Centurion and Healer","floor":22.0,"turns":4.0},{"damage":0.0,"enemies":"Gremlin Leader","floor":23.0,"turns":4.0},{"damage":2.0,"enemies":"Snake Plant","floor":24.0,"turns":2.0},{"damage":9.0,"enemies":"Book of Stabbing","floor":25.0,"turns":5.0},{"damage":2.0,"enemies":"Shelled Parasite and Fungi","floor":27.0,"turns":4.0},{"damage":18.0,"enemies":"Snecko","floor":29.0,"turns":4.0},{"damage":0.0,"enemies":"Centurion and Healer","floor":30.0,"turns":3.0},{"damage":49.0,"enemies":"Collector","floor":33.0,"turns":9.0},{"damage":18.0,"enemies":"3 Darklings","floor":35.0,"turns":5.0},{"damage":13.0,"enemies":"3 Shapes","floor":36.0,"turns":3.0},{"damage":35.0,"enemies":"Maw","floor":37.0,"turns":8.0},{"damage":14.0,"enemies":"Sphere and 2 Shapes","floor":38.0,"turns":4.0},{"damage":3.0,"enemies":"4 Shapes","floor":39.0,"turns":2.0},{"damage":25.0,"enemies":"Spire Growth","floor":44.0,"turns":4.0},{"damage":29.0,"enemies":"Transient","floor":46.0,"turns":5.0},{"damage":43.0,"enemies":"Nemesis","floor":47.0,"turns":7.0},{"damage":11.0,"enemies":"4 Shapes","floor":48.0,"turns":3.0},{"damage":57,"enemies":"Time Eater","floor":50,"turns":5}],"seed_played":"3602634594588976549","potions_obtained":[{"floor":3.0,"key":"Weak Potion"},{"floor":5.0,"key":"PowerPotion"},{"floor":6.0,"key":"PowerPotion"},{"floor":11.0,"key":"Fire Potion"},{"floor":27.0,"key":"Strength Potion"}],"is_trial":false,"path_per_floor":["M","?","M","M","M","E","M","R","T","M","M","$","R","M","R","B",null,"M","M","M","M","M","E","M","E","T","M","$","M","M","?","R","B",null,"M","M","M","M","M","R","?","R","T","M","?","M","E","M","R","B"],"character_chosen":"IRONCLAD","items_purchased":["Lantern"],"campfire_rested":3,"item_purchase_floors":[12],"current_hp_per_floor":[80,80,80,75,80,56,61,61,61,62,66,66,66,72,72,78,80,80,80,75,74,78,80,80,77,77,80,80,68,74,74,74,31,80,68,61,32,24,27,51,51,75,75,60,60,41,8,7,46,0],"gold":491,"neow_bonus":"THREE_CARDS","is_prod":false,"is_daily":false,"chose_seed":false,"campfire_upgraded":4,"win_rate":0,"timestamp":1564832733,"path_taken":["M","?","M","M","M","E","M","R","T","?","M","?","R","M","R","BOSS","M","M","M","M","M","E","M","E","T","M","$","M","M","?","R","BOSS","M","M","M","M","M","R","?","R","T","M","?","M","E","M","R","BOSS"],"build_version":"2019-07-17","purchased_purges":1,"victory":false,"max_hp_per_floor":[80,80,80,80,80,80,80,80,80,80,80,80,80,80,80,80,80,80,80,80,80,80,80,80,80,80,80,80,80,80,80,80,80,80,80,80,80,80,80,80,80,80,80,80,80,80,80,80,80,80],"card_choices":[{"not_picked":["Body Slam","Intimidate"],"picked":"Perfected Strike","floor":0.0},{"not_picked":["Clothesline","Heavy Blade"],"picked":"Headbutt","floor":1.0},{"not_picked":["Perfected Strike","Pummel"],"picked":"Twin Strike","floor":3.0},{"not_picked":["Clothesline","Seeing Red"],"picked":"Blood for Blood","floor":4.0},{"not_picked":["Wild Strike","Feel No Pain","Whirlwind"],"picked":"SKIP","floor":5.0},{"not_picked":["Combust","Double Tap"],"picked":"Flex","floor":6.0},{"not_picked":["Thunderclap","Perfected Strike"],"picked":"Cleave","floor":7.0},{"not_picked":["Clothesline","Iron Wave"],"picked":"Headbutt","floor":10.0},{"not_picked":["Combust","Iron Wave"],"picked":"Battle Trance","floor":11.0},{"not_picked":["Perfected Strike","Anger"],"picked":"Shrug It Off","floor":14.0},{"not_picked":["Feel No Pain+1","Rampage"],"picked":"Power Through+1","floor":18.0},{"not_picked":["Iron Wave","Warcry"],"picked":"Headbutt+1","floor":19.0},{"not_picked":["Sword Boomerang","Dual Wield","Cleave"],"picked":"SKIP","floor":20.0},{"not_picked":["Flame Barrier","Body Slam"],"picked":"Pommel Strike+1","floor":21.0},{"not_picked":["Reckless Charge","Headbutt"],"picked":"Shockwave+1","floor":22.0},{"not_picked":["Pommel Strike","Iron Wave"],"picked":"Impervious","floor":23.0},{"not_picked":["Spot Weakness+1","Thunderclap","Twin Strike+1"],"picked":"SKIP","floor":24.0},{"not_picked":["Entrench","Whirlwind","Battle Trance"],"picked":"SKIP","floor":25.0},{"not_picked":["Battle Trance+1","Burning Pact+1"],"picked":"Bloodletting","floor":27.0},{"not_picked":["Warcry","Perfected Strike","Flex"],"picked":"SKIP","floor":29.0},{"not_picked":["True Grit","Combust"],"picked":"Infernal Blade+1","floor":30.0},{"not_picked":["Second Wind","Headbutt"],"picked":"Entrench","floor":35.0},{"not_picked":["Combust","Rupture"],"picked":"Heavy Blade+1","floor":36.0},{"not_picked":["Anger+1","Sever Soul"],"picked":"Flex+1","floor":37.0},{"not_picked":["Perfected Strike+1","Power Through","Cleave"],"picked":"SKIP","floor":38.0},{"not_picked":["Blood for Blood+1","Wild Strike+1","Headbutt+1"],"picked":"SKIP","floor":39.0},{"not_picked":["Forethought","Magnetism"],"picked":"Bandage Up","floor":41.0},{"not_picked":["Dual Wield","Perfected Strike+1"],"picked":"Shrug It Off","floor":44.0},{"not_picked":["Anger+1","Seeing Red+1"],"picked":"Armaments","floor":46.0},{"not_picked":["Sword Boomerang+1","Flex","Pommel Strike"],"picked":"SKIP","floor":47.0},{"not_picked":["Thunderclap+1","Wild Strike","Twin Strike+1"],"picked":"SKIP","floor":48.0}],"player_experience":68212,"relics_obtained":[{"floor":6.0,"key":"Anchor"},{"floor":9.0,"key":"Ornamental Fan"},{"floor":23.0,"key":"Orichalcum"},{"floor":25.0,"key":"Champion Belt"},{"floor":26.0,"key":"Gremlin Horn"},{"floor":43.0,"key":"Regal Pillow"},{"floor":47.0,"key":"Juzu Bracelet"}],"event_choices":[{"damage_healed":0.0,"max_hp_gain":0.0,"max_hp_loss":0.0,"gold_gain":0.0,"event_name":"Match and Keep!","player_choice":"2 cards matched","floor":2.0,"gold_loss":0.0,"damage_taken":0.0,"cards_obtained":["Bash","Bludgeon"]},{"cards_removed":["Strike_R"],"damage_healed":0.0,"max_hp_gain":0.0,"max_hp_loss":0.0,"gold_gain":0.0,"event_name":"Beggar","player_choice":"Gave Gold","floor":31.0,"gold_loss":75.0,"damage_taken":0.0},{"damage_healed":0.0,"max_hp_gain":0.0,"max_hp_loss":0.0,"gold_gain":0.0,"event_name":"SensoryStone","player_choice":"Memory 1","floor":41.0,"gold_loss":0.0,"damage_taken":0.0},{"cards_removed":["Defend_R"],"damage_healed":0.0,"max_hp_gain":0.0,"max_hp_loss":0.0,"gold_gain":0.0,"event_name":"Falling","player_choice":"Removed Skill","floor":45.0,"gold_loss":0.0,"damage_taken":0.0}],"is_beta":false,"boss_relics":[{"not_picked":["Eternal Feather","Black Blood"],"picked":"Cursed Key"},{"not_picked":["Mark of Pain","Lizard Tail"],"picked":"Sozu"}],"items_purged_floors":[28],"is_endless":false,"potions_floor_spawned":[3,5,6,11,16,19,20,23,27,35,36,46,48],"killed_by":"Time Eater","ascension_level":0}