{"gold_per_floor":[113,127,143,418,55,85,100,100,100,100,110,127,154,169,169,273,273,288,308,308,322,342,342,371,371,371,371,371,403,403,429,429,528,528,540,329,329,329,377,404,404,404,404,420,449,449,483,496,496,496,496,496,85,114,114],"floor_reached":56,"playtime":4249,"items_purged":["Regret","Strike_B","Strike_B"],"score":1669,"play_id":"6a155534-4ee4-4f6c-8720-bcf22164de8a","local_time":"20190727224458","is_ascension_mode":true,"campfire_choices":[{"data":"Hologram","floor":8.0,"key":"SMITH"},{"floor":10.0,"key":"REST"},{"data":"Glacier","floor":15.0,"key":"SMITH"},{"data":"Dualcast","floor":23.0,"key":"SMITH"},{"data":"Electrodynamics","floor":25.0,"key":"SMITH"},{"data":"Lockon","floor":27.0,"key":"SMITH"},{"data":"Seek","floor":30.0,"key":"SMITH"},{"data":"Conserve Battery","floor":32.0,"key":"SMITH"},{"data":"Rainbow","floor":41.0,"key":"SMITH"},{"floor":46.0,"key":"RECALL"},{"data":"Conserve Battery","floor":49.0,"key":"SMITH"},{"data":"Finesse","floor":52,"key":"SMITH"}],"neow_cost":"NONE","seed_source_timestamp":0,"circlet_count":0,"master_deck":["Strike_B","Strike_B","Defend_B","Defend_B","Defend_B","Defend_B","Zap+1","Dualcast+1","Genetic Algorithm","Undo","Glacier+1","Electrodynamics+1","Lockon+1","Blizzard","Hologram+1","Biased Cognition+1","Compile Driver","Conserve Battery+1","Conserve Battery+1","Seek+1","Loop+1","Stack+1","Reinforced Body+1","Defragment+1","Defragment+1","Self Repair+1","Rainbow+1","Ball Lightning+1","Defragment+1","Conserve Battery+1","Finesse+1","Cold Snap+1","Force Field","Double Energy","Heatsinks+1","Finesse"],"special_seed":0,"relics":["Cracked Core","Membership Card","Pear","Frozen Egg 2","Cables","Coffee Dripper","Ice Cream","Matryoshka","Molten Egg 2","Centennial Puzzle","Sozu","Bottled Flame","Du-Vu Doll","Mummified Hand","Pen Nib","Pantograph","Potion Belt","DataDisk","Symbiotic Virus","Strange Spoon","Orichalcum"],"potions_floor_usage":[55],"damage_taken":[{"damage":3.0,"enemies":"Jaw Worm","floor":1.0,"turns":4.0},{"damage":0.0,"enemies":"Cultist","floor":2.0,"turns":3.0},{"damage":2.0,"enemies":"Small Slimes","floor":3.0,"turns":3.0},{"damage":36.0,"enemies":"Gremlin Nob","floor":6.0,"turns":4.0},{"damage":7.0,"enemies":"Exordium Thugs","floor":7.0,"turns":7.0},{"damage":1.0,"enemies":"2 Fungi Beasts","floor":11.0,"turns":3.0},{"damage":0.0,"enemies":"Large Slime","floor":12.0,"turns":2.0},{"damage":17.0,"enemies":"3 Sentries","floor":13.0,"turns":3.0},{"damage":3.0,"enemies":"Blue Slaver","floor":14.0,"turns":2.0},{"damage":0.0,"enemies":"Slime Boss","floor":16.0,"turns":5.0},{"damage":0.0,"enemies":"Spheric Guardian","floor":18.0,"turns":4.0},{"damage":7.0,"enemies":"Chosen","floor":19.0,"turns":3.0},{"damage":0.0,"enemies":"Snake Plant","floor":21.0,"turns":3.0},{"damage":13.0,"enemies":"Centurion and Healer","floor":22.0,"turns":7.0},{"damage":17.0,"enemies":"Slavers","floor":24.0,"turns":7.0},{"damage":8.0,"enemies":"Book of Stabbing","floor":29.0,"turns":6.0},{"damage":29.0,"enemies":"Slavers","floor":31.0,"turns":2.0},{"damage":18.0,"enemies":"Champ","floor":33.0,"turns":9.0},{"damage":0.0,"enemies":"3 Shapes","floor":35.0,"turns":3.0},{"damage":23.0,"enemies":"2 Orb Walkers","floor":39.0,"turns":4.0},{"damage":22.0,"enemies":"Nemesis","floor":40.0,"turns":5.0},{"damage":2.0,"enemies":"Orb Walker","floor":44.0,"turns":4.0},{"damage":16.0,"enemies":"Reptomancer","floor":45.0,"turns":4.0},{"damage":0.0,"enemies":"Nemesis","floor":47.0,"turns":5.0},{"damage":0.0,"enemies":"4 Shapes","floor":48.0,"turns":3.0},{"damage":37,"enemies":"Awakened One","floor":50,"turns":19},{"damage":7,"enemies":"Shield and Spear","floor":54,"turns":6},{"damage":69,"enemies":"The Heart","floor":55,"turns":8}],"seed_played":"9142251777835014843","potions_obtained":[{"floor":1.0,"key":"Fire Potion"},{"floor":6.0,"key":"SkillPotion"},{"floor":7.0,"key":"FearPotion"},{"floor":13.0,"key":"SteroidPotion"},{"floor":16.0,"key":"Energy Potion"},{"floor":29.0,"key":"Regen Potion"},{"floor":31.0,"key":"Poison Potion"},{"floor":33.0,"key":"SmokeBomb"}],"is_trial":false,"path_per_floor":["M","M","M","?","$","E","M","R","T","R","M","M","E","M","R","B",null,"M","M","?","M","M","R","E","R","T","R","?","E","R","E","R","B",null,"M","$","?","?","?","E","R","?","T","M","E","R","E","M","R","B",null,"R","$","E","B",null],"character_chosen":"DEFECT","items_purchased":["Membership Card","Electrodynamics","Lockon","Defragment+1","Bottled Flame","DataDisk","Finesse","Symbiotic Virus","Strange Spoon"],"campfire_rested":1,"item_purchase_floors":[5,5,5,36,36,53,53,53,53],"current_hp_per_floor":[65,65,63,63,63,37,30,30,30,55,54,54,37,34,34,34,72,72,65,65,75,72,72,65,65,65,65,65,67,67,48,48,65,80,85,85,85,85,72,60,60,60,60,58,52,52,62,62,62,58,78,78,78,81,26],"gold":114,"neow_bonus":"UPGRADE_CARD","is_prod":false,"is_daily":false,"chose_seed":false,"campfire_upgraded":10,"win_rate":0,"timestamp":1564281898,"path_taken":["M","M","M","?","$","E","M","R","T","R","M","M","E","M","R","BOSS","M","M","?","M","M","R","E","R","T","R","?","E","R","E","R","BOSS","M","$","?","?","?","E","R","?","T","M","E","R","E","?","R","BOSS","R","$","E","BOSS"],"build_version":"2019-07-17","purchased_purges":3,"victory":true,"max_hp_per_floor":[75,75,75,75,75,85,85,85,85,85,85,85,85,85,85,85,85,85,85,85,85,85,85,85,85,85,85,85,85,85,85,85,85,85,85,85,85,85,85,85,85,85,85,85,85,85,85,85,85,85,85,85,85,85,85],"card_choices":[{"not_picked":["Doom and Gloom","Conserve Battery"],"picked":"Genetic Algorithm","floor":1.0},{"not_picked":["Redo","Hologram"],"picked":"Undo","floor":2.0},{"not_picked":["Hologram","Streamline"],"picked":"Glacier","floor":3.0},{"not_picked":["Chill","Barrage"],"picked":"Blizzard","floor":6.0},{"not_picked":["Stack","Steam"],"picked":"Hologram","floor":7.0},{"not_picked":["Stack","Sunder"],"picked":"Biased Cognition+1","floor":11.0},{"not_picked":["Stack","Sweeping Beam"],"picked":"Compile Driver","floor":12.0},{"not_picked":["Ball Lightning","Cold Snap"],"picked":"Conserve Battery","floor":13.0},{"not_picked":["Ball Lightning","Rebound"],"picked":"Conserve Battery","floor":14.0},{"not_picked":["Meteor Strike","Biased Cognition+1"],"picked":"Seek","floor":16.0},{"not_picked":["Streamline+1","Steam Power"],"picked":"Loop+1","floor":18.0},{"not_picked":["Barrage","Recycle"],"picked":"Self Repair+1","floor":19.0},{"not_picked":["Hologram","Lockon"],"picked":"Stack+1","floor":21.0},{"not_picked":["Steam Power","Ball Lightning"],"picked":"Reinforced Body+1","floor":22.0},{"not_picked":["Hello World+1","Undo"],"picked":"Defragment+1","floor":24.0},{"not_picked":["Stack","Steam+1"],"picked":"Defragment+1","floor":29.0},{"not_picked":["Seek","Sweeping Beam+1"],"picked":"Self Repair+1","floor":31.0},{"not_picked":["Fission","Creative AI+1"],"picked":"Rainbow","floor":33.0},{"not_picked":["Streamline+1","Steam"],"picked":"Ball Lightning+1","floor":35.0},{"not_picked":["Stack+1","Streamline+1"],"picked":"Conserve Battery+1","floor":39.0},{"not_picked":["All For One+1","Streamline+1","Stack+1"],"picked":"SKIP","floor":40.0},{"not_picked":["Jack Of All Trades","Bandage Up"],"picked":"Finesse","floor":42.0},{"not_picked":["Leap+1","Aggregate"],"picked":"Cold Snap+1","floor":44.0},{"not_picked":["Doom and Gloom+1","Gash+1"],"picked":"Force Field","floor":45.0},{"not_picked":["Aggregate","FTL+1"],"picked":"Double Energy","floor":47.0},{"not_picked":["Go for the Eyes+1","Darkness"],"picked":"Heatsinks+1","floor":48.0},{"not_picked":["Reinforced Body+1","Redo","Barrage+1"],"picked":"SKIP","floor":54}],"player_experience":436635,"relics_obtained":[{"floor":6.0,"key":"Pear"},{"floor":9.0,"key":"Frozen Egg 2"},{"floor":13.0,"key":"Cables"},{"floor":24.0,"key":"Ice Cream"},{"floor":26.0,"key":"Matryoshka"},{"floor":29.0,"key":"Molten Egg 2"},{"floor":31.0,"key":"Centennial Puzzle"},{"floor":39.0,"key":"Du-Vu Doll"},{"floor":40.0,"key":"Mummified Hand"},{"floor":43.0,"key":"Pen Nib"},{"floor":45.0,"key":"Pantograph"},{"floor":47.0,"key":"Potion Belt"},{"floor":54,"key":"Orichalcum"}],"event_choices":[{"damage_healed":0.0,"max_hp_gain":0.0,"max_hp_loss":0.0,"gold_gain":275.0,"event_name":"Golden Shrine","player_choice":"Desecrate","floor":4.0,"gold_loss":0.0,"damage_taken":0.0,"cards_obtained":["Regret"]},{"damage_healed":0.0,"max_hp_gain":0.0,"max_hp_loss":0.0,"gold_gain":0.0,"event_name":"Vampires","player_choice":"Ignored","floor":20.0,"gold_loss":0.0,"damage_taken":0.0},{"damage_healed":0.0,"max_hp_gain":0.0,"max_hp_loss":0.0,"gold_gain":0.0,"event_name":"N\u0027loth","player_choice":"Ignored","floor":28.0,"gold_loss":0.0,"damage_taken":0.0},{"cards_removed":["Self Repair"],"damage_healed":0.0,"max_hp_gain":0.0,"max_hp_loss":0.0,"gold_gain":0.0,"event_name":"Falling","player_choice":"Removed Power","floor":37.0,"gold_loss":0.0,"damage_taken":0.0},{"damage_healed":0.0,"max_hp_gain":0.0,"max_hp_loss":0.0,"gold_gain":0.0,"event_name":"Tomb of Lord Red Mask","player_choice":"Ignored","floor":38.0,"gold_loss":0.0,"damage_taken":0.0},{"damage_healed":0.0,"max_hp_gain":0.0,"max_hp_loss":0.0,"gold_gain":0.0,"event_name":"Mysterious Sphere","player_choice":"Fight","floor":39.0,"gold_loss":0.0,"damage_taken":0.0},{"damage_healed":0.0,"max_hp_gain":0.0,"max_hp_loss":0.0,"gold_gain":0.0,"event_name":"SensoryStone","player_choice":"Memory 1","floor":42.0,"gold_loss":0.0,"damage_taken":0.0}],"is_beta":false,"boss_relics":[{"not_picked":["Busted Crown","White Beast Statue"],"picked":"Coffee Dripper"},{"not_picked":["Pandora\u0027s Box","Empty Cage"],"picked":"Sozu"}],"items_purged_floors":[5,36,53],"is_endless":false,"potions_floor_spawned":[1,6,7,13,16,21,29,31,33,39,40],"ascension_level":6}