{"gold_per_floor":[118,138,183,9,28,63,63,63,63,63,81,107,122,133,133,233,233,251,251,251,266,15,41,41,5,30,30,30,45,45,45,45,140,140,159,4,104,122,122,122,140,140,163,178,213,213,229,245,245,245],"floor_reached":51,"playtime":8506,"items_purged":["Sever Soul"],"score":705,"play_id":"a9e9c6b1-0970-4708-922b-46904c6fc785","local_time":"20190226000058","is_ascension_mode":false,"campfire_choices":[{"data":"Rampage","floor":7.0,"key":"SMITH"},{"floor":15.0,"key":"REST"},{"data":"Demon Form","floor":24.0,"key":"SMITH"},{"floor":28.0,"key":"REST"},{"data":"Rampage","floor":30.0,"key":"SMITH"},{"data":"Infernal Blade","floor":32.0,"key":"SMITH"},{"data":"Shockwave","floor":40,"key":"SMITH"},{"floor":42,"key":"REST"},{"floor":49,"key":"REST"}],"neow_cost":"NONE","seed_source_timestamp":0,"circlet_count":0,"master_deck":["Strike_R","Strike_R","Strike_R","Defend_R","Defend_R","Defend_R","Defend_R","Bash","Inflame","Rampage+1","Burning Pact","Feel No Pain","Spot Weakness","Reckless Charge","Demon Form+1","Reckless Charge","Infernal Blade+1","Rampage+1","Immolate","Armaments+1","Uppercut+1","Transmutation+1","Shockwave+1","Evolve","Shrug It Off","Blind","Exhume","Power Through+1","Rage","Heavy Blade+1"],"special_seed":0,"relics":["Burning Blood","Vajra","Pear","Juzu Bracelet","Omamori","Velvet Choker","MutagenicStrength","Bag of Preparation","Bag of Marbles","Runic Pyramid","StoneCalendar","Potion Belt","Gremlin Horn"],"potions_floor_usage":[37,38,48,50],"damage_taken":[{"damage":5.0,"enemies":"Cultist","floor":1.0,"turns":4.0},{"damage":5.0,"enemies":"Small Slimes","floor":2.0,"turns":3.0},{"damage":6.0,"enemies":"2 Louse","floor":5.0,"turns":3.0},{"damage":36.0,"enemies":"Lagavulin","floor":6.0,"turns":5.0},{"damage":8.0,"enemies":"Gremlin Gang","floor":11.0,"turns":5.0},{"damage":37.0,"enemies":"3 Sentries","floor":12.0,"turns":7.0},{"damage":22.0,"enemies":"Looter","floor":13.0,"turns":4.0},{"damage":15.0,"enemies":"Exordium Thugs","floor":14.0,"turns":3.0},{"damage":58.0,"enemies":"The Guardian","floor":16.0,"turns":8.0},{"damage":24.0,"enemies":"Spheric Guardian","floor":18.0,"turns":4.0},{"damage":5.0,"enemies":"Chosen","floor":21.0,"turns":4.0},{"damage":11.0,"enemies":"Gremlin Leader","floor":23.0,"turns":7.0},{"damage":1.0,"enemies":"Centurion and Healer","floor":29.0,"turns":4.0},{"damage":47,"enemies":"Automaton","floor":33,"turns":11},{"damage":10,"enemies":"Orb Walker","floor":35,"turns":2},{"damage":13,"enemies":"Mind Bloom Boss Battle","floor":37,"turns":4},{"damage":0,"enemies":"3 Darklings","floor":38,"turns":1},{"damage":45,"enemies":"Jaw Worm Horde","floor":41,"turns":6},{"damage":10,"enemies":"Transient","floor":44,"turns":5},{"damage":41,"enemies":"Reptomancer","floor":45,"turns":7},{"damage":0,"enemies":"3 Darklings","floor":47,"turns":1},{"damage":12,"enemies":"Maw","floor":48,"turns":6},{"damage":75,"enemies":"Awakened One","floor":50,"turns":9}],"seed_played":"-6456908897682190145","potions_obtained":[{"floor":5.0,"key":"Energy Potion"},{"floor":6.0,"key":"Poison Potion"},{"floor":11.0,"key":"BloodPotion"},{"floor":12.0,"key":"FairyPotion"},{"floor":18.0,"key":"PowerPotion"},{"floor":21.0,"key":"EssenceOfSteel"},{"floor":33,"key":"EssenceOfSteel"},{"floor":35,"key":"AttackPotion"},{"floor":41,"key":"Dexterity Potion"},{"floor":47,"key":"Regen Potion"}],"is_trial":false,"path_per_floor":["M","M","T","$","M","E","R","?","T","?","M","E","M","M","R","B",null,"M","?","?","M","$","E","R","$","T","?","R","M","R","?","R","B",null,"M","$","?","M","?","R","M","R","T","M","E","?","M","M","R","B",null],"character_chosen":"IRONCLAD","items_purchased":["Rampage","Burning Pact","Feel No Pain","Transmutation","Shockwave","Evolve","Rage"],"campfire_rested":4,"item_purchase_floors":[4,4,4,22,22,25,36],"current_hp_per_floor":[88,88,88,88,88,68,68,68,68,92,90,59,43,34,63,20,98,80,80,80,81,81,76,76,76,76,76,95,95,95,77,77,36,95,91,91,84,90,90,90,51,79,79,75,40,40,46,52,80,11],"gold":245,"neow_bonus":"TEN_PERCENT_HP_BONUS","is_prod":false,"is_daily":false,"chose_seed":false,"campfire_upgraded":5,"win_rate":0.0,"timestamp":1551164458,"path_taken":["M","M","?","$","M","E","R","?","T","?","M","E","M","M","R","BOSS","M","?","?","M","$","E","R","$","T","?","R","M","R","?","R","BOSS","M","$","?","M","?","R","M","R","T","M","E","?","M","M","R","BOSS"],"build_version":"2019-01-23","purchased_purges":1,"victory":true,"max_hp_per_floor":[88,88,88,88,88,98,98,98,98,98,98,98,98,98,98,98,98,98,95,95,95,95,95,95,95,95,95,95,95,95,95,95,95,95,95,95,95,95,95,95,95,95,95,95,95,95,95,95,95,95],"card_choices":[{"not_picked":["Havoc","Iron Wave","Clothesline"],"picked":"SKIP","floor":1.0},{"not_picked":["Shrug It Off","Rupture"],"picked":"Inflame","floor":2.0},{"not_picked":["Burning Pact","Hemokinesis"],"picked":"Spot Weakness","floor":5.0},{"not_picked":["Thunderclap","Feel No Pain"],"picked":"Reckless Charge","floor":6.0},{"not_picked":["Anger","Flex","Havoc"],"picked":"SKIP","floor":11.0},{"not_picked":["Fire Breathing","Iron Wave"],"picked":"Reckless Charge","floor":12.0},{"not_picked":["Havoc","Flame Barrier"],"picked":"Infernal Blade","floor":13.0},{"not_picked":["Searing Blow","Flex"],"picked":"Rampage","floor":14.0},{"not_picked":["Offering","Limit Break"],"picked":"Immolate","floor":16.0},{"not_picked":["Wild Strike","True Grit"],"picked":"Armaments+1","floor":18.0},{"not_picked":["Headbutt+1","Cleave"],"picked":"Uppercut+1","floor":21.0},{"not_picked":["Shrug It Off+1","Thunderclap+1"],"picked":"Sever Soul","floor":23.0},{"not_picked":["Feel No Pain+1","Burning Pact","Sword Boomerang"],"picked":"SKIP","floor":29.0},{"not_picked":["Dark Embrace","Brutality"],"picked":"Exhume","floor":33},{"not_picked":["Pummel","Infernal Blade+1"],"picked":"Power Through+1","floor":35},{"not_picked":["Iron Wave","True Grit+1","Shrug It Off"],"picked":"SKIP","floor":38},{"not_picked":["Iron Wave","Heavy Blade","Shockwave+1"],"picked":"SKIP","floor":41},{"not_picked":["Flex","Headbutt"],"picked":"Heavy Blade+1","floor":44},{"not_picked":["Disarm","Power Through","Evolve"],"picked":"SKIP","floor":45},{"not_picked":["Anger+1","Flex","Rage+1"],"picked":"SKIP","floor":47},{"not_picked":["Heavy Blade+1","Power Through+1","Exhume"],"picked":"SKIP","floor":48}],"player_experience":93288,"relics_obtained":[{"floor":3.0,"key":"Vajra"},{"floor":6.0,"key":"Pear"},{"floor":9.0,"key":"Juzu Bracelet"},{"floor":12.0,"key":"Omamori"},{"floor":23.0,"key":"Bag of Preparation"},{"floor":26.0,"key":"Bag of Marbles"},{"floor":37,"key":"StoneCalendar"},{"floor":43,"key":"Potion Belt"},{"floor":45,"key":"Gremlin Horn"}],"event_choices":[{"damage_healed":0.0,"max_hp_gain":0.0,"max_hp_loss":0.0,"gold_gain":0.0,"cards_transformed":["Strike_R"],"event_name":"Transmorgrifier","player_choice":"Transformed","floor":8.0,"gold_loss":0.0,"damage_taken":0.0,"cards_obtained":["Demon Form"]},{"damage_healed":24.0,"max_hp_gain":0.0,"max_hp_loss":0.0,"gold_gain":0.0,"event_name":"Mushrooms","player_choice":"Healed and dodged fight","floor":10.0,"gold_loss":0.0,"damage_taken":0.0,"cards_obtained":["Parasite"]},{"cards_removed":["Parasite"],"damage_healed":0.0,"max_hp_gain":0.0,"max_hp_loss":0.0,"gold_gain":0.0,"event_name":"Fountain of Cleansing","player_choice":"Removed Curses","floor":19.0,"gold_loss":0.0,"damage_taken":0.0},{"damage_healed":0.0,"max_hp_gain":0.0,"max_hp_loss":0.0,"gold_gain":0.0,"event_name":"Drug Dealer","player_choice":"Inject Mutagens","floor":20.0,"gold_loss":0.0,"damage_taken":0.0,"relics_obtained":["MutagenicStrength"]},{"damage_healed":0.0,"max_hp_gain":0.0,"max_hp_loss":0.0,"gold_gain":0.0,"cards_transformed":["Strike_R"],"event_name":"Transmorgrifier","player_choice":"Transformed","floor":27.0,"gold_loss":0.0,"damage_taken":0.0,"cards_obtained":["Shrug It Off"]},{"damage_healed":0.0,"max_hp_gain":0.0,"max_hp_loss":0.0,"gold_gain":0.0,"event_name":"Knowing Skull","player_choice":"CARD ","floor":31.0,"potions_obtained":[],"gold_loss":0.0,"damage_taken":18.0,"cards_obtained":["Blind"]},{"damage_healed":0,"gold_gain":0,"player_choice":"Fight","damage_taken":0,"max_hp_gain":0,"max_hp_loss":0,"event_name":"MindBloom","floor":37,"gold_loss":0},{"damage_healed":0,"gold_gain":0,"player_choice":"Upgraded","damage_taken":0,"max_hp_gain":0,"max_hp_loss":0,"event_name":"Upgrade Shrine","floor":39,"gold_loss":0,"cards_upgraded":["Transmutation"]},{"damage_healed":0,"gold_gain":0,"player_choice":"Ignored","damage_taken":0,"max_hp_gain":0,"max_hp_loss":0,"event_name":"The Moai Head","floor":46,"gold_loss":0}],"is_beta":false,"boss_relics":[{"not_picked":["Tiny House","Ectoplasm"],"picked":"Velvet Choker"},{"not_picked":["Astrolabe","Fusion Hammer"],"picked":"Runic Pyramid"}],"items_purged_floors":[36],"is_endless":false,"potions_floor_spawned":[5,6,11,12,18,21,33,35,41,47],"ascension_level":0}