{"gold_per_floor":[115,135,146,3,103,134,146,157,157,157,170,190,223,240,240,318,318,303,323,323],"floor_reached":20,"playtime":1460,"items_purged":["Strike_R"],"score":339,"play_id":"0b81d7ff-264a-4d48-9f38-45a66a3c6162","local_time":"20190622182712","is_ascension_mode":true,"campfire_choices":[{"data":"Bludgeon","floor":10,"key":"SMITH"},{"data":"True Grit","floor":15,"key":"SMITH"}],"neow_cost":"NONE","seed_source_timestamp":121516565560690,"circlet_count":0,"master_deck":["AscendersBane","Strike_R","Strike_R","Strike_R","Strike_R","Defend_R","Defend_R","Defend_R","Defend_R","Bash","Bludgeon+1","Flame Barrier","Wild Strike","Perfected Strike","Inflame","Feed","Fire Breathing","Rage","True Grit+1","Metallicize","Fire Breathing","Dark Embrace","Havoc+1","Flex"],"relics":["Burning Blood","Anchor","Bottled Flame","Bag of Preparation","Runic Pyramid"],"potions_floor_usage":[8,13,13,16],"damage_taken":[{"damage":4,"enemies":"Small Slimes","floor":1,"turns":3},{"damage":0,"enemies":"Cultist","floor":2,"turns":3},{"damage":12,"enemies":"Jaw Worm","floor":3,"turns":3},{"damage":25,"enemies":"3 Sentries","floor":6,"turns":9},{"damage":5,"enemies":"Gremlin Gang","floor":7,"turns":5},{"damage":0,"enemies":"Looter","floor":8,"turns":2},{"damage":0,"enemies":"Blue Slaver","floor":11,"turns":2},{"damage":11,"enemies":"Gremlin Gang","floor":12,"turns":6},{"damage":32,"enemies":"Lagavulin","floor":13,"turns":6},{"damage":8,"enemies":"Lots of Slimes","floor":14,"turns":5},{"damage":31,"enemies":"The Guardian","floor":16,"turns":14},{"damage":42,"enemies":"2 Thieves","floor":18,"turns":4},{"damage":17,"enemies":"Shell Parasite","floor":19,"turns":8},{"damage":50,"enemies":"3 Cultists","floor":20,"turns":6}],"seed_played":"-7723724962933727887","potions_obtained":[{"floor":1,"key":"EssenceOfSteel"},{"floor":7,"key":"SkillPotion"},{"floor":11,"key":"Poison Potion"},{"floor":13,"key":"Poison Potion"}],"is_trial":false,"path_per_floor":["M","M","M","$","?","E","M","M","T","R","M","M","E","M","R","B",null,"M","M","M"],"character_chosen":"IRONCLAD","items_purchased":["Inflame"],"campfire_rested":0,"item_purchase_floors":[4],"current_hp_per_floor":[74,80,74,74,74,55,59,68,68,68,77,75,52,53,53,28,81,48,40,0],"gold":323,"neow_bonus":"ONE_RANDOM_RARE_CARD","is_prod":false,"is_daily":false,"chose_seed":false,"campfire_upgraded":2,"win_rate":0,"timestamp":1561242432,"path_taken":["M","M","M","$","?","E","M","M","T","R","M","M","E","M","R","BOSS","M","M","?"],"build_version":"2019-01-23","purchased_purges":1,"victory":false,"max_hp_per_floor":[80,80,80,80,80,80,83,86,86,86,89,92,95,98,98,98,98,101,104,107],"card_choices":[{"not_picked":["Clothesline","Pommel Strike"],"picked":"Flame Barrier","floor":1},{"not_picked":["Twin Strike","Clothesline"],"picked":"Wild Strike","floor":2},{"not_picked":["Body Slam","Wild Strike"],"picked":"Perfected Strike","floor":3},{"not_picked":["Intimidate","Havoc"],"picked":"Feed","floor":6},{"not_picked":["Burning Pact","Thunderclap"],"picked":"Fire Breathing","floor":7},{"not_picked":["Thunderclap","Infernal Blade"],"picked":"Rage","floor":8},{"not_picked":["Wild Strike","Shrug It Off"],"picked":"True Grit","floor":11},{"not_picked":["Power Through","Searing Blow"],"picked":"Metallicize","floor":12},{"not_picked":["Burning Pact","Thunderclap"],"picked":"Fire Breathing","floor":13},{"not_picked":["Berserk","Warcry","Twin Strike"],"picked":"SKIP","floor":14},{"not_picked":["Offering","Brutality"],"picked":"Dark Embrace","floor":16},{"not_picked":["Headbutt","Clothesline+1"],"picked":"Havoc+1","floor":18},{"not_picked":["Second Wind","Dual Wield"],"picked":"Flex","floor":19}],"player_experience":323974,"relics_obtained":[{"floor":6,"key":"Anchor"},{"floor":9,"key":"Bottled Flame"},{"floor":13,"key":"Bag of Preparation"}],"event_choices":[{"damage_healed":0,"gold_gain":100,"player_choice":"Pray","damage_taken":0,"max_hp_gain":0,"max_hp_loss":0,"event_name":"Golden Shrine","floor":5,"gold_loss":0}],"is_beta":false,"boss_relics":[{"not_picked":["Orrery","Black Star"],"picked":"Runic Pyramid"}],"items_purged_floors":[4],"is_endless":false,"potions_floor_spawned":[1,7,11,13],"killed_by":"3 Cultists","ascension_level":13}