{"gold_per_floor":[10,23,41,51,64,89,89,89,89,89,89,114,39,56,56,161,161,176,176,160,160],"floor_reached":21,"playtime":1021,"items_purged":["Parasite"],"score":190,"play_id":"08a6e48b-1f42-4647-a00e-0f90b00d8be9","local_time":"20181216140723","is_ascension_mode":true,"campfire_choices":[{"floor":8,"key":"REST"},{"data":"Limit Break","floor":10,"key":"SMITH"},{"floor":15,"key":"REST"}],"neow_cost":"NO_GOLD","seed_source_timestamp":1796868193329968,"circlet_count":0,"master_deck":["Strike_R","Strike_R","Strike_R","Defend_R","Defend_R","Defend_R","Defend_R","Bash","Limit Break+1","Infernal Blade","Burning Pact","Armaments","Anger","Feel No Pain","Seeing Red","True Grit","Brutality","Uppercut+1"],"relics":["Burning Blood","Turnip","Blood Vial","Empty Cage","Pen Nib"],"potions_floor_usage":[6,6,16,18],"damage_taken":[{"damage":4,"enemies":"Small Slimes","floor":1,"turns":4},{"damage":10,"enemies":"Jaw Worm","floor":2,"turns":4},{"damage":1,"enemies":"2 Louse","floor":3,"turns":2},{"damage":13,"enemies":"Red Slaver","floor":4,"turns":4},{"damage":17,"enemies":"3 Louse","floor":5,"turns":4},{"damage":52,"enemies":"Lagavulin","floor":6,"turns":8},{"damage":13,"enemies":"Blue Slaver","floor":14,"turns":5},{"damage":78,"enemies":"Slime Boss","floor":16,"turns":20},{"damage":46,"enemies":"Spheric Guardian","floor":18,"turns":10},{"damage":30,"enemies":"2 Thieves","floor":20,"turns":4},{"damage":25,"enemies":"Cultist and Chosen","floor":21,"turns":4}],"seed_played":"-2326905874737475882","potions_obtained":[{"floor":1,"key":"PowerPotion"},{"floor":3,"key":"LiquidBronze"},{"floor":4,"key":"Poison Potion"},{"floor":6,"key":"SkillPotion"},{"floor":18,"key":"SmokeBomb"}],"is_trial":false,"path_per_floor":["M","M","M","M","M","E","?","R","T","R","?","T","$","M","R","B",null,"M","?","M","M"],"character_chosen":"IRONCLAD","items_purchased":[],"campfire_rested":2,"item_purchase_floors":[],"current_hp_per_floor":[80,76,80,73,62,16,36,60,60,60,65,65,65,60,82,10,82,42,42,20,0],"gold":160,"neow_bonus":"THREE_RARE_CARDS","is_prod":false,"is_daily":false,"chose_seed":false,"campfire_upgraded":1,"win_rate":0,"timestamp":1544929643,"path_taken":["M","M","M","M","M","E","?","R","T","R","?","?","$","?","R","BOSS","M","?","M","?"],"build_version":"2018-12-13","purchased_purges":1,"victory":false,"max_hp_per_floor":[80,80,80,80,80,80,80,80,80,80,85,85,82,82,82,82,82,82,82,82,82],"card_choices":[{"not_picked":["Impervious","Feed"],"picked":"Limit Break","floor":0},{"not_picked":["Ghostly Armor","Blood for Blood"],"picked":"Infernal Blade","floor":1},{"not_picked":["Fire Breathing","Clash"],"picked":"Burning Pact","floor":2},{"not_picked":["Infernal Blade","Twin Strike"],"picked":"Armaments","floor":3},{"not_picked":["Uppercut","Thunderclap"],"picked":"Anger","floor":4},{"not_picked":["Fire Breathing","Warcry"],"picked":"Feel No Pain","floor":5},{"not_picked":["Clash","Iron Wave"],"picked":"Seeing Red","floor":6},{"not_picked":["Body Slam","Berserk"],"picked":"True Grit","floor":14},{"not_picked":["Immolate","Reaper"],"picked":"Brutality","floor":16},{"not_picked":["Carnage","Wild Strike","Shockwave"],"picked":"SKIP","floor":18},{"not_picked":["Anger","True Grit"],"picked":"Uppercut+1","floor":20}],"player_experience":246226,"relics_obtained":[{"floor":6,"key":"Turnip"},{"floor":9,"key":"Blood Vial"}],"event_choices":[{"damage_healed":20,"gold_gain":0,"player_choice":"Healed and dodged fight","damage_taken":0,"max_hp_gain":0,"max_hp_loss":0,"event_name":"Mushrooms","floor":7,"gold_loss":0,"cards_obtained":["Parasite"]},{"damage_healed":0,"gold_gain":0,"player_choice":"Donut","damage_taken":0,"max_hp_gain":5,"max_hp_loss":0,"event_name":"Big Fish","floor":11,"gold_loss":0},{"damage_healed":0,"gold_gain":0,"player_choice":"Gave Potion","damage_taken":0,"relics_obtained":["Pen Nib"],"max_hp_gain":0,"max_hp_loss":0,"event_name":"WeMeetAgain","floor":19,"gold_loss":0}],"is_beta":false,"boss_relics":[{"not_picked":["Mark of Pain","Eternal Feather"],"picked":"Empty Cage"}],"items_purged_floors":[13],"is_endless":false,"potions_floor_spawned":[1,3,4,6,18],"killed_by":"Cultist and Chosen","ascension_level":1}