{"gold_per_floor":[211,161,82,82,97,152,152,168,168,203,203,203,203,227,227,351,351,372,372,372,412,436,474,487,19,19,19],"floor_reached":27,"playtime":1461,"items_purged":[],"score":299,"play_id":"a258afae-cbca-4f31-9fc1-b235bc4ed3ac","local_time":"20190128215615","is_ascension_mode":true,"campfire_choices":[{"floor":7.0,"key":"REST"},{"floor":11.0,"key":"REST"},{"floor":15.0,"key":"REST"}],"neow_cost":"NONE","seed_source_timestamp":52421843630934,"circlet_count":0,"master_deck":["Strike_B","Strike_B","Defend_B","Defend_B","Defend_B","Defend_B","Zap","Dualcast","Go for the Eyes","Go for the Eyes","Coolheaded","Go for the Eyes","Hologram","Beam Cell","Conserve Battery","Stack","Electrodynamics","Coolheaded","Defragment","Cold Snap","Consume","Coolheaded+1","Buffer+1","Rebound","Cold Snap"],"special_seed":0,"relics":["Cracked Core","Tiny Chest","Blue Candle","Cables","Letter Opener","Golden Idol","Inserter","Red Mask","Mummified Hand","Frozen Egg 2","The Courier"],"potions_floor_usage":[],"damage_taken":[{"damage":0.0,"enemies":"2 Louse","floor":1.0,"turns":2.0},{"damage":5.0,"enemies":"Small Slimes","floor":5.0,"turns":3.0},{"damage":42.0,"enemies":"3 Sentries","floor":6.0,"turns":11.0},{"damage":0.0,"enemies":"Cultist","floor":8.0,"turns":3.0},{"damage":14.0,"enemies":"Lagavulin","floor":10.0,"turns":8.0},{"damage":8.0,"enemies":"3 Louse","floor":14.0,"turns":3.0},{"damage":28.0,"enemies":"Slime Boss","floor":16.0,"turns":13.0},{"damage":21.0,"enemies":"Chosen","floor":18.0,"turns":5.0},{"damage":17.0,"enemies":"Masked Bandits","floor":21.0,"turns":3.0},{"damage":11.0,"enemies":"3 Byrds","floor":22.0,"turns":5.0},{"damage":14.0,"enemies":"Book of Stabbing","floor":23.0,"turns":8.0},{"damage":17.0,"enemies":"Centurion and Healer","floor":24.0,"turns":7.0},{"damage":7,"enemies":"Snake Plant","floor":27,"turns":2}],"seed_played":"4229840588348704758","potions_obtained":[{"floor":8.0,"key":"Poison Potion"},{"floor":21.0,"key":"LiquidBronze"},{"floor":23.0,"key":"Fire Potion"}],"is_trial":false,"path_per_floor":["M","?","$","?","M","E","R","M","T","E","R","T","?","M","R","B",null,"M","?","?","?","M","E","M","$","T","M"],"character_chosen":"DEFECT","items_purchased":["Go for the Eyes","Coolheaded","Frozen Egg 2","Buffer+1","Rebound","Cold Snap"],"campfire_rested":3,"item_purchase_floors":[3,3,25,25,25,25],"current_hp_per_floor":[75,75,75,68,63,21,43,43,43,29,51,51,33,25,47,19,61,40,40,65,48,37,23,6,6,6,0],"gold":19,"neow_bonus":"HUNDRED_GOLD","is_prod":false,"is_daily":false,"chose_seed":false,"campfire_upgraded":0,"win_rate":0,"timestamp":1548672975,"path_taken":["M","?","$","?","M","E","R","M","T","E","R","?","?","M","R","BOSS","M","?","?","?","M","E","M","$","T","M"],"build_version":"2019-01-23","purchased_purges":0,"victory":false,"max_hp_per_floor":[75,75,75,75,75,75,75,75,75,75,75,75,75,75,75,75,75,75,75,75,75,75,75,75,75,75,75],"card_choices":[{"not_picked":["Recycle","Sweeping Beam"],"picked":"Go for the Eyes","floor":1.0},{"not_picked":["Barrage","Skim"],"picked":"Go for the Eyes","floor":5.0},{"not_picked":["Streamline","Static Discharge"],"picked":"Hologram","floor":6.0},{"not_picked":["Force Field","Double Energy"],"picked":"Beam Cell","floor":8.0},{"not_picked":["Static Discharge","Streamline"],"picked":"Conserve Battery","floor":10.0},{"not_picked":["Darkness","Heatsinks"],"picked":"Stack","floor":14.0},{"not_picked":["Multi-Cast","Hyperbeam"],"picked":"Electrodynamics","floor":16.0},{"not_picked":["Rip and Tear+1","Capacitor"],"picked":"Coolheaded","floor":18.0},{"not_picked":["Genetic Algorithm+1","Barrage"],"picked":"Defragment","floor":21.0},{"not_picked":["Force Field+1","Turbo"],"picked":"Cold Snap","floor":22.0},{"not_picked":["Hello World","Steam"],"picked":"Consume","floor":23.0},{"not_picked":["Rebound+1","Sweeping Beam"],"picked":"Coolheaded+1","floor":24.0}],"player_experience":565711,"relics_obtained":[{"floor":6.0,"key":"Tiny Chest"},{"floor":9.0,"key":"Blue Candle"},{"floor":10.0,"key":"Cables"},{"floor":12.0,"key":"Letter Opener"},{"floor":21.0,"key":"Red Mask"},{"floor":23.0,"key":"Mummified Hand"},{"floor":26.0,"key":"The Courier"}],"event_choices":[{"cards_removed":["Strike_B"],"damage_healed":0.0,"max_hp_gain":0.0,"max_hp_loss":0.0,"gold_gain":0.0,"event_name":"The Cleric","player_choice":"Card Removal","floor":2.0,"gold_loss":50.0,"damage_taken":0.0},{"cards_removed":["Strike_B"],"damage_healed":0.0,"max_hp_gain":0.0,"max_hp_loss":0.0,"gold_gain":0.0,"event_name":"Golden Wing","player_choice":"Card Removal","floor":4.0,"gold_loss":0.0,"damage_taken":7.0},{"damage_healed":0.0,"max_hp_gain":0.0,"max_hp_loss":0.0,"gold_gain":0.0,"event_name":"Golden Idol","player_choice":"Take Damage","floor":13.0,"gold_loss":0.0,"damage_taken":18.0,"relics_obtained":["Golden Idol"]},{"damage_healed":0.0,"max_hp_gain":0.0,"max_hp_loss":0.0,"gold_gain":0.0,"event_name":"Vampires","player_choice":"Ignored","floor":19.0,"gold_loss":0.0,"damage_taken":0.0},{"damage_healed":25.0,"max_hp_gain":0.0,"max_hp_loss":0.0,"gold_gain":0.0,"event_name":"The Library","player_choice":"Heal","floor":20.0,"gold_loss":0.0,"damage_taken":0.0},{"damage_healed":0.0,"max_hp_gain":0.0,"max_hp_loss":0.0,"gold_gain":0.0,"event_name":"Masked Bandits","player_choice":"Fought Bandits","floor":21.0,"gold_loss":0.0,"damage_taken":0.0}],"is_beta":false,"boss_relics":[{"not_picked":["Pandora\u0027s Box","White Beast Statue"],"picked":"Inserter"}],"items_purged_floors":[],"is_endless":false,"potions_floor_spawned":[8,21,23],"killed_by":"Snake Plant","ascension_level":5}