{"gold_per_floor":[111,111,111,111,36,66,76,76,76,51,66,99,99,111,111,214,214,232,41,41,52,52,52,66,66,121,121],"floor_reached":27,"playtime":1171,"items_purged":["Strike_B"],"score":354,"play_id":"c15df783-c187-4cb1-a9e8-3d1a8cc28396","local_time":"20190203071752","is_ascension_mode":true,"campfire_choices":[{"data":"Zap","floor":8.0,"key":"SMITH"},{"data":"Conserve Battery","floor":13.0,"key":"SMITH"},{"floor":15.0,"key":"REST"},{"floor":23,"key":"REST"},{"floor":25,"key":"REST"}],"neow_cost":"NONE","seed_source_timestamp":0,"circlet_count":0,"master_deck":["Zap+1","Dualcast","Force Field","Self Repair","Conserve Battery+1","Rebound","Sweeping Beam","Turbo","Double Energy","Core Surge","Gash","Darkness","Multi-Cast","Storm","Force Field","Darkness","Ball Lightning","Hologram","Defragment","Chill","Bite","Bite","Bite","Bite","Bite","Stack","Loop","Sunder"],"special_seed":0,"relics":["Cracked Core","NeowsBlessing","Pen Nib","Dream Catcher","Mango","Ancient Tea Set","Pandora\u0027s Box","Happy Flower","MutagenicStrength","Bronze Scales"],"potions_floor_usage":[],"damage_taken":[{"damage":0.0,"enemies":"Small Slimes","floor":1.0,"turns":1.0},{"damage":0.0,"enemies":"Lagavulin","floor":6.0,"turns":1.0},{"damage":0.0,"enemies":"2 Louse","floor":7.0,"turns":2.0},{"damage":4.0,"enemies":"Jaw Worm","floor":11.0,"turns":3.0},{"damage":15.0,"enemies":"3 Sentries","floor":12.0,"turns":5.0},{"damage":25.0,"enemies":"Gremlin Gang","floor":14.0,"turns":4.0},{"damage":62.0,"enemies":"Slime Boss","floor":16.0,"turns":14.0},{"damage":59.0,"enemies":"3 Byrds","floor":18.0,"turns":5.0},{"damage":35,"enemies":"2 Thieves","floor":21,"turns":4},{"damage":27,"enemies":"Snake Plant","floor":24,"turns":5},{"damage":54,"enemies":"Shelled Parasite and Fungi","floor":27,"turns":3}],"seed_played":"-120121485151727381","potions_obtained":[{"floor":1.0,"key":"Explosive Potion"},{"floor":7.0,"key":"FairyPotion"},{"floor":14.0,"key":"FocusPotion"},{"floor":24,"key":"SteroidPotion"}],"is_trial":false,"path_per_floor":["M","?","?","?","$","E","M","R","T","$","M","E","R","M","R","B",null,"M","$","?","M","?","R","M","R","T","M"],"character_chosen":"DEFECT","items_purchased":["Rebound","Defragment","Happy Flower"],"campfire_rested":3,"item_purchase_floors":[10,19,19],"current_hp_per_floor":[68,68,73,70,70,70,77,77,91,91,94,86,86,61,89,34,79,27,27,27,14,14,33,16,35,35,0],"gold":121,"neow_bonus":"THREE_ENEMY_KILL","is_prod":false,"is_daily":false,"chose_seed":false,"campfire_upgraded":2,"win_rate":0,"timestamp":1549149472,"path_taken":["M","?","?","?","?","E","M","R","T","$","M","E","R","?","R","BOSS","M","$","?","M","?","R","M","R","T","M"],"build_version":"2019-01-23","purchased_purges":1,"victory":false,"max_hp_per_floor":[75,75,80,80,80,80,80,80,94,94,94,94,94,94,94,94,94,94,94,94,94,65,65,65,65,65,65],"card_choices":[{"not_picked":["Lockon","Barrage"],"picked":"Force Field","floor":1.0},{"not_picked":["Ball Lightning","Compile Driver"],"picked":"Self Repair","floor":6.0},{"not_picked":["Barrage","Go for the Eyes"],"picked":"Conserve Battery","floor":7.0},{"not_picked":["Redo","Rebound"],"picked":"Sweeping Beam","floor":11.0},{"not_picked":["Doom and Gloom","Ball Lightning","Fission"],"picked":"SKIP","floor":12.0},{"not_picked":["Go for the Eyes","Steam"],"picked":"Turbo","floor":14.0},{"not_picked":["Chill","Lockon"],"picked":"Double Energy","floor":15.0},{"not_picked":["Multi-Cast","Hyperbeam"],"picked":"Core Surge","floor":16.0},{"not_picked":["Darkness","Hello World"],"picked":"Hologram","floor":18.0},{"not_picked":["Turbo","Streamline"],"picked":"Chill","floor":21},{"not_picked":["Coolheaded+1","Cold Snap"],"picked":"Stack","floor":23},{"not_picked":["Coolheaded","Heatsinks"],"picked":"Loop","floor":24},{"not_picked":["Storm","Reprogram"],"picked":"Sunder","floor":25}],"player_experience":608991,"relics_obtained":[{"floor":6.0,"key":"Dream Catcher"},{"floor":9.0,"key":"Mango"},{"floor":12.0,"key":"Ancient Tea Set"},{"floor":26,"key":"Bronze Scales"}],"event_choices":[{"damage_healed":0.0,"max_hp_gain":0.0,"max_hp_loss":0.0,"gold_gain":0.0,"event_name":"Shining Light","player_choice":"Ignored","floor":2.0,"gold_loss":0.0,"damage_taken":0.0},{"damage_healed":0.0,"max_hp_gain":5.0,"max_hp_loss":0.0,"gold_gain":0.0,"event_name":"Big Fish","player_choice":"Donut","floor":3.0,"gold_loss":0.0,"damage_taken":0.0},{"damage_healed":0.0,"max_hp_gain":0.0,"max_hp_loss":0.0,"gold_gain":0.0,"event_name":"Scrap Ooze","player_choice":"Success","floor":4.0,"gold_loss":0.0,"damage_taken":3.0,"relics_obtained":["Pen Nib"]},{"damage_healed":0,"gold_gain":0,"player_choice":"Inject Mutagens","damage_taken":0,"relics_obtained":["MutagenicStrength"],"max_hp_gain":0,"max_hp_loss":0,"event_name":"Drug Dealer","floor":20,"gold_loss":0},{"damage_healed":0,"gold_gain":0,"player_choice":"Became a vampire","damage_taken":0,"max_hp_gain":0,"max_hp_loss":29,"event_name":"Vampires","floor":22,"gold_loss":0,"cards_obtained":["Bite","Bite","Bite","Bite","Bite"]}],"is_beta":false,"boss_relics":[{"not_picked":["Tiny House","Ectoplasm"],"picked":"Pandora\u0027s Box"}],"items_purged_floors":[5],"is_endless":false,"potions_floor_spawned":[1,7,14,24],"killed_by":"Shelled Parasite and Fungi","ascension_level":7}