{"gold_per_floor":[211,28,46,121,139,139,164,164,212,224,236,267,293,174,174,174],"floor_reached":16,"playtime":375,"items_purged":["Strike_R"],"score":200,"play_id":"3f2cff95-7a0f-4541-8c68-f53a5c5667de","local_time":"20190530115218","is_ascension_mode":true,"campfire_choices":[{"data":"Armaments","floor":6,"key":"SMITH"},{"data":"Carnage","floor":8,"key":"SMITH"},{"floor":11,"key":"REST"},{"data":"Burning Pact","floor":15,"key":"SMITH"}],"neow_cost":"NONE","seed_source_timestamp":781272392995606,"circlet_count":0,"master_deck":["AscendersBane","Strike_R","Strike_R","Strike_R","Strike_R","Defend_R","Defend_R","Defend_R","Defend_R","Bash","Burning Pact+1","Armaments+1","Carnage+1","Evolve","Dropkick","Thunderclap","Fiend Fire"],"relics":["Burning Blood","Dream Catcher","MawBank"],"potions_floor_usage":[7,16],"damage_taken":[{"damage":9,"enemies":"Small Slimes","floor":1,"turns":5},{"damage":4,"enemies":"Cultist","floor":3,"turns":5},{"damage":12,"enemies":"Jaw Worm","floor":5,"turns":2},{"damage":39,"enemies":"Gremlin Nob","floor":7,"turns":5},{"damage":9,"enemies":"Exordium Wildlife","floor":12,"turns":3},{"damage":21,"enemies":"Blue Slaver","floor":13,"turns":4},{"damage":17,"enemies":"Hexaghost","floor":16,"turns":7}],"seed_played":"6059106711786903732","potions_obtained":[{"floor":1,"key":"Ancient Potion"},{"floor":7,"key":"Ancient Potion"}],"is_trial":false,"path_per_floor":["M","$","M","?","M","R","E","R","T","?","R","M","M","$","R","B"],"character_chosen":"IRONCLAD","items_purchased":["Armaments","Carnage","Evolve","Poison Potion"],"campfire_rested":1,"item_purchase_floors":[2,2,2,14],"current_hp_per_floor":[65,65,67,56,50,50,17,17,17,13,35,32,17,17,17,0],"gold":174,"neow_bonus":"HUNDRED_GOLD","is_prod":false,"is_daily":false,"chose_seed":false,"campfire_upgraded":3,"win_rate":0,"timestamp":1559188338,"path_taken":["M","$","M","?","M","R","E","R","T","?","R","?","M","$","R","BOSS"],"build_version":"2019-01-23","purchased_purges":1,"victory":false,"max_hp_per_floor":[75,75,75,75,75,75,75,75,75,75,75,75,75,75,75,75],"card_choices":[{"not_picked":["Intimidate","Clothesline"],"picked":"Burning Pact","floor":1},{"not_picked":["Body Slam","Sword Boomerang","Clothesline"],"picked":"SKIP","floor":3},{"not_picked":["Clothesline","Heavy Blade"],"picked":"Dropkick","floor":5},{"not_picked":["Havoc","Flex"],"picked":"Thunderclap","floor":7},{"not_picked":["Warcry","Seeing Red"],"picked":"Fiend Fire","floor":11},{"not_picked":["Twin Strike","Sentinel","Intimidate"],"picked":"SKIP","floor":12},{"not_picked":["Burning Pact","Bloodletting","Hemokinesis"],"picked":"SKIP","floor":13}],"player_experience":957950,"relics_obtained":[{"floor":7,"key":"Dream Catcher"},{"floor":9,"key":"MawBank"}],"event_choices":[{"damage_healed":0,"gold_gain":75,"player_choice":"Gather Gold","damage_taken":11,"max_hp_gain":0,"max_hp_loss":0,"event_name":"World of Goop","floor":4,"gold_loss":0},{"damage_healed":0,"gold_gain":0,"player_choice":"Bought 0 Potions","damage_taken":0,"max_hp_gain":0,"max_hp_loss":0,"event_name":"The Woman in Blue","floor":10,"gold_loss":0}],"is_beta":false,"boss_relics":[],"items_purged_floors":[14],"is_endless":false,"potions_floor_spawned":[1,7],"killed_by":"Hexaghost","ascension_level":20}