{"gold_per_floor":[112,112,62,62,74,74,100,100,100,100,120,140,59,73,73,178,228,246,173,173,98,98,118,118,132,132,132,158,176,0,0,0,101,101,119,119,135,151,170,170,189,206,206,206,206,50,50,69,69,69],"floor_reached":51,"playtime":5657,"items_purged":[],"score":667,"play_id":"86f30406-c724-4f26-a145-d51f86285a34","local_time":"20190806192918","is_ascension_mode":false,"campfire_choices":[{"data":"Hologram","floor":6,"key":"SMITH"},{"data":"Buffer","floor":8,"key":"SMITH"},{"data":"Finesse","floor":10,"key":"SMITH"},{"data":"Streamline","floor":15,"key":"SMITH"},{"floor":24,"key":"REST"},{"data":"Buffer","floor":27,"key":"SMITH"},{"floor":32,"key":"REST"},{"floor":40,"key":"REST"},{"floor":45,"key":"REST"},{"floor":49,"key":"REST"}],"neow_cost":"NONE","seed_source_timestamp":61878099884727,"circlet_count":0,"master_deck":["Strike_B","Strike_B","Strike_B","Strike_B+1","Defend_B","Defend_B","Defend_B","Defend_B","Zap","Dualcast","Finesse+1","Hologram+1","Stack","Chill","Buffer+1","Streamline+1","Aggregate","Buffer+1","Stack","Compile Driver+1","Capacitor","Ball Lightning","Defragment+1","Storm","Electrodynamics","Storm","Machine Learning","Hologram+1","Thunder Strike","Parasite","Loop","Streamline","Defragment+1","Compile Driver","Force Field"],"relics":["Cracked Core","NeowsBlessing","Meat on the Bone","Gremlin Horn","Mercury Hourglass","Tiny House","Pantograph","Bronze Scales","Fusion Hammer","Ginger"],"potions_floor_usage":[16,21,33,33,48,50,50],"damage_taken":[{"damage":0,"enemies":"Small Slimes","floor":1,"turns":1},{"damage":0,"enemies":"Cultist","floor":5,"turns":1},{"damage":0,"enemies":"3 Sentries","floor":7,"turns":1},{"damage":0,"enemies":"2 Louse","floor":11,"turns":1},{"damage":0,"enemies":"Blue Slaver","floor":12,"turns":4},{"damage":8,"enemies":"Red Slaver","floor":14,"turns":4},{"damage":36,"enemies":"The Guardian","floor":16,"turns":13},{"damage":10,"enemies":"3 Byrds","floor":18,"turns":4},{"damage":5,"enemies":"2 Thieves","floor":21,"turns":5},{"damage":30,"enemies":"Snake Plant","floor":23,"turns":5},{"damage":17,"enemies":"Shelled Parasite and Fungi","floor":25,"turns":9},{"damage":39,"enemies":"Gremlin Leader","floor":28,"turns":9},{"damage":0,"enemies":"Cultist and Chosen","floor":29,"turns":4},{"damage":35,"enemies":"Champ","floor":33,"turns":12},{"damage":27,"enemies":"3 Darklings","floor":35,"turns":3},{"damage":0,"enemies":"Orb Walker","floor":37,"turns":5},{"damage":33,"enemies":"Jaw Worm Horde","floor":38,"turns":5},{"damage":20,"enemies":"Maw","floor":39,"turns":6},{"damage":25,"enemies":"Writhing Mass","floor":41,"turns":6},{"damage":16,"enemies":"Sphere and 2 Shapes","floor":42,"turns":3},{"damage":23,"enemies":"4 Shapes","floor":48,"turns":2},{"damage":45,"enemies":"Donu and Deca","floor":50,"turns":8}],"seed_played":"-8349531723721694901","potions_obtained":[{"floor":1,"key":"LiquidBronze"},{"floor":7,"key":"Regen Potion"},{"floor":12,"key":"Energy Potion"},{"floor":17,"key":"LiquidBronze"},{"floor":18,"key":"EntropicBrew"},{"floor":28,"key":"Dexterity Potion"},{"floor":33,"key":"FearPotion"},{"floor":38,"key":"Regen Potion"},{"floor":39,"key":"SkillPotion"}],"is_trial":false,"path_per_floor":["M","?","$","?","M","R","E","R","T","R","M","M","$","M","R","B",null,"M","$","?","M","$","M","R","M","T","R","E","M","?","?","R","B",null,"M","?","M","M","M","R","M","M","T","?","R","$","?","M","R","B",null],"character_chosen":"DEFECT","items_purchased":["Stack","Reprogram","Capacitor","Streamline","Defragment","Compile Driver"],"campfire_rested":5,"item_purchase_floors":[3,13,19,46,46,46],"current_hp_per_floor":[75,75,75,72,72,72,72,72,72,72,72,72,72,64,64,43,80,70,70,70,65,65,47,71,54,54,54,27,39,39,65,80,45,80,53,80,80,47,39,63,50,46,46,46,70,70,70,47,71,47],"gold":69,"neow_bonus":"THREE_ENEMY_KILL","is_prod":false,"is_daily":false,"chose_seed":false,"campfire_upgraded":5,"win_rate":0.0,"timestamp":1565134158,"path_taken":["M","?","?","?","M","R","E","R","T","R","M","M","$","M","R","BOSS","M","$","?","M","$","M","R","M","T","R","E","?","?","?","R","BOSS","M","?","?","M","?","R","M","M","T","?","R","$","?","?","R","BOSS"],"build_version":"2019-07-17","purchased_purges":0,"victory":true,"max_hp_per_floor":[75,75,75,75,75,75,75,75,75,75,75,75,75,75,75,75,80,80,80,80,80,80,80,80,80,80,80,80,80,80,80,80,80,80,80,80,80,80,80,80,80,80,80,80,80,80,80,80,80,80],"card_choices":[{"not_picked":["Steam Power","Beam Cell","Steam"],"picked":"SKIP","floor":1},{"not_picked":["Go for the Eyes","Heatsinks"],"picked":"Chill","floor":5},{"not_picked":["Glacier","Chill"],"picked":"Buffer","floor":7},{"not_picked":["Barrage","Rip and Tear","Fusion"],"picked":"SKIP","floor":11},{"not_picked":["Sweeping Beam","Hello World"],"picked":"Streamline","floor":12},{"not_picked":["Barrage","Sweeping Beam"],"picked":"Aggregate","floor":14},{"not_picked":["Reboot","Rainbow"],"picked":"Buffer","floor":16},{"not_picked":["Leap","Auto Shields"],"picked":"Stack","floor":17},{"not_picked":["Beam Cell+1","Steam+1"],"picked":"Compile Driver+1","floor":18},{"not_picked":["Steam+1","FTL"],"picked":"Ball Lightning","floor":21},{"not_picked":["Compile Driver+1","Self Repair"],"picked":"Defragment+1","floor":23},{"not_picked":["Stack","Hello World"],"picked":"Storm","floor":25},{"not_picked":["Double Energy","Doom and Gloom"],"picked":"Electrodynamics","floor":28},{"not_picked":["Leap","BootSequence"],"picked":"Storm","floor":29},{"not_picked":["Fission","Reboot"],"picked":"Machine Learning","floor":33},{"not_picked":["Sweeping Beam","Compile Driver"],"picked":"Hologram+1","floor":35},{"not_picked":["Barrage+1","Conserve Battery"],"picked":"Hologram+1","floor":37},{"not_picked":["Hello World+1","Go for the Eyes","Reprogram"],"picked":"SKIP","floor":38},{"not_picked":["Cold Snap","Compile Driver"],"picked":"Thunder Strike","floor":39},{"not_picked":["Rip and Tear","Conserve Battery+1","Gash+1"],"picked":"SKIP","floor":41},{"not_picked":["Sweeping Beam","Ball Lightning+1"],"picked":"Loop","floor":42},{"not_picked":["Gash+1","Steam Power"],"picked":"Force Field","floor":48}],"player_experience":20408,"relics_obtained":[{"floor":7,"key":"Gremlin Horn"},{"floor":9,"key":"Mercury Hourglass"},{"floor":26,"key":"Pantograph"},{"floor":28,"key":"Bronze Scales"},{"floor":43,"key":"Ginger"}],"event_choices":[{"damage_healed":0,"gold_gain":0,"player_choice":"2 cards matched","damage_taken":0,"max_hp_gain":0,"max_hp_loss":0,"event_name":"Match and Keep!","floor":2,"gold_loss":0,"cards_obtained":["Finesse","Hologram"]},{"damage_healed":0,"gold_gain":0,"player_choice":"Success","damage_taken":3,"relics_obtained":["Meat on the Bone"],"max_hp_gain":0,"max_hp_loss":0,"event_name":"Scrap Ooze","floor":4,"gold_loss":0},{"damage_healed":0,"gold_gain":0,"player_choice":"Bought 0 Potions","damage_taken":0,"max_hp_gain":0,"max_hp_loss":0,"event_name":"The Woman in Blue","floor":20,"gold_loss":0},{"damage_healed":0,"gold_gain":0,"player_choice":"Paid Fearfully","damage_taken":0,"max_hp_gain":0,"max_hp_loss":0,"event_name":"Masked Bandits","floor":30,"gold_loss":176},{"damage_healed":26,"gold_gain":0,"player_choice":"Heal","damage_taken":0,"max_hp_gain":0,"max_hp_loss":0,"event_name":"The Library","floor":31,"gold_loss":0},{"cards_removed":["Reprogram"],"damage_healed":27,"gold_gain":0,"player_choice":"Offered Uncommon","damage_taken":0,"max_hp_gain":0,"max_hp_loss":0,"event_name":"Bonfire Elementals","floor":36,"gold_loss":0},{"cards_removed":["Hologram"],"damage_healed":0,"gold_gain":0,"player_choice":"Removed Skill","damage_taken":0,"max_hp_gain":0,"max_hp_loss":0,"event_name":"Falling","floor":44,"gold_loss":0},{"damage_healed":0,"gold_gain":0,"player_choice":"Upgraded","damage_taken":0,"max_hp_gain":0,"max_hp_loss":0,"event_name":"Upgrade Shrine","floor":47,"gold_loss":0,"cards_upgraded":["Defragment"]}],"is_beta":false,"boss_relics":[{"not_picked":["Velvet Choker","Busted Crown"],"picked":"Tiny House"},{"not_picked":["Black Star","White Beast Statue"],"picked":"Fusion Hammer"}],"items_purged_floors":[],"is_endless":false,"potions_floor_spawned":[1,7,12,18,28,33,38,39],"ascension_level":0}