{"gold_per_floor":[110,128,77,94,94,94,94,111,111,122,122,122],"floor_reached":12,"playtime":399,"items_purged":[],"score":137,"play_id":"5bc8713a-eca0-4a8f-beed-23b226b1fdf9","local_time":"20190307120107","is_ascension_mode":true,"campfire_choices":[{"data":"Armaments","floor":7,"key":"SMITH"}],"neow_cost":"PERCENT_DAMAGE","seed_source_timestamp":84206992555816,"circlet_count":0,"master_deck":["AscendersBane","Strike_R","Strike_R","Strike_R","Strike_R","Defend_R","Defend_R","Defend_R","Defend_R","Bash","Panache","Bandage Up","Shrug It Off","Shrug It Off","Anger","Armaments+1","Double Tap","Whirlwind"],"relics":["Burning Blood","Bottled Tornado"],"potions_floor_usage":[6,8,10],"damage_taken":[{"damage":1,"enemies":"Cultist","floor":1,"turns":3},{"damage":9,"enemies":"Jaw Worm","floor":2,"turns":5},{"damage":7,"enemies":"2 Louse","floor":4,"turns":3},{"damage":0,"enemies":"Gremlin Gang","floor":6,"turns":1},{"damage":19,"enemies":"Lots of Slimes","floor":8,"turns":5},{"damage":24,"enemies":"Exordium Thugs","floor":10,"turns":5},{"damage":64,"enemies":"Gremlin Nob","floor":12,"turns":4}],"seed_played":"-430616354339348291","potions_obtained":[{"floor":2,"key":"SmokeBomb"},{"floor":4,"key":"Poison Potion"},{"floor":8,"key":"Block Potion"}],"is_trial":false,"path_per_floor":["M","M","$","M","?","M","R","M","T","M","?","E"],"character_chosen":"IRONCLAD","items_purchased":["Anger"],"campfire_rested":0,"item_purchase_floors":[3],"current_hp_per_floor":[59,60,60,63,59,69,69,60,60,46,46,0],"gold":122,"neow_bonus":"RANDOM_COLORLESS_2","is_prod":false,"is_daily":false,"chose_seed":false,"campfire_upgraded":1,"win_rate":0,"timestamp":1551920467,"path_taken":["M","M","$","M","?","M","R","M","T","?","?","E"],"build_version":"2019-01-23","purchased_purges":0,"victory":false,"max_hp_per_floor":[75,75,75,75,75,75,75,75,75,75,75,75],"card_choices":[{"not_picked":["Clothesline","Armaments"],"picked":"Shrug It Off","floor":1},{"not_picked":["Warcry","Blood for Blood"],"picked":"Shrug It Off","floor":2},{"not_picked":["Clash","Pommel Strike"],"picked":"Armaments","floor":4},{"not_picked":["Clash","True Grit"],"picked":"Double Tap","floor":8},{"not_picked":["Havoc","Burning Pact"],"picked":"Whirlwind","floor":10}],"player_experience":822132,"relics_obtained":[{"floor":9,"key":"Bottled Tornado"}],"event_choices":[{"damage_healed":0,"gold_gain":0,"player_choice":"Bought 0 Potions","damage_taken":0,"max_hp_gain":0,"max_hp_loss":0,"event_name":"The Woman in Blue","floor":5,"gold_loss":0},{"cards_removed":["Strike_R"],"damage_healed":0,"gold_gain":0,"player_choice":"Offered Basic","damage_taken":0,"max_hp_gain":0,"max_hp_loss":0,"event_name":"Bonfire Elementals","floor":11,"gold_loss":0}],"is_beta":false,"boss_relics":[],"items_purged_floors":[],"is_endless":false,"potions_floor_spawned":[2,4,8],"killed_by":"Gremlin Nob","ascension_level":18}