{"gold_per_floor":[209,209,136,136,151,184,202,222,246,246,246,256,268,297,297,395,395,406,424,311,326,326],"floor_reached":22,"playtime":2049,"items_purged":["Strike_B"],"score":257,"play_id":"7d6b719a-4c0d-444d-bfe5-49ea68e78ceb","local_time":"20190202085428","is_ascension_mode":true,"campfire_choices":[{"floor":11,"key":"REST"},{"floor":15,"key":"REST"}],"neow_cost":"NONE","seed_source_timestamp":15166608716035,"circlet_count":0,"master_deck":["Strike_B","Strike_B","Defend_B","Defend_B","Defend_B","Defend_B","Zap","Dualcast","Leap","Meteor Strike","Cold Snap","Coolheaded","Coolheaded","Cold Snap","Buffer","Go for the Eyes","Capacitor","Go for the Eyes","Self Repair","Creative AI","Turbo","Hello World","Loop+1"],"relics":["Cracked Core","Oddly Smooth Stone","Juzu Bracelet","Potion Belt","Ancient Tea Set","Black Star"],"potions_floor_usage":[6,6,12,12,12,16,16,19],"damage_taken":[{"damage":0,"enemies":"Small Slimes","floor":1,"turns":3},{"damage":0,"enemies":"2 Louse","floor":5,"turns":3},{"damage":14,"enemies":"Gremlin Nob","floor":6,"turns":3},{"damage":0,"enemies":"Cultist","floor":7,"turns":4},{"damage":7,"enemies":"Looter","floor":8,"turns":3},{"damage":0,"enemies":"Exordium Thugs","floor":12,"turns":6},{"damage":0,"enemies":"Red Slaver","floor":13,"turns":4},{"damage":11,"enemies":"Lagavulin","floor":14,"turns":12},{"damage":43,"enemies":"Slime Boss","floor":16,"turns":24},{"damage":17,"enemies":"Shell Parasite","floor":18,"turns":35},{"damage":22,"enemies":"Spheric Guardian","floor":19,"turns":22},{"damage":39,"enemies":"Snecko","floor":21,"turns":7},{"damage":24,"enemies":"Snake Plant","floor":22,"turns":1}],"seed_played":"3182800621802596129","potions_obtained":[{"floor":1,"key":"Fire Potion"},{"floor":4,"key":"LiquidBronze"},{"floor":4,"key":"EntropicBrew"},{"floor":5,"key":"Explosive Potion"},{"floor":6,"key":"FearPotion"},{"floor":16,"key":"EssenceOfSteel"},{"floor":18,"key":"Poison Potion"},{"floor":21,"key":"LiquidBronze"}],"is_trial":false,"path_per_floor":["M","?","$","?","M","E","M","M","T","?","R","M","M","E","R","B",null,"M","M","$","M","M"],"character_chosen":"DEFECT","items_purchased":["Cold Snap","Coolheaded","Hello World"],"campfire_rested":2,"item_purchase_floors":[3,3,20],"current_hp_per_floor":[68,68,68,68,68,54,54,47,47,47,69,69,69,58,75,39,66,56,48,48,23,0],"gold":326,"neow_bonus":"HUNDRED_GOLD","is_prod":false,"is_daily":false,"chose_seed":false,"campfire_upgraded":0,"win_rate":0,"timestamp":1549068868,"path_taken":["M","?","$","?","M","E","?","M","T","?","R","M","M","E","R","BOSS","M","M","$","M","M"],"build_version":"2019-01-23","purchased_purges":1,"victory":false,"max_hp_per_floor":[75,75,75,75,75,75,75,75,75,75,75,75,75,75,75,75,75,75,75,75,75,75],"card_choices":[{"not_picked":["Static Discharge","Streamline"],"picked":"Leap","floor":1},{"not_picked":["Rebound","Steam"],"picked":"Coolheaded","floor":5},{"not_picked":["Heatsinks","Auto Shields"],"picked":"Cold Snap","floor":6},{"not_picked":["Beam Cell","Self Repair"],"picked":"Buffer","floor":7},{"not_picked":["Compile Driver","Lockon"],"picked":"Go for the Eyes","floor":8},{"not_picked":["Go for the Eyes","Stack"],"picked":"Capacitor","floor":12},{"not_picked":["Stack","Hologram"],"picked":"Go for the Eyes","floor":13},{"not_picked":["Redo","Chill"],"picked":"Self Repair","floor":14},{"not_picked":["Electrodynamics","Biased Cognition"],"picked":"Creative AI","floor":16},{"not_picked":["Streamline","Compile Driver","Genetic Algorithm+1"],"picked":"SKIP","floor":18},{"not_picked":["Ball Lightning","Go for the Eyes+1"],"picked":"Turbo","floor":19},{"not_picked":["Rip and Tear","Chaos"],"picked":"Loop+1","floor":21}],"player_experience":596889,"relics_obtained":[{"floor":6,"key":"Oddly Smooth Stone"},{"floor":9,"key":"Juzu Bracelet"},{"floor":14,"key":"Ancient Tea Set"}],"event_choices":[{"damage_healed":0,"gold_gain":0,"cards_transformed":["Strike_B"],"player_choice":"Change","damage_taken":0,"max_hp_gain":0,"max_hp_loss":0,"event_name":"Living Wall","floor":2,"gold_loss":0,"cards_obtained":["Meteor Strike"]},{"damage_healed":0,"gold_gain":0,"player_choice":"Got Potions","damage_taken":0,"max_hp_gain":0,"max_hp_loss":0,"event_name":"Lab","floor":4,"gold_loss":0},{"damage_healed":0,"gold_gain":0,"player_choice":"Searched \u00272\u0027 times","damage_taken":0,"relics_obtained":["Potion Belt"],"max_hp_gain":0,"max_hp_loss":0,"event_name":"Dead Adventurer","floor":10,"gold_loss":0}],"is_beta":false,"boss_relics":[{"not_picked":["Cursed Key","Tiny House"],"picked":"Black Star"}],"items_purged_floors":[20],"is_endless":false,"potions_floor_spawned":[1,5,6,16,18,21],"killed_by":"Snake Plant","ascension_level":6}