{"gold_per_floor":[113,113,36,36,50,50,77,77,77,77,90,102,102,131,131,210,210,226,238,257,182,192,192,192,192,192,208,208,226,226,239,239,315,315,329,342,55,68,85,85,85,85,165,200,215,52,64,64],"floor_reached":48,"playtime":2843,"items_purged":["Strike_G","Defend_G","Defend_G"],"score":1098,"play_id":"e8125cc0-02ad-4bda-b698-20173d0253eb","local_time":"20190708084420","is_ascension_mode":true,"campfire_choices":[{"data":"Catalyst","floor":6.0,"key":"SMITH"},{"data":"Acrobatics","floor":8.0,"key":"SMITH"},{"data":"Blind","floor":10.0,"key":"SMITH"},{"data":"Flechettes","floor":15.0,"key":"SMITH"},{"data":"Tactician","floor":23.0,"key":"SMITH"},{"data":"Well Laid Plans","floor":30.0,"key":"SMITH"},{"data":"Burst","floor":32.0,"key":"SMITH"},{"data":"Apotheosis","floor":40.0,"key":"SMITH"},{"floor":42.0,"key":"RECALL"}],"neow_cost":"TEN_PERCENT_HP_LOSS","seed_source_timestamp":0,"circlet_count":0,"master_deck":["AscendersBane","Defend_G","Defend_G","Defend_G","Survivor","Neutralize","Jack Of All Trades","Blind+1","Bouncing Flask+1","Catalyst+1","Flechettes+1","Acrobatics+1","Well Laid Plans+1","Malaise","Tactician+1","Noxious Fumes","Burst+1","Footwork","Apotheosis+1","PiercingWail+1","Blur","Footwork"],"special_seed":0,"relics":["Ring of the Snake","Regal Pillow","Matryoshka","Incense Burner","Empty Cage","Pen Nib","Gremlin Horn","Torii","Lizard Tail","Paper Crane","The Courier"],"potions_floor_usage":[48],"damage_taken":[{"damage":0.0,"enemies":"2 Louse","floor":1.0,"turns":3.0},{"damage":0.0,"enemies":"Cultist","floor":5.0,"turns":2.0},{"damage":15.0,"enemies":"Lagavulin","floor":7.0,"turns":5.0},{"damage":0.0,"enemies":"Small Slimes","floor":11.0,"turns":3.0},{"damage":8.0,"enemies":"Exordium Thugs","floor":12.0,"turns":5.0},{"damage":15.0,"enemies":"Gremlin Nob","floor":14.0,"turns":3.0},{"damage":0.0,"enemies":"The Guardian","floor":16.0,"turns":7.0},{"damage":0.0,"enemies":"3 Byrds","floor":18.0,"turns":9.0},{"damage":11.0,"enemies":"Shell Parasite","floor":19.0,"turns":4.0},{"damage":0.0,"enemies":"Centurion and Healer","floor":20.0,"turns":6.0},{"damage":29.0,"enemies":"3 Cultists","floor":22.0,"turns":6.0},{"damage":1.0,"enemies":"Snake Plant","floor":27.0,"turns":3.0},{"damage":28.0,"enemies":"Cultist and Chosen","floor":29.0,"turns":7.0},{"damage":2.0,"enemies":"3 Cultists","floor":31.0,"turns":4.0},{"damage":17.0,"enemies":"Automaton","floor":33.0,"turns":8.0},{"damage":1.0,"enemies":"Orb Walker","floor":35.0,"turns":2.0},{"damage":0.0,"enemies":"3 Shapes","floor":36.0,"turns":4.0},{"damage":7.0,"enemies":"Maw","floor":38.0,"turns":10.0},{"damage":16.0,"enemies":"Sphere and 2 Shapes","floor":39.0,"turns":7.0},{"damage":3.0,"enemies":"Nemesis","floor":44.0,"turns":5.0},{"damage":16.0,"enemies":"Spire Growth","floor":45.0,"turns":5.0},{"damage":9,"enemies":"Transient","floor":47,"turns":6},{"damage":0,"enemies":"Jaw Worm Horde","floor":48,"turns":1}],"seed_played":"7900970549214664722","potions_obtained":[{"floor":7.0,"key":"EssenceOfSteel"},{"floor":11.0,"key":"GhostInAJar"},{"floor":12.0,"key":"Regen Potion"},{"floor":16.0,"key":"Energy Potion"},{"floor":20.0,"key":"Weak Potion"},{"floor":27.0,"key":"AttackPotion"},{"floor":33.0,"key":"LiquidBronze"},{"floor":36.0,"key":"SteroidPotion"}],"is_trial":false,"path_per_floor":["M","?","$","?","M","R","E","R","T","R","M","M","?","E","R","B",null,"M","M","M","$","M","R","?","T","T","M","?","M","R","M","R","B",null,"M","M","$","M","M","R","?","R","T","E","M","$","M","M"],"character_chosen":"THE_SILENT","items_purchased":["Catalyst","Apotheosis","Regen Potion"],"campfire_rested":0,"item_purchase_floors":[3,37,46],"current_hp_per_floor":[59,59,59,59,59,59,44,44,44,44,44,36,36,21,21,21,50,50,39,39,39,10,10,10,10,10,9,70,42,42,40,40,23,58,57,57,57,50,34,34,34,34,34,31,15,15,6,6],"gold":64,"neow_bonus":"RANDOM_COLORLESS_2","is_prod":false,"is_daily":false,"chose_seed":false,"campfire_upgraded":8,"win_rate":0,"timestamp":1562546660,"path_taken":["M","?","?","?","M","R","E","R","T","R","M","?","?","E","R","BOSS","M","M","M","$","M","R","?","?","T","M","?","M","R","M","R","BOSS","M","M","$","M","M","R","?","R","T","E","M","$","M","M"],"build_version":"2019-07-05","purchased_purges":3,"victory":false,"max_hp_per_floor":[60,60,60,60,60,60,60,60,60,60,60,60,60,60,60,60,60,60,60,60,60,60,60,60,60,60,60,70,70,70,70,70,70,70,70,70,70,70,70,70,66,66,66,66,66,66,66,66],"card_choices":[{"not_picked":["Flying Knee","Poisoned Stab"],"picked":"Bouncing Flask","floor":1.0},{"not_picked":["Bane","Backflip"],"picked":"Acrobatics","floor":5.0},{"not_picked":["Doppelganger","Slice","Sucker Punch"],"picked":"SKIP","floor":7.0},{"not_picked":["Doppelganger","Slice","Sucker Punch"],"picked":"SKIP","floor":7.0},{"not_picked":["Poisoned Stab","Blade Dance","Dagger Spray"],"picked":"SKIP","floor":11.0},{"not_picked":["Heel Hook","Bane"],"picked":"Well Laid Plans","floor":12.0},{"not_picked":["Accuracy","Cloak And Dagger","Infinite Blades"],"picked":"SKIP","floor":14.0},{"not_picked":["Bullet Time","Night Terror"],"picked":"Malaise","floor":16.0},{"not_picked":["Skewer","Poisoned Stab+1","Outmaneuver"],"picked":"SKIP","floor":18.0},{"not_picked":["Skewer","Poisoned Stab+1","Outmaneuver"],"picked":"SKIP","floor":18.0},{"not_picked":["Endless Agony","Flechettes+1","Underhanded Strike"],"picked":"SKIP","floor":19.0},{"not_picked":["Distraction","Blade Dance"],"picked":"Tactician","floor":20.0},{"not_picked":["Cloak And Dagger","Bouncing Flask"],"picked":"Heel Hook","floor":22.0},{"not_picked":["Blade Dance","Deflect"],"picked":"Burst","floor":27.0},{"not_picked":["Endless Agony","Quick Slash"],"picked":"Footwork","floor":29.0},{"not_picked":["Prepared","Poisoned Stab","Dodge and Roll"],"picked":"SKIP","floor":31.0},{"not_picked":["Leg Sweep+1","Noxious Fumes","Expertise+1"],"picked":"SKIP","floor":35.0},{"not_picked":["Deflect","Dagger Throw","Poisoned Stab+1"],"picked":"SKIP","floor":36.0},{"not_picked":["Poisoned Stab+1","Underhanded Strike","Flying Knee"],"picked":"SKIP","floor":38.0},{"not_picked":["Die Die Die","Underhanded Strike"],"picked":"PiercingWail+1","floor":39.0},{"not_picked":["Deflect","Backflip","Dagger Throw"],"picked":"SKIP","floor":44.0},{"not_picked":["Cloak And Dagger","Blade Dance"],"picked":"Blur","floor":45.0},{"not_picked":["Choke","Endless Agony"],"picked":"Footwork","floor":47}],"player_experience":1055724,"relics_obtained":[{"floor":7.0,"key":"Regal Pillow"},{"floor":14.0,"key":"Incense Burner"},{"floor":25.0,"key":"Pen Nib"},{"floor":25.0,"key":"Gremlin Horn"},{"floor":26.0,"key":"Torii"},{"floor":43.0,"key":"Paper Crane"},{"floor":44.0,"key":"The Courier"}],"event_choices":[{"damage_healed":0.0,"max_hp_gain":0.0,"max_hp_loss":0.0,"gold_gain":0.0,"event_name":"Upgrade Shrine","player_choice":"Upgraded","floor":2.0,"gold_loss":0.0,"damage_taken":0.0,"cards_upgraded":["Bouncing Flask"]},{"damage_healed":0.0,"max_hp_gain":0.0,"max_hp_loss":0.0,"gold_gain":0.0,"cards_transformed":["Strike_G"],"event_name":"Transmorgrifier","player_choice":"Transformed","floor":4.0,"gold_loss":0.0,"damage_taken":0.0,"cards_obtained":["Flechettes"]},{"damage_healed":0.0,"max_hp_gain":0.0,"max_hp_loss":0.0,"gold_gain":0.0,"event_name":"Dead Adventurer","player_choice":"Searched \u00271\u0027 times","floor":13.0,"gold_loss":0.0,"damage_taken":0.0,"relics_obtained":["Matryoshka"]},{"damage_healed":0.0,"max_hp_gain":0.0,"max_hp_loss":0.0,"gold_gain":0.0,"cards_transformed":["Strike_G","Heel Hook"],"event_name":"Drug Dealer","player_choice":"Became Test Subject","floor":24.0,"gold_loss":0.0,"damage_taken":0.0,"cards_obtained":["Bullet Time","Noxious Fumes"]},{"cards_removed":["Bullet Time"],"damage_healed":51.0,"max_hp_gain":10.0,"max_hp_loss":0.0,"gold_gain":0.0,"event_name":"Bonfire Elementals","player_choice":"Offered Rare","floor":28.0,"gold_loss":0.0,"damage_taken":0.0},{"damage_healed":0.0,"max_hp_gain":0.0,"max_hp_loss":4.0,"gold_gain":0.0,"event_name":"Winding Halls","player_choice":"Max HP","floor":41.0,"gold_loss":0.0,"damage_taken":0.0}],"is_beta":false,"boss_relics":[{"not_picked":["Busted Crown","Cursed Key"],"picked":"Empty Cage"},{"not_picked":["Calling Bell","Ring of the Serpent"],"picked":"Lizard Tail"}],"items_purged_floors":[21,37,46],"is_endless":false,"potions_floor_spawned":[7,11,12,16,20,27,33,36,39,44],"killed_by":"Jaw Worm Horde","ascension_level":20}