{"gold_per_floor":[115,134,206,223,241,241,267,267,267,285,296,45,95,144,144,272,272,316,231,231,272,307,371,371,436,436,37,102,102],"floor_reached":29,"playtime":2136,"items_purged":["Strike_R","Strike_R"],"score":475,"play_id":"67722f0c-e85c-416b-9c2e-b4f8e9e11767","local_time":"20190723215104","is_ascension_mode":true,"campfire_choices":[{"data":"Combust","floor":6.0,"key":"SMITH"},{"data":"Wild Strike","floor":8.0,"key":"SMITH"},{"data":"HandOfGreed","floor":15.0,"key":"SMITH"},{"data":"Shrug It Off","floor":24.0,"key":"SMITH"}],"neow_cost":"NONE","seed_source_timestamp":0,"circlet_count":0,"master_deck":["AscendersBane","Strike_R","Strike_R","Strike_R","Defend_R","Defend_R","Defend_R","Defend_R","Bash+1","Combust+1","Pommel Strike","Wild Strike+1","Cleave","Spot Weakness","Spot Weakness","HandOfGreed+1","Headbutt","Reaper","Shrug It Off","Shrug It Off","Shrug It Off","Shrug It Off+1","Injury","Shockwave"],"special_seed":0,"relics":["Burning Blood","Orichalcum","Anchor","Paper Frog","Cursed Key","Boot","Tiny Chest","Darkstone Periapt","Pear"],"potions_floor_usage":[29,29],"damage_taken":[{"damage":9.0,"enemies":"Jaw Worm","floor":1.0,"turns":3.0},{"damage":2.0,"enemies":"Small Slimes","floor":2.0,"turns":2.0},{"damage":1.0,"enemies":"Cultist","floor":4.0,"turns":3.0},{"damage":5.0,"enemies":"2 Fungi Beasts","floor":5.0,"turns":4.0},{"damage":24.0,"enemies":"Gremlin Nob","floor":7.0,"turns":4.0},{"damage":3.0,"enemies":"Red Slaver","floor":10.0,"turns":3.0},{"damage":3.0,"enemies":"Blue Slaver","floor":11.0,"turns":2.0},{"damage":16.0,"enemies":"3 Sentries","floor":14.0,"turns":5.0},{"damage":26.0,"enemies":"Slime Boss","floor":16.0,"turns":8.0},{"damage":9.0,"enemies":"Chosen","floor":18.0,"turns":4.0},{"damage":13.0,"enemies":"3 Byrds","floor":21.0,"turns":4.0},{"damage":28.0,"enemies":"Snecko","floor":22.0,"turns":4.0},{"damage":23.0,"enemies":"Book of Stabbing","floor":23.0,"turns":5.0},{"damage":34.0,"enemies":"Shelled Parasite and Fungi","floor":25.0,"turns":6.0},{"damage":2.0,"enemies":"Cultist and Chosen","floor":28.0,"turns":4.0},{"damage":60,"enemies":"Gremlin Leader","floor":29,"turns":7}],"seed_played":"50458715240220933","potions_obtained":[{"floor":1.0,"key":"Weak Potion"},{"floor":5.0,"key":"Strength Potion"},{"floor":10.0,"key":"Explosive Potion"},{"floor":14.0,"key":"Block Potion"},{"floor":16.0,"key":"AttackPotion"},{"floor":22.0,"key":"EssenceOfSteel"},{"floor":25.0,"key":"FearPotion"},{"floor":28.0,"key":"Swift Potion"}],"is_trial":false,"path_per_floor":["M","M","?","M","M","R","E","R","T","M","M","$","?","E","R","B",null,"M","?","?","M","M","E","R","M","T","$","M","E"],"character_chosen":"IRONCLAD","items_purchased":["HandOfGreed","Pear","Dexterity Potion"],"campfire_rested":0,"item_purchase_floors":[12,27,27],"current_hp_per_floor":[65,69,69,74,75,75,57,57,57,60,63,63,56,46,46,26,63,67,67,67,65,50,33,33,15,15,25,48,0],"gold":102,"neow_bonus":"UPGRADE_CARD","is_prod":false,"is_daily":false,"chose_seed":false,"campfire_upgraded":4,"win_rate":0,"timestamp":1563933064,"path_taken":["M","M","?","M","M","R","E","R","T","M","M","$","?","E","R","BOSS","M","?","?","M","M","E","R","M","T","$","?","E"],"build_version":"2019-07-17","purchased_purges":2,"victory":false,"max_hp_per_floor":[75,75,75,75,75,75,75,75,75,75,75,75,75,75,75,75,75,75,75,75,75,75,75,75,75,75,85,85,85],"card_choices":[{"not_picked":["Intimidate","Heavy Blade"],"picked":"Combust","floor":1.0},{"not_picked":["Iron Wave","Warcry"],"picked":"Pommel Strike","floor":2.0},{"not_picked":["Wild Strike","Armaments","True Grit"],"picked":"SKIP","floor":4.0},{"not_picked":["Armaments","True Grit"],"picked":"Wild Strike","floor":4.0},{"not_picked":["Blood for Blood","Brutality"],"picked":"Cleave","floor":5.0},{"not_picked":["Pommel Strike","Flex","Thunderclap"],"picked":"SKIP","floor":7.0},{"not_picked":["Wild Strike","Intimidate"],"picked":"Spot Weakness","floor":10.0},{"not_picked":["Clothesline","Thunderclap"],"picked":"Spot Weakness","floor":11.0},{"not_picked":["Cleave","Intimidate"],"picked":"Headbutt","floor":14.0},{"not_picked":["Barricade","Demon Form"],"picked":"Reaper","floor":16.0},{"not_picked":["Clash","Hemokinesis"],"picked":"Shrug It Off","floor":18.0},{"not_picked":["Anger+1","Flex","Clash"],"picked":"SKIP","floor":21.0},{"not_picked":["Infernal Blade","Anger"],"picked":"Shrug It Off","floor":22.0},{"not_picked":["Infernal Blade","Wild Strike"],"picked":"Shrug It Off","floor":23.0},{"not_picked":["Spot Weakness+1","Clothesline","Heavy Blade"],"picked":"SKIP","floor":25.0},{"not_picked":["True Grit","Rage+1"],"picked":"Shockwave","floor":28.0}],"player_experience":413530,"relics_obtained":[{"floor":7.0,"key":"Orichalcum"},{"floor":9.0,"key":"Anchor"},{"floor":14.0,"key":"Paper Frog"},{"floor":23.0,"key":"Tiny Chest"},{"floor":26.0,"key":"Darkstone Periapt"}],"event_choices":[{"damage_healed":0.0,"max_hp_gain":0.0,"max_hp_loss":0.0,"gold_gain":72.0,"event_name":"Golden Wing","player_choice":"Gained Gold","floor":3.0,"gold_loss":0.0,"damage_taken":0.0},{"damage_healed":0.0,"max_hp_gain":0.0,"max_hp_loss":0.0,"gold_gain":50.0,"event_name":"FaceTrader","player_choice":"Touch","floor":13.0,"gold_loss":0.0,"damage_taken":7.0},{"damage_healed":0.0,"max_hp_gain":0.0,"max_hp_loss":0.0,"gold_gain":0.0,"event_name":"Addict","player_choice":"Obtained Relic","floor":19.0,"gold_loss":85.0,"damage_taken":0.0,"relics_obtained":["Boot"]},{"damage_healed":0.0,"max_hp_gain":0.0,"max_hp_loss":0.0,"gold_gain":0.0,"event_name":"Duplicator","player_choice":"Copied","floor":20.0,"gold_loss":0.0,"damage_taken":0.0,"cards_obtained":["Shrug It Off"]}],"is_beta":false,"boss_relics":[{"not_picked":["Lizard Tail","Tiny House"],"picked":"Cursed Key"}],"items_purged_floors":[12,27],"is_endless":false,"potions_floor_spawned":[1,5,10,14,16,18,22,25,28],"killed_by":"Gremlin Leader","ascension_level":15}