{"gold_per_floor":[113,128,128,128,128,162,162,192,192,203,215,215,59,80,80,155,155,172,222,237,237,162,162,162,162,162,173,173,187,207,207],"floor_reached":31,"playtime":843,"items_purged":["Strike_G"],"score":536,"play_id":"b2b814e0-4150-4c7f-8f11-a15b5f12d5f6","local_time":"20190711102106","is_ascension_mode":true,"campfire_choices":[{"data":"Glass Knife","floor":7.0,"key":"SMITH"},{"data":"Neutralize","floor":12.0,"key":"SMITH"},{"data":"Catalyst","floor":15.0,"key":"SMITH"},{"data":"Acrobatics","floor":23,"key":"SMITH"},{"data":"Deadly Poison","floor":25,"key":"SMITH"},{"data":"Calculated Gamble","floor":28,"key":"SMITH"}],"neow_cost":"NONE","seed_source_timestamp":238330646268805,"circlet_count":0,"master_deck":["AscendersBane","Defend_G","Defend_G","Defend_G","Defend_G","Defend_G","Survivor","Neutralize+1","Cloak And Dagger","Acrobatics+1","Glass Knife+1","Deadly Poison+1","Calculated Gamble+1","Catalyst+1","Adrenaline","Terror+1","Poisoned Stab+1","Heel Hook+1","Noxious Fumes+1","Prepared+1"],"special_seed":0,"relics":["Ring of the Snake","NeowsBlessing","Art of War","Pantograph","Molten Egg 2","Odd Mushroom","Astrolabe","Bottled Flame"],"potions_floor_usage":[20],"damage_taken":[{"damage":0.0,"enemies":"Small Slimes","floor":1.0,"turns":1.0},{"damage":0.0,"enemies":"Jaw Worm","floor":2.0,"turns":1.0},{"damage":0.0,"enemies":"Gremlin Nob","floor":6.0,"turns":1.0},{"damage":20.0,"enemies":"Lagavulin","floor":8.0,"turns":6.0},{"damage":0.0,"enemies":"2 Louse","floor":10.0,"turns":1.0},{"damage":0.0,"enemies":"Red Slaver","floor":11.0,"turns":3.0},{"damage":27.0,"enemies":"The Mushroom Lair","floor":14.0,"turns":5.0},{"damage":8.0,"enemies":"Hexaghost","floor":16.0,"turns":7.0},{"damage":0.0,"enemies":"Chosen","floor":18.0,"turns":3.0},{"damage":6,"enemies":"3 Byrds","floor":20,"turns":4},{"damage":0,"enemies":"Centurion and Healer","floor":27,"turns":5},{"damage":18,"enemies":"Shelled Parasite and Fungi","floor":29,"turns":5},{"damage":10,"enemies":"Snecko","floor":30,"turns":4},{"damage":0,"enemies":"Cultist and Chosen","floor":31,"turns":1}],"seed_played":"-2127546998412083702","potions_obtained":[{"floor":2.0,"key":"Energy Potion"},{"floor":8.0,"key":"SkillPotion"},{"floor":18.0,"key":"Fire Potion"},{"floor":24,"key":"GhostInAJar"},{"floor":24,"key":"SteroidPotion"}],"is_trial":false,"path_per_floor":["M","M","?","?","T","E","R","E","T","M","M","R","$","?","R","B",null,"M","?","M","?","?","R","?","R","T","M","R","M","M","M"],"character_chosen":"THE_SILENT","items_purchased":["Calculated Gamble"],"campfire_rested":0,"item_purchase_floors":[13],"current_hp_per_floor":[59,59,59,59,59,59,59,39,39,39,39,39,39,12,12,29,57,57,57,51,33,33,33,33,33,33,33,33,15,5,5],"gold":207,"neow_bonus":"THREE_ENEMY_KILL","is_prod":false,"is_daily":false,"chose_seed":false,"campfire_upgraded":6,"win_rate":0,"timestamp":1562811666,"path_taken":["M","M","?","?","?","E","R","E","T","M","M","R","$","?","R","BOSS","M","?","?","?","?","R","?","R","T","M","R","M","M","M"],"build_version":"2019-07-05","purchased_purges":1,"victory":false,"max_hp_per_floor":[66,66,66,66,66,66,66,66,66,66,66,66,66,66,66,66,66,66,66,66,71,71,71,71,71,71,71,71,71,71,71],"card_choices":[{"not_picked":["Deflect","Sucker Punch"],"picked":"Cloak And Dagger","floor":1.0},{"not_picked":["Masterful Stab","Poisoned Stab"],"picked":"Acrobatics","floor":2.0},{"not_picked":["Prepared","Setup"],"picked":"Glass Knife","floor":6.0},{"not_picked":["Choke","Terror"],"picked":"Deadly Poison","floor":8.0},{"not_picked":["Deadly Poison","Sucker Punch+1","Dodge and Roll"],"picked":"SKIP","floor":10.0},{"not_picked":["Sucker Punch+1","Dagger Throw+1","Blur"],"picked":"SKIP","floor":11.0},{"not_picked":["Tactician","Caltrops"],"picked":"Catalyst","floor":14.0},{"not_picked":["A Thousand Cuts","Venomology"],"picked":"Adrenaline","floor":16.0},{"not_picked":["All Out Attack+1","Acrobatics+1","Caltrops+1"],"picked":"SKIP","floor":18.0},{"not_picked":["Dagger Spray+1","Acrobatics","Outmaneuver"],"picked":"SKIP","floor":20},{"not_picked":["Masterful Stab+1","Blur","PiercingWail"],"picked":"SKIP","floor":27},{"not_picked":["Poisoned Stab+1","Dagger Throw+1"],"picked":"Noxious Fumes+1","floor":29},{"not_picked":["Underhanded Strike+1","PiercingWail"],"picked":"Prepared+1","floor":30}],"player_experience":1099659,"relics_obtained":[{"floor":6.0,"key":"Art of War"},{"floor":8.0,"key":"Pantograph"},{"floor":9.0,"key":"Molten Egg 2"},{"floor":14.0,"key":"Odd Mushroom"},{"floor":26,"key":"Bottled Flame"}],"event_choices":[{"damage_healed":0.0,"max_hp_gain":0.0,"max_hp_loss":0.0,"gold_gain":0.0,"event_name":"Liars Game","player_choice":"Ignored","floor":3.0,"gold_loss":0.0,"damage_taken":0.0},{"damage_healed":0.0,"max_hp_gain":0.0,"max_hp_loss":0.0,"gold_gain":0.0,"cards_transformed":["Strike_G"],"event_name":"Living Wall","player_choice":"Change","floor":4.0,"gold_loss":0.0,"damage_taken":0.0,"cards_obtained":["Terror"]},{"damage_healed":0.0,"max_hp_gain":0.0,"max_hp_loss":0.0,"gold_gain":0.0,"event_name":"Mushrooms","player_choice":"Fought Mushrooms","floor":14.0,"gold_loss":0.0,"damage_taken":0.0},{"damage_healed":0.0,"max_hp_gain":0.0,"max_hp_loss":0.0,"gold_gain":100.0,"event_name":"The Joust","player_choice":"Bet on Murderer","floor":19.0,"gold_loss":50.0,"damage_taken":0.0},{"damage_healed":0,"gold_gain":0,"player_choice":"Shed Blood","damage_taken":23,"max_hp_gain":5,"max_hp_loss":0,"event_name":"Forgotten Altar","floor":21,"gold_loss":0},{"cards_removed":["Terror"],"damage_healed":0,"gold_gain":0,"player_choice":"Gave Gold","damage_taken":0,"max_hp_gain":0,"max_hp_loss":0,"event_name":"Beggar","floor":22,"gold_loss":75},{"damage_healed":0,"gold_gain":0,"player_choice":"Got Potions","damage_taken":0,"max_hp_gain":0,"max_hp_loss":0,"event_name":"Lab","floor":24,"gold_loss":0}],"is_beta":false,"boss_relics":[{"not_picked":["Philosopher\u0027s Stone","Ectoplasm"],"picked":"Astrolabe"}],"items_purged_floors":[13],"is_endless":false,"potions_floor_spawned":[2,8,11,14,18],"killed_by":"Cultist and Chosen","ascension_level":20}