{"gold_per_floor":[113,188,202,152,327,355,355,372,396,139,172,189,189,199,199,199],"floor_reached":16,"playtime":611,"items_purged":[],"score":142,"play_id":"7ace7837-9e7c-438a-96c6-04dbc67389dc","local_time":"20190107155248","is_ascension_mode":true,"campfire_choices":[{"floor":7,"key":"REST"},{"floor":15,"key":"REST"}],"neow_cost":"PERCENT_DAMAGE","seed_source_timestamp":281144911727368,"circlet_count":0,"master_deck":["Strike_B","Strike_B+1","Defend_B","Defend_B","Defend_B","Zap","Dualcast","Hyperbeam","Meteor Strike","Gash+1","Streamline","Doubt","Go for the Eyes","Turbo","Defragment","Turbo","Hologram","FTL","Melter"],"relics":["Cracked Core","PreservedInsect","Potion Belt","DataDisk","Gambling Chip"],"potions_floor_usage":[6,16,16],"damage_taken":[{"damage":0,"enemies":"Jaw Worm","floor":1,"turns":1},{"damage":0,"enemies":"2 Louse","floor":3,"turns":1},{"damage":26,"enemies":"3 Sentries","floor":6,"turns":8},{"damage":0,"enemies":"Small Slimes","floor":8,"turns":2},{"damage":0,"enemies":"Gremlin Nob","floor":11,"turns":3},{"damage":0,"enemies":"Looter","floor":12,"turns":2},{"damage":5,"enemies":"Blue Slaver","floor":14,"turns":3},{"damage":46,"enemies":"Hexaghost","floor":16,"turns":7}],"seed_played":"4682034178625526722","potions_obtained":[{"floor":3,"key":"Weak Potion"},{"floor":6,"key":"Swift Potion"},{"floor":8,"key":"FearPotion"},{"floor":14,"key":"FocusPotion"}],"is_trial":false,"path_per_floor":["M","?","M","?","?","E","R","M","T","$","E","M","?","M","R","B"],"character_chosen":"DEFECT","items_purchased":["Defragment","DataDisk","Turbo"],"campfire_rested":2,"item_purchase_floors":[10,10,10],"current_hp_per_floor":[54,43,43,43,43,17,39,39,39,39,39,39,24,19,41,0],"gold":199,"neow_bonus":"TRANSFORM_TWO_CARDS","is_prod":false,"is_daily":false,"chose_seed":false,"campfire_upgraded":0,"win_rate":0,"timestamp":1546836768,"path_taken":["M","?","M","?","?","E","R","M","T","$","E","M","?","M","R","BOSS"],"build_version":"2019-01-03v4","purchased_purges":0,"victory":false,"max_hp_per_floor":[75,75,75,75,75,75,75,75,75,75,75,75,75,75,75,75],"card_choices":[{"not_picked":["Sweeping Beam","BootSequence"],"picked":"Gash","floor":1},{"not_picked":["Stack","Beam Cell"],"picked":"Streamline","floor":3},{"not_picked":["Streamline","Storm"],"picked":"Go for the Eyes","floor":6},{"not_picked":["Rebound","Ball Lightning"],"picked":"Turbo","floor":8},{"not_picked":["Multi-Cast","Conserve Battery"],"picked":"Hologram","floor":11},{"not_picked":["Leap","Steam"],"picked":"FTL","floor":12},{"not_picked":["Force Field","Leap"],"picked":"Melter","floor":14}],"player_experience":401579,"relics_obtained":[{"floor":6,"key":"PreservedInsect"},{"floor":9,"key":"Potion Belt"},{"floor":11,"key":"Gambling Chip"}],"event_choices":[{"damage_healed":0,"gold_gain":75,"player_choice":"Gather Gold","damage_taken":11,"max_hp_gain":0,"max_hp_loss":0,"event_name":"World of Goop","floor":2,"gold_loss":0},{"cards_removed":["Defend_B"],"damage_healed":0,"gold_gain":0,"player_choice":"Card Removal","damage_taken":0,"max_hp_gain":0,"max_hp_loss":0,"event_name":"The Cleric","floor":4,"gold_loss":50},{"damage_healed":0,"gold_gain":175,"player_choice":"AGREE","damage_taken":0,"max_hp_gain":0,"max_hp_loss":0,"event_name":"Liars Game","floor":5,"gold_loss":0,"cards_obtained":["Doubt"]},{"damage_healed":0,"gold_gain":0,"player_choice":"Entered Light","damage_taken":15,"max_hp_gain":0,"max_hp_loss":0,"event_name":"Shining Light","floor":13,"gold_loss":0,"cards_upgraded":["Strike_B","Gash"]}],"is_beta":false,"boss_relics":[],"items_purged_floors":[],"is_endless":false,"potions_floor_spawned":[3,6,8,14],"killed_by":"Hexaghost","ascension_level":1}