{"gold_per_floor":[116,66,79,79,4,31,47,47,47,66,78,78,78],"floor_reached":13,"playtime":153,"items_purged":["Defend_R"],"score":110,"play_id":"ded897f5-9036-4eff-be38-e3fdb583a9b0","local_time":"20190708101750","is_ascension_mode":false,"campfire_choices":[{"data":"Whirlwind","floor":8,"key":"SMITH"}],"neow_cost":"NONE","seed_source_timestamp":388884724982848,"circlet_count":0,"master_deck":["Strike_R","Strike_R","Strike_R","Defend_R","Defend_R","Defend_R","Bash","Armaments","Whirlwind+1"],"special_seed":0,"relics":["Burning Blood","NeowsBlessing","Paper Frog","Sundial"],"potions_floor_usage":[],"damage_taken":[{"damage":0.0,"enemies":"Jaw Worm","floor":1.0,"turns":1.0},{"damage":0.0,"enemies":"2 Louse","floor":3.0,"turns":1.0},{"damage":0,"enemies":"3 Sentries","floor":6,"turns":2},{"damage":0,"enemies":"Small Slimes","floor":7,"turns":3},{"damage":12,"enemies":"Red Slaver","floor":10,"turns":4},{"damage":6,"enemies":"2 Fungi Beasts","floor":11,"turns":2}],"seed_played":"8726989801405063010","potions_obtained":[{"floor":1.0,"key":"Poison Potion"},{"floor":3.0,"key":"LiquidBronze"},{"floor":7,"key":"SteroidPotion"}],"is_trial":false,"path_per_floor":["M","?","M","?","$","E","M","R","T","M","M","$","?"],"character_chosen":"IRONCLAD","items_purchased":[],"campfire_rested":0,"item_purchase_floors":[],"current_hp_per_floor":[80,80,80,80,80,80,80,80,80,74,74,74,74],"gold":78,"neow_bonus":"THREE_ENEMY_KILL","is_prod":false,"is_daily":false,"chose_seed":false,"campfire_upgraded":1,"win_rate":0,"timestamp":1562552270,"path_taken":["M","?","M","?","$","E","M","R","T","M","M","$","?"],"build_version":"2019-07-05","purchased_purges":1,"victory":false,"max_hp_per_floor":[80,80,80,80,80,80,80,80,80,80,80,80,80],"card_choices":[{"not_picked":["Pummel","Flame Barrier","Pommel Strike"],"picked":"SKIP","floor":1.0},{"not_picked":["True Grit","Clothesline"],"picked":"Armaments","floor":3.0},{"not_picked":["Anger","Havoc"],"picked":"Whirlwind","floor":6},{"not_picked":["Burning Pact","Iron Wave","Metallicize"],"picked":"SKIP","floor":7},{"not_picked":["Wild Strike","Fiend Fire","Perfected Strike"],"picked":"SKIP","floor":10},{"not_picked":["Headbutt","Sever Soul","True Grit"],"picked":"SKIP","floor":11}],"player_experience":1060833,"relics_obtained":[{"floor":6,"key":"Paper Frog"},{"floor":9,"key":"Sundial"}],"event_choices":[{"cards_removed":["Strike_R"],"damage_healed":0.0,"max_hp_gain":0.0,"max_hp_loss":0.0,"gold_gain":0.0,"event_name":"The Cleric","player_choice":"Card Removal","floor":2.0,"gold_loss":50.0,"damage_taken":0.0},{"cards_removed":["Strike_R"],"damage_healed":0,"gold_gain":0,"player_choice":"Forget","damage_taken":0,"max_hp_gain":0,"max_hp_loss":0,"event_name":"Living Wall","floor":4,"gold_loss":0},{"damage_healed":0,"gold_gain":0,"player_choice":"Ignored","damage_taken":0,"max_hp_gain":0,"max_hp_loss":0,"event_name":"NoteForYourself","floor":13,"gold_loss":0}],"is_beta":false,"boss_relics":[],"items_purged_floors":[5],"is_endless":false,"potions_floor_spawned":[1,3,7],"ascension_level":0}