{"gold_per_floor":[114,126,126,141,94,94,106,106,158,158,112,59,59,86,86,185,185,195,195,195,211,211],"floor_reached":22,"playtime":1345,"items_purged":[],"score":218,"play_id":"4ed29967-c1ee-4937-9543-43b022b8e5f0","local_time":"20190709104518","is_ascension_mode":true,"campfire_choices":[{"data":"Forethought","floor":6,"key":"SMITH"},{"data":"Inflame","floor":8,"key":"SMITH"},{"data":"Spot Weakness","floor":10,"key":"SMITH"},{"floor":13,"key":"REST"},{"data":"Shrug It Off","floor":15,"key":"SMITH"}],"neow_cost":"NONE","seed_source_timestamp":2039186350239700,"circlet_count":0,"master_deck":["Strike_R+1","Strike_R+1","Strike_R+1","Strike_R+1","Strike_R+1","Defend_R+1","Defend_R+1","Defend_R+1","Defend_R+1","Bash","Forethought+1","Inflame+1","Blood for Blood+1","Shrug It Off+1","Spot Weakness+1","Headbutt","Sword Boomerang","Immolate","Iron Wave","Intimidate","Disarm","Seeing Red"],"relics":["Burning Blood","Whetstone","Smiling Mask","Orrery","Nilry\u0027s Codex"],"potions_floor_usage":[7,14,18,21,22],"damage_taken":[{"damage":5,"enemies":"Small Slimes","floor":1,"turns":4},{"damage":1,"enemies":"Cultist","floor":2,"turns":3},{"damage":13,"enemies":"Jaw Worm","floor":4,"turns":4},{"damage":23,"enemies":"Exordium Thugs","floor":7,"turns":4},{"damage":40,"enemies":"3 Sentries","floor":14,"turns":7},{"damage":28,"enemies":"Slime Boss","floor":16,"turns":7},{"damage":21,"enemies":"Chosen","floor":18,"turns":5},{"damage":19,"enemies":"2 Thieves","floor":21,"turns":3},{"damage":38,"enemies":"Cultist and Chosen","floor":22,"turns":6}],"seed_played":"-6315889071428966377","potions_obtained":[{"floor":1,"key":"Fire Potion"},{"floor":7,"key":"BloodPotion"},{"floor":14,"key":"Swift Potion"},{"floor":18,"key":"Weak Potion"},{"floor":21,"key":"Swift Potion"}],"is_trial":false,"path_per_floor":["M","M","?","M","$","R","M","R","T","R","?","$","R","E","R","B",null,"M","?","?","M","M"],"character_chosen":"IRONCLAD","items_purchased":["Shrug It Off","Headbutt"],"campfire_rested":1,"item_purchase_floors":[5,12],"current_hp_per_floor":[80,80,80,73,73,73,56,56,56,56,56,56,80,66,66,44,80,65,65,49,36,0],"gold":211,"neow_bonus":"RANDOM_COLORLESS","is_prod":false,"is_daily":false,"chose_seed":false,"campfire_upgraded":4,"win_rate":0,"timestamp":1562694318,"path_taken":["M","M","?","?","$","R","M","R","T","R","?","?","R","E","R","BOSS","M","?","?","M","M"],"build_version":"2019-07-05","purchased_purges":0,"victory":false,"max_hp_per_floor":[80,80,80,80,80,80,80,80,80,80,80,80,80,80,80,80,80,80,80,80,80,80],"card_choices":[{"not_picked":["Twin Strike","Headbutt"],"picked":"Inflame","floor":1},{"not_picked":["Anger","Hemokinesis"],"picked":"Disarm","floor":2},{"not_picked":["Anger","Twin Strike"],"picked":"Blood for Blood","floor":4},{"not_picked":["Perfected Strike","Warcry"],"picked":"Spot Weakness","floor":7},{"not_picked":["Fiend Fire","Entrench"],"picked":"Sword Boomerang","floor":14},{"not_picked":["Impervious","Bludgeon"],"picked":"Immolate","floor":16},{"not_picked":["Sentinel","Burning Pact"],"picked":"Iron Wave","floor":17},{"not_picked":["Wild Strike","Thunderclap"],"picked":"Intimidate","floor":17},{"not_picked":["Warcry","Carnage"],"picked":"Disarm","floor":17},{"not_picked":["Bludgeon","Havoc"],"picked":"Seeing Red","floor":18},{"not_picked":["Wild Strike","Shrug It Off+1","Dual Wield"],"picked":"SKIP","floor":21}],"player_experience":618081,"relics_obtained":[{"floor":9,"key":"Whetstone"},{"floor":14,"key":"Smiling Mask"},{"floor":20,"key":"Nilry\u0027s Codex"}],"event_choices":[{"cards_removed":["Disarm"],"damage_healed":0,"gold_gain":0,"player_choice":"Offered Uncommon","damage_taken":0,"max_hp_gain":0,"max_hp_loss":0,"event_name":"Bonfire Elementals","floor":3,"gold_loss":0},{"damage_healed":0,"gold_gain":0,"player_choice":"Left Gold","damage_taken":0,"max_hp_gain":0,"max_hp_loss":0,"event_name":"World of Goop","floor":11,"gold_loss":46},{"damage_healed":0,"gold_gain":0,"player_choice":"Simplicity","damage_taken":0,"max_hp_gain":0,"max_hp_loss":0,"event_name":"Back to Basics","floor":19,"gold_loss":0,"cards_upgraded":["Strike_R","Strike_R","Strike_R","Strike_R","Defend_R","Defend_R","Defend_R","Defend_R"]},{"damage_healed":0,"gold_gain":0,"player_choice":"Obtained Book","damage_taken":16,"max_hp_gain":0,"max_hp_loss":0,"event_name":"Cursed Tome","floor":20,"gold_loss":0}],"is_beta":false,"boss_relics":[{"not_picked":["Philosopher\u0027s Stone","Black Star"],"picked":"Orrery"}],"items_purged_floors":[],"is_endless":false,"potions_floor_spawned":[1,7,14,18,21],"killed_by":"Cultist and Chosen","ascension_level":4}