{"gold_per_floor":[11,86,106,106,26,26,26,49,49,49,83,83],"floor_reached":12,"playtime":274,"items_purged":[],"score":152,"play_id":"b38ee062-7a3c-4508-91f1-2089e8af1182","local_time":"20190525103418","is_ascension_mode":true,"campfire_choices":[{"data":"Defragment","floor":6,"key":"SMITH"},{"data":"Streamline","floor":10,"key":"SMITH"}],"neow_cost":"NO_GOLD","seed_source_timestamp":344683782755370,"circlet_count":0,"master_deck":["AscendersBane","Strike_B","Defend_B","Defend_B","Defend_B","Defend_B","Zap","Dualcast","Chill","Storm","Defragment","Defragment+1","Streamline+1"],"relics":["Cracked Core","Golden Idol","Shuriken","Mercury Hourglass"],"potions_floor_usage":[],"damage_taken":[{"damage":7,"enemies":"Jaw Worm","floor":1,"turns":3},{"damage":5,"enemies":"2 Louse","floor":3,"turns":3},{"damage":2,"enemies":"Cultist","floor":8,"turns":4},{"damage":15,"enemies":"3 Sentries","floor":11,"turns":6},{"damage":17,"enemies":"Gremlin Gang","floor":12,"turns":2}],"seed_played":"8984557870500589341","potions_obtained":[{"floor":8,"key":"SteroidPotion"}],"is_trial":false,"path_per_floor":["M","?","M","?","$","R","?","M","T","R","E","M"],"character_chosen":"DEFECT","items_purchased":["Defragment"],"campfire_rested":0,"item_purchase_floors":[5],"current_hp_per_floor":[57,46,41,41,41,41,34,32,32,32,17,0],"gold":83,"neow_bonus":"TRANSFORM_TWO_CARDS","is_prod":false,"is_daily":false,"chose_seed":false,"campfire_upgraded":2,"win_rate":0,"timestamp":1558751658,"path_taken":["M","?","M","?","?","R","?","M","T","R","E","M"],"build_version":"2019-01-23","purchased_purges":0,"victory":false,"max_hp_per_floor":[71,71,71,64,64,64,64,64,64,64,64,64],"card_choices":[{"not_picked":["Conserve Battery","Redo"],"picked":"Defragment","floor":1},{"not_picked":["Beam Cell","Rebound","Compile Driver"],"picked":"SKIP","floor":3},{"not_picked":["Steam","Tempest"],"picked":"Streamline","floor":8},{"not_picked":["Scrape","Doom and Gloom","Hyperbeam"],"picked":"SKIP","floor":11}],"player_experience":948258,"relics_obtained":[{"floor":9,"key":"Shuriken"},{"floor":11,"key":"Mercury Hourglass"}],"event_choices":[{"damage_healed":0,"gold_gain":75,"player_choice":"Gather Gold","damage_taken":11,"max_hp_gain":0,"max_hp_loss":0,"event_name":"World of Goop","floor":2,"gold_loss":0},{"damage_healed":0,"gold_gain":0,"player_choice":"Lose Max HP","damage_taken":0,"relics_obtained":["Golden Idol"],"max_hp_gain":0,"max_hp_loss":7,"event_name":"Golden Idol","floor":4,"gold_loss":0},{"cards_removed":["Strike_B"],"damage_healed":0,"gold_gain":0,"player_choice":"Card Removal","damage_taken":7,"max_hp_gain":0,"max_hp_loss":0,"event_name":"Golden Wing","floor":7,"gold_loss":0}],"is_beta":false,"boss_relics":[],"items_purged_floors":[],"is_endless":false,"potions_floor_spawned":[8],"killed_by":"Gremlin Gang","ascension_level":20}