{"gold_per_floor":[112,32,32,8,8,42,42,72,72,99,99,113,113,128,128,128],"floor_reached":16,"playtime":467,"items_purged":[],"score":315,"play_id":"0c898cbb-6cab-4ade-a86a-b9ce7da9610e","local_time":"20190312221524","is_ascension_mode":true,"campfire_choices":[{"floor":11,"key":"REST"},{"data":"Corruption","floor":13,"key":"SMITH"},{"floor":15,"key":"REST"}],"neow_cost":"NONE","seed_source_timestamp":247707006240679,"circlet_count":0,"master_deck":["AscendersBane","Strike_R","Strike_R","Strike_R","Defend_R","Defend_R","Defend_R","Defend_R","Bash","Infernal Blade","Corruption+1","Warcry","Anger","Berserk","Rampage","Sentinel","Double Tap","Sentinel"],"relics":["Burning Blood","NeowsBlessing","Pen Nib","Ice Cream","Ornamental Fan","Matryoshka"],"potions_floor_usage":[10,16,16],"damage_taken":[{"damage":0,"enemies":"Jaw Worm","floor":1,"turns":1},{"damage":0,"enemies":"Gremlin Nob","floor":6,"turns":1},{"damage":0,"enemies":"Lagavulin","floor":8,"turns":1},{"damage":43,"enemies":"Gremlin Nob","floor":10,"turns":4},{"damage":3,"enemies":"2 Louse","floor":12,"turns":3},{"damage":3,"enemies":"Small Slimes","floor":14,"turns":3},{"damage":76,"enemies":"The Guardian","floor":16,"turns":9}],"seed_played":"-5519340565255676765","potions_obtained":[{"floor":1,"key":"Dexterity Potion"},{"floor":6,"key":"Energy Potion"},{"floor":14,"key":"LiquidBronze"}],"is_trial":false,"path_per_floor":["M","$","?","$","?","E","?","E","T","E","R","M","R","M","R","B"],"character_chosen":"IRONCLAD","items_purchased":["Corruption","Warcry"],"campfire_rested":2,"item_purchase_floors":[2,4],"current_hp_per_floor":[74,74,74,74,67,73,73,75,75,38,60,63,63,66,75,0],"gold":128,"neow_bonus":"THREE_ENEMY_KILL","is_prod":false,"is_daily":false,"chose_seed":false,"campfire_upgraded":1,"win_rate":0,"timestamp":1552389324,"path_taken":["M","$","?","$","?","E","?","E","T","E","R","M","R","M","R","BOSS"],"build_version":"2019-01-23","purchased_purges":0,"victory":false,"max_hp_per_floor":[75,75,75,75,75,75,75,75,75,75,75,75,75,75,75,75],"card_choices":[{"not_picked":["Sword Boomerang","Headbutt"],"picked":"Infernal Blade","floor":1},{"not_picked":["Dropkick","Bloodletting"],"picked":"Anger","floor":6},{"not_picked":["Anger","Body Slam"],"picked":"Rampage","floor":8},{"not_picked":["Flex","Clothesline"],"picked":"Sentinel","floor":10},{"not_picked":["Infernal Blade","Iron Wave"],"picked":"Double Tap","floor":12},{"not_picked":["Wild Strike","Heavy Blade"],"picked":"Sentinel","floor":14}],"player_experience":837077,"relics_obtained":[{"floor":6,"key":"Pen Nib"},{"floor":8,"key":"Ice Cream"},{"floor":9,"key":"Ornamental Fan"},{"floor":10,"key":"Matryoshka"}],"event_choices":[{"damage_healed":0,"gold_gain":0,"player_choice":"Ignored","damage_taken":0,"max_hp_gain":0,"max_hp_loss":0,"event_name":"Shining Light","floor":3,"gold_loss":0},{"cards_removed":["Strike_R"],"damage_healed":0,"gold_gain":0,"player_choice":"Card Removal","damage_taken":7,"max_hp_gain":0,"max_hp_loss":0,"event_name":"Golden Wing","floor":5,"gold_loss":0},{"damage_healed":0,"gold_gain":0,"cards_transformed":["Strike_R"],"player_choice":"Change","damage_taken":0,"max_hp_gain":0,"max_hp_loss":0,"event_name":"Living Wall","floor":7,"gold_loss":0,"cards_obtained":["Berserk"]}],"is_beta":false,"boss_relics":[],"items_purged_floors":[],"is_endless":false,"potions_floor_spawned":[1,6,8,14],"killed_by":"The Guardian","ascension_level":18}