{"gold_per_floor":[116,128,128,128,128,128,145,160,160,178,178,192,202,230,230,301,301,315,585,423,434,68,68,68,98,151,169,169,199,213,9,9,86,86,101,117,117,117,140,140,140],"floor_reached":41,"playtime":1451,"items_purged":["Strike_R","Strike_R"],"score":887,"play_id":"096f9f8d-0135-4604-aae7-4f67a9c13044","local_time":"20190506165754","is_ascension_mode":true,"campfire_choices":[{"data":"Inflame","floor":6.0,"key":"SMITH"},{"data":"Shockwave","floor":15.0,"key":"SMITH"},{"data":"Limit Break","floor":23,"key":"SMITH"},{"floor":28,"key":"REST"},{"floor":32,"key":"REST"},{"floor":40,"key":"REST"}],"neow_cost":"NONE","seed_source_timestamp":1235312397092982,"circlet_count":0,"master_deck":["AscendersBane","Strike_R","Defend_R","Defend_R+1","Defend_R+1","Defend_R","Bash","Inflame+1","Uppercut","Shockwave+1","Spot Weakness","Evolve","Sword Boomerang","Shrug It Off","Limit Break+1","Barricade","Body Slam","Feel No Pain+1","Metamorphosis","Demon Form","Heavy Blade","Apotheosis"],"special_seed":0,"relics":["Burning Blood","NeowsBlessing","Ornamental Fan","Mummified Hand","Snecko Eye","Matryoshka","Mango","Omamori","PreservedInsect","Strawberry","Velvet Choker","Bag of Marbles"],"potions_floor_usage":[16,25],"damage_taken":[{"damage":0.0,"enemies":"Jaw Worm","floor":1.0,"turns":1.0},{"damage":0.0,"enemies":"2 Louse","floor":2.0,"turns":1.0},{"damage":0.0,"enemies":"Small Slimes","floor":7.0,"turns":2.0},{"damage":12.0,"enemies":"2 Fungi Beasts","floor":8.0,"turns":5.0},{"damage":26.0,"enemies":"Exordium Thugs","floor":10.0,"turns":6.0},{"damage":2.0,"enemies":"Blue Slaver","floor":12.0,"turns":4.0},{"damage":8.0,"enemies":"Looter","floor":13.0,"turns":4.0},{"damage":30.0,"enemies":"Gremlin Nob","floor":14.0,"turns":4.0},{"damage":11,"enemies":"Hexaghost","floor":16,"turns":8},{"damage":11,"enemies":"Spheric Guardian","floor":18,"turns":3},{"damage":13,"enemies":"Shell Parasite","floor":21,"turns":4},{"damage":19,"enemies":"Slavers","floor":25,"turns":3},{"damage":4,"enemies":"Centurion and Healer","floor":27,"turns":6},{"damage":6,"enemies":"Gremlin Leader","floor":29,"turns":5},{"damage":21,"enemies":"Shelled Parasite and Fungi","floor":30,"turns":4},{"damage":30,"enemies":"Champ","floor":33,"turns":7},{"damage":42,"enemies":"3 Darklings","floor":35,"turns":5},{"damage":35,"enemies":"Orb Walker","floor":36,"turns":4},{"damage":32,"enemies":"3 Darklings","floor":41,"turns":3}],"seed_played":"-7802855028913611396","potions_obtained":[{"floor":1.0,"key":"Swift Potion"},{"floor":7.0,"key":"Ancient Potion"},{"floor":13.0,"key":"Strength Potion"},{"floor":25,"key":"EssenceOfSteel"},{"floor":29,"key":"GamblersBrew"}],"is_trial":false,"path_per_floor":["M","M","?","?","?","R","M","M","T","M","?","M","M","E","R","B",null,"M","?","$","M","$","R","?","E","T","M","R","E","M","$","R","B",null,"M","M","?","?","T","R","M"],"character_chosen":"IRONCLAD","items_purchased":["Ancient Potion","Matryoshka","Metamorphosis"],"campfire_rested":3,"item_purchase_floors":[20,22,31],"current_hp_per_floor":[74,75,75,68,45,45,51,45,45,25,50,54,52,28,28,23,62,57,29,29,22,22,22,22,23,23,25,51,58,43,43,71,47,84,48,19,19,19,19,47,15],"gold":140,"neow_bonus":"THREE_ENEMY_KILL","is_prod":false,"is_daily":false,"chose_seed":false,"campfire_upgraded":3,"win_rate":0,"timestamp":1557133074,"path_taken":["M","M","?","?","?","R","M","M","T","M","?","M","M","E","R","BOSS","M","?","?","M","$","R","?","E","T","M","R","E","M","$","R","BOSS","M","M","?","?","?","R","M"],"build_version":"2019-01-23","purchased_purges":2,"victory":false,"max_hp_per_floor":[75,75,75,75,75,75,75,75,75,75,75,75,75,75,75,75,75,75,75,75,75,75,75,75,89,89,89,89,96,96,96,96,96,96,96,96,96,96,96,96,96],"card_choices":[{"not_picked":["Twin Strike","Rupture"],"picked":"Inflame","floor":1.0},{"not_picked":["Warcry","Clothesline"],"picked":"Uppercut","floor":2.0},{"not_picked":["Thunderclap","Hemokinesis"],"picked":"Shockwave","floor":7.0},{"not_picked":["Clothesline","Perfected Strike"],"picked":"Spot Weakness","floor":8.0},{"not_picked":["Warcry","Flex","Body Slam"],"picked":"SKIP","floor":10.0},{"not_picked":["Thunderclap","Blood for Blood"],"picked":"Evolve","floor":12.0},{"not_picked":["Feed","Flex"],"picked":"Sword Boomerang","floor":13.0},{"not_picked":["Thunderclap","Flex"],"picked":"Shrug It Off","floor":14.0},{"not_picked":["Offering","Dark Embrace"],"picked":"Limit Break","floor":16},{"not_picked":["Flex","Spot Weakness+1","Rage"],"picked":"SKIP","floor":18},{"not_picked":["Clothesline+1","Dropkick","Rampage"],"picked":"SKIP","floor":21},{"not_picked":["Thunderclap","Body Slam+1"],"picked":"Barricade","floor":25},{"not_picked":["Ghostly Armor","Thunderclap"],"picked":"Body Slam","floor":27},{"not_picked":["Rampage","Shrug It Off","Disarm"],"picked":"SKIP","floor":29},{"not_picked":["Whirlwind","Body Slam+1"],"picked":"Feel No Pain+1","floor":30},{"not_picked":["Bludgeon","Impervious"],"picked":"Demon Form","floor":33},{"not_picked":["Rampage","Body Slam"],"picked":"Heavy Blade","floor":35},{"not_picked":["Flex","Twin Strike","Anger"],"picked":"SKIP","floor":36},{"not_picked":["Panache","Deep Breath"],"picked":"Apotheosis","floor":38}],"player_experience":820665,"relics_obtained":[{"floor":9.0,"key":"Ornamental Fan"},{"floor":14.0,"key":"Mummified Hand"},{"floor":25,"key":"Mango"},{"floor":26,"key":"Omamori"},{"floor":26,"key":"PreservedInsect"},{"floor":29,"key":"Strawberry"},{"floor":39,"key":"Bag of Marbles"}],"event_choices":[{"cards_removed":["Strike_R"],"damage_healed":0.0,"max_hp_gain":0.0,"max_hp_loss":0.0,"gold_gain":0.0,"event_name":"Living Wall","player_choice":"Forget","floor":3.0,"gold_loss":0.0,"damage_taken":0.0},{"cards_removed":["Strike_R"],"damage_healed":0.0,"max_hp_gain":0.0,"max_hp_loss":0.0,"gold_gain":0.0,"event_name":"Golden Wing","player_choice":"Card Removal","floor":4.0,"gold_loss":0.0,"damage_taken":7.0},{"damage_healed":0.0,"max_hp_gain":0.0,"max_hp_loss":0.0,"gold_gain":0.0,"event_name":"Shining Light","player_choice":"Entered Light","floor":5.0,"gold_loss":0.0,"damage_taken":23.0,"cards_upgraded":["Defend_R","Defend_R"]},{"damage_healed":25.0,"max_hp_gain":0.0,"max_hp_loss":0.0,"gold_gain":0.0,"event_name":"Big Fish","player_choice":"Banana","floor":11.0,"gold_loss":0.0,"damage_taken":0.0},{"damage_healed":0,"gold_gain":270,"player_choice":"GOLD GOLD GOLD ","damage_taken":28,"max_hp_gain":0,"max_hp_loss":0,"event_name":"Knowing Skull","floor":19,"potions_obtained":[],"gold_loss":0,"cards_obtained":[]},{"damage_healed":0,"gold_gain":0,"player_choice":"Ignored","damage_taken":0,"max_hp_gain":0,"max_hp_loss":0,"event_name":"Tomb of Lord Red Mask","floor":37,"gold_loss":0},{"damage_healed":0,"gold_gain":0,"player_choice":"Memory 1","damage_taken":0,"max_hp_gain":0,"max_hp_loss":0,"event_name":"SensoryStone","floor":38,"gold_loss":0}],"is_beta":false,"boss_relics":[{"not_picked":["Ectoplasm","Runic Dome"],"picked":"Snecko Eye"},{"not_picked":["Tiny House","Black Star"],"picked":"Velvet Choker"}],"items_purged_floors":[20,22],"is_endless":false,"potions_floor_spawned":[1,7,8,12,13,21,25,29,35],"killed_by":"3 Darklings","ascension_level":20}