{"gold_per_floor":[119,138,13,13,23,58,58,120,120,184,219,238,254,13,13,115,115,130,140,158,84,104,104,104,29,29,29,46,57,57,69,69,166,166,181,181,181,181],"floor_reached":38,"playtime":2874,"items_purged":["Defend_R"],"score":482,"play_id":"d3a8f2b9-2445-4d3d-9b42-24e1f9c8071c","local_time":"20190502182337","is_ascension_mode":true,"campfire_choices":[{"floor":7,"key":"REST"},{"floor":15,"key":"REST"},{"floor":23,"key":"REST"},{"floor":30,"key":"REST"},{"floor":32,"key":"REST"}],"neow_cost":"PERCENT_DAMAGE","seed_source_timestamp":1793814640182100,"circlet_count":0,"master_deck":["Strike_R","Strike_R+1","Strike_R","Strike_R","Defend_R","Defend_R","Defend_R","Bash+1","Demon Form","Heavy Blade","Armaments","Cleave","Dropkick","Feed","Whirlwind","Fire Breathing","True Grit","Armaments","Immolate","Writhe"],"relics":["Burning Blood","Dodecahedron","Meat on the Bone","Turnip","Whetstone","HandDrill","Runic Pyramid","Matryoshka","Busted Crown"],"potions_floor_usage":[6,10,11,16,16,22,22,29,38],"damage_taken":[{"damage":1,"enemies":"Jaw Worm","floor":1,"turns":5},{"damage":1,"enemies":"Cultist","floor":2,"turns":3},{"damage":6,"enemies":"2 Louse","floor":5,"turns":3},{"damage":28,"enemies":"Gremlin Nob","floor":6,"turns":4},{"damage":20,"enemies":"Lagavulin Event","floor":10,"turns":4},{"damage":26,"enemies":"Lagavulin","floor":11,"turns":6},{"damage":14,"enemies":"Blue Slaver","floor":12,"turns":4},{"damage":5,"enemies":"Looter","floor":13,"turns":2},{"damage":72,"enemies":"Slime Boss","floor":16,"turns":12},{"damage":55,"enemies":"Spheric Guardian","floor":18,"turns":6},{"damage":11,"enemies":"3 Byrds","floor":19,"turns":4},{"damage":15,"enemies":"Snecko","floor":20,"turns":4},{"damage":44,"enemies":"Shelled Parasite and Fungi","floor":22,"turns":9},{"damage":31,"enemies":"Centurion and Healer","floor":28,"turns":5},{"damage":12,"enemies":"Snake Plant","floor":29,"turns":6},{"damage":38,"enemies":"Cultist and Chosen","floor":31,"turns":8},{"damage":50,"enemies":"Champ","floor":33,"turns":11},{"damage":33,"enemies":"Orb Walker","floor":35,"turns":5},{"damage":127,"enemies":"2 Orb Walkers","floor":38,"turns":4}],"seed_played":"-3544344895189152805","potions_obtained":[{"floor":5,"key":"Fire Potion"},{"floor":6,"key":"Block Potion"},{"floor":10,"key":"FearPotion"},{"floor":13,"key":"SkillPotion"},{"floor":18,"key":"Energy Potion"},{"floor":20,"key":"Weak Potion"},{"floor":28,"key":"LiquidBronze"},{"floor":33,"key":"BloodPotion"}],"is_trial":false,"path_per_floor":["M","M","$","?","M","E","R","?","T","?","E","M","M","$","R","B",null,"M","M","M","$","M","R","?","?","T","$","M","M","R","M","R","B",null,"M","?","?","?"],"character_chosen":"IRONCLAD","items_purchased":["Armaments","HandDrill","PowerPotion","Metallicize"],"campfire_rested":5,"item_purchase_floors":[3,14,14,21],"current_hp_per_floor":[61,66,66,66,66,44,68,68,68,54,46,53,54,54,78,28,87,50,60,55,55,32,61,61,61,61,61,51,60,90,62,94,65,110,86,86,113,0],"gold":181,"neow_bonus":"THREE_RARE_CARDS","is_prod":false,"is_daily":false,"chose_seed":false,"campfire_upgraded":0,"win_rate":0,"timestamp":1556846617,"path_taken":["M","M","$","?","?","E","R","?","T","?","E","M","M","$","R","BOSS","M","M","M","$","M","R","?","?","T","$","M","M","R","M","R","BOSS","M","?","?","?"],"build_version":"2019-01-23","purchased_purges":1,"victory":false,"max_hp_per_floor":[80,80,80,80,80,80,80,80,80,80,80,83,83,83,83,87,87,87,90,94,94,97,97,97,97,97,97,100,103,103,107,107,110,110,113,113,113,113],"card_choices":[{"not_picked":["Brutality","Offering"],"picked":"Demon Form","floor":0},{"not_picked":["Anger","Warcry"],"picked":"Heavy Blade","floor":1},{"not_picked":["Body Slam","Headbutt","Anger"],"picked":"SKIP","floor":2},{"not_picked":["Shrug It Off","Thunderclap"],"picked":"Cleave","floor":5},{"not_picked":["Body Slam","Dark Embrace","Perfected Strike"],"picked":"SKIP","floor":6},{"not_picked":["Thunderclap","Iron Wave"],"picked":"Dropkick","floor":10},{"not_picked":["Havoc","Headbutt"],"picked":"Feed","floor":11},{"not_picked":["Heavy Blade","Sword Boomerang","Bloodletting"],"picked":"SKIP","floor":12},{"not_picked":["Body Slam","Havoc","Evolve"],"picked":"SKIP","floor":13},{"not_picked":["True Grit","Pommel Strike"],"picked":"Whirlwind","floor":18},{"not_picked":["Inflame","Sword Boomerang+1","Flex+1"],"picked":"SKIP","floor":19},{"not_picked":["Sword Boomerang","Clash"],"picked":"Fire Breathing","floor":20},{"not_picked":["Headbutt","Evolve"],"picked":"True Grit","floor":22},{"not_picked":["Shrug It Off+1","Thunderclap"],"picked":"Armaments","floor":28},{"not_picked":["Perfected Strike","Seeing Red"],"picked":"Immolate","floor":29},{"not_picked":["Carnage","Cleave+1","Shrug It Off"],"picked":"SKIP","floor":31},{"not_picked":["Clash"],"picked":"SKIP","floor":35}],"player_experience":433514,"relics_obtained":[{"floor":6,"key":"Dodecahedron"},{"floor":9,"key":"Meat on the Bone"},{"floor":11,"key":"Whetstone"},{"floor":26,"key":"Matryoshka"}],"event_choices":[{"damage_healed":0,"gold_gain":0,"player_choice":"0 cards matched","damage_taken":0,"max_hp_gain":0,"max_hp_loss":0,"event_name":"Match and Keep!","floor":4,"gold_loss":0,"cards_obtained":[]},{"damage_healed":0,"gold_gain":62,"player_choice":"Gained Gold","damage_taken":0,"max_hp_gain":0,"max_hp_loss":0,"event_name":"Golden Wing","floor":8,"gold_loss":0},{"damage_healed":0,"gold_gain":0,"player_choice":"Searched \u00272\u0027 times","damage_taken":0,"relics_obtained":["Turnip"],"max_hp_gain":0,"max_hp_loss":0,"event_name":"Dead Adventurer","floor":10,"gold_loss":0},{"damage_healed":0,"gold_gain":0,"player_choice":"Ignored","damage_taken":0,"max_hp_gain":0,"max_hp_loss":0,"event_name":"Ghosts","floor":24,"gold_loss":0},{"cards_removed":["Strike_R"],"damage_healed":0,"gold_gain":0,"player_choice":"Gave Gold","damage_taken":0,"max_hp_gain":0,"max_hp_loss":0,"event_name":"Beggar","floor":25,"gold_loss":75},{"cards_removed":["Metallicize"],"damage_healed":0,"gold_gain":0,"player_choice":"Removed Power","damage_taken":0,"max_hp_gain":0,"max_hp_loss":0,"event_name":"Falling","floor":36,"gold_loss":0},{"damage_healed":28,"gold_gain":0,"player_choice":"Writhe","damage_taken":0,"max_hp_gain":0,"max_hp_loss":0,"event_name":"Winding Halls","floor":37,"gold_loss":0,"cards_obtained":["Writhe"]},{"damage_healed":0,"gold_gain":0,"player_choice":"Fight","damage_taken":0,"max_hp_gain":0,"max_hp_loss":0,"event_name":"Mysterious Sphere","floor":38,"gold_loss":0}],"is_beta":false,"boss_relics":[{"not_picked":["Cursed Key","White Beast Statue"],"picked":"Runic Pyramid"},{"not_picked":["Black Star","Snecko Eye"],"picked":"Busted Crown"}],"items_purged_floors":[3],"is_endless":false,"potions_floor_spawned":[5,6,10,13,18,20,28,33],"killed_by":"2 Orb Walkers","ascension_level":1}