{"gold_per_floor":[368,391,466,21,21,21,50,63,86,116,136,147,157,174,174,274,274,288,307,1,1,100,131,46,99,146,172,187,147,165,176,176,281,281,296,296,311,311,311,311,337,337,337,369,369,385,7,20,20,20,20,20,20,45,45],"floor_reached":56,"playtime":6077,"items_purged":[],"score":1649,"play_id":"212fd7c8-00dc-47f9-9608-61f4f1d9751c","local_time":"20190721024147","is_ascension_mode":true,"campfire_choices":[{"data":"Die Die Die","floor":6.0,"key":"SMITH"},{"floor":15.0,"key":"REST"},{"data":"Noxious Fumes","floor":32.0,"key":"SMITH"},{"data":"After Image","floor":40,"key":"SMITH"},{"floor":42,"key":"REST"},{"floor":45,"key":"RECALL"},{"floor":49,"key":"REST"},{"data":"Thinking Ahead","floor":52,"key":"SMITH"}],"neow_cost":"TEN_PERCENT_HP_LOSS","seed_source_timestamp":0,"circlet_count":0,"master_deck":["Strike_G","Strike_G","Defend_G","Defend_G","Defend_G","Survivor+1","Neutralize","Well Laid Plans+1","Die Die Die+1","Leg Sweep","Crippling Poison","Dagger Spray","Terror","Malaise+1","Noxious Fumes","Well Laid Plans","Wraith Form v2+1","Infinite Blades+1","Heel Hook+1","After Image+1","Blade Dance+1","Noxious Fumes+1","Backflip","Finisher","Deflect","Dodge and Roll","Dash+1","Setup","After Image+1","Thinking Ahead+1","Blur","Writhe","Die Die Die","Cloak And Dagger+1","Prepared+1","Caltrops","Bouncing Flask+1","Well Laid Plans"],"special_seed":0,"relics":["Ring of the Snake","Lantern","Gambling Chip","Regal Pillow","Pen Nib","Blood Vial","Astrolabe","Bag of Preparation","War Paint","Bag of Marbles","Peace Pipe","Centennial Puzzle","Bronze Scales","Potion Belt","Cursed Key","Toxic Egg 2","Shuriken","Ornamental Fan","Pantograph"],"potions_floor_usage":[33,33,41,50,54,55,55],"damage_taken":[{"damage":5.0,"enemies":"Cultist","floor":1.0,"turns":4.0},{"damage":7.0,"enemies":"3 Sentries","floor":7.0,"turns":5.0},{"damage":0.0,"enemies":"Small Slimes","floor":8.0,"turns":1.0},{"damage":17.0,"enemies":"Gremlin Nob","floor":10.0,"turns":4.0},{"damage":1.0,"enemies":"Jaw Worm","floor":11.0,"turns":2.0},{"damage":0.0,"enemies":"Red Slaver","floor":12.0,"turns":3.0},{"damage":9.0,"enemies":"Large Slime","floor":13.0,"turns":4.0},{"damage":0.0,"enemies":"Looter","floor":14.0,"turns":2.0},{"damage":5.0,"enemies":"Slime Boss","floor":16.0,"turns":8.0},{"damage":10.0,"enemies":"2 Thieves","floor":18.0,"turns":4.0},{"damage":2.0,"enemies":"Chosen","floor":19.0,"turns":4.0},{"damage":27.0,"enemies":"Slavers","floor":23.0,"turns":7.0},{"damage":3.0,"enemies":"Gremlin Leader","floor":27.0,"turns":5.0},{"damage":0.0,"enemies":"Snake Plant","floor":28.0,"turns":5.0},{"damage":0.0,"enemies":"Chosen and Byrds","floor":30.0,"turns":4.0},{"damage":2.0,"enemies":"Shelled Parasite and Fungi","floor":31.0,"turns":5.0},{"damage":15,"enemies":"Automaton","floor":33,"turns":8},{"damage":5,"enemies":"3 Shapes","floor":35,"turns":4},{"damage":17,"enemies":"3 Darklings","floor":37,"turns":4},{"damage":7,"enemies":"Giant Head","floor":41,"turns":8},{"damage":2,"enemies":"Nemesis","floor":44,"turns":7},{"damage":5,"enemies":"Transient","floor":46,"turns":5},{"damage":19,"enemies":"Writhing Mass","floor":48,"turns":6},{"damage":38,"enemies":"Time Eater","floor":50,"turns":10},{"damage":11,"enemies":"Shield and Spear","floor":54,"turns":6},{"damage":66,"enemies":"The Heart","floor":55,"turns":10}],"seed_played":"-683207393804534211","potions_obtained":[{"floor":11.0,"key":"Energy Potion"},{"floor":13.0,"key":"Energy Potion"},{"floor":14.0,"key":"FearPotion"},{"floor":16.0,"key":"Dexterity Potion"},{"floor":19.0,"key":"SteroidPotion"},{"floor":33,"key":"AttackPotion"},{"floor":37,"key":"SteroidPotion"},{"floor":44,"key":"EssenceOfSteel"},{"floor":48,"key":"SpeedPotion"},{"floor":54,"key":"Regen Potion"}],"is_trial":false,"path_per_floor":["M","T","?","$","?","R","E","M","T","E","M","M","M","M","R","B",null,"M","M","$","?","?","E","?","T","T","E","M","?","M","M","R","B",null,"M","?","M","?","?","R","E","R","T","E","R","M","$","M","R","B",null,"R","$","E","B",null],"character_chosen":"THE_SILENT","items_purchased":["Gambling Chip","Well Laid Plans","Die Die Die","Bag of Preparation","War Paint","Cloak And Dagger+1","Prepared+1","Ornamental Fan","Caltrops"],"campfire_rested":3,"item_purchase_floors":[4,4,4,20,20,47,47,47,47],"current_hp_per_floor":[58,58,47,47,47,47,40,40,40,23,24,26,19,21,54,51,60,52,52,52,52,52,27,27,27,27,26,28,28,30,30,30,17,52,49,49,34,34,34,34,29,60,60,58,58,55,55,38,60,22,51,51,51,42,9],"gold":45,"neow_bonus":"TWO_FIFTY_GOLD","is_prod":false,"is_daily":false,"chose_seed":false,"campfire_upgraded":4,"win_rate":0,"timestamp":1563691307,"path_taken":["M","?","?","$","?","R","E","M","T","E","M","M","M","M","R","BOSS","M","M","$","?","?","E","?","?","T","E","M","?","?","M","R","BOSS","M","?","M","?","?","R","E","R","T","E","R","M","$","?","R","BOSS","R","$","E","BOSS"],"build_version":"2019-07-17","purchased_purges":0,"victory":true,"max_hp_per_floor":[63,63,63,63,63,63,63,63,63,63,63,63,63,63,63,63,63,63,63,63,63,63,63,63,63,63,63,63,63,63,63,63,63,63,63,63,63,63,60,60,60,60,60,60,60,60,60,60,60,60,60,60,60,60,60],"card_choices":[{"not_picked":["Quick Slash","Poisoned Stab"],"picked":"Dagger Spray","floor":1.0},{"not_picked":["Masterful Stab","Flying Knee"],"picked":"Leg Sweep","floor":7.0},{"not_picked":["Accuracy","Blade Dance"],"picked":"Crippling Poison","floor":8.0},{"not_picked":["Dagger Throw","Quick Slash"],"picked":"Dagger Spray","floor":10.0},{"not_picked":["Flying Knee","Underhanded Strike"],"picked":"Terror","floor":11.0},{"not_picked":["Acrobatics","Leg Sweep"],"picked":"Malaise","floor":12.0},{"not_picked":["Poisoned Stab","Tactician"],"picked":"Noxious Fumes","floor":13.0},{"not_picked":["Cloak And Dagger","Sucker Punch"],"picked":"Well Laid Plans","floor":14.0},{"not_picked":["After Image","Corpse Explosion"],"picked":"Wraith Form v2","floor":16.0},{"not_picked":["Outmaneuver","Reflex"],"picked":"Blade Dance+1","floor":18.0},{"not_picked":["Dagger Spray+1","Predator+1"],"picked":"Noxious Fumes","floor":19.0},{"not_picked":["Dagger Throw+1","Crippling Poison"],"picked":"Deflect","floor":23.0},{"not_picked":["Leg Sweep","Cloak And Dagger"],"picked":"Dodge and Roll","floor":27.0},{"not_picked":["Cloak And Dagger","Sucker Punch"],"picked":"Dash+1","floor":28.0},{"not_picked":["Riddle With Holes+1","Expertise"],"picked":"Setup","floor":30.0},{"not_picked":["Finisher","Poisoned Stab","Dagger Throw"],"picked":"SKIP","floor":31.0},{"not_picked":["Malaise","Storm of Steel"],"picked":"After Image","floor":33},{"not_picked":["Deadly Poison","Slice+1","Dagger Throw+1"],"picked":"SKIP","floor":35},{"not_picked":["Magnetism","Mayhem"],"picked":"Thinking Ahead","floor":36},{"not_picked":["Dagger Spray+1","Slice"],"picked":"Blur","floor":37},{"not_picked":["Endless Agony","Flying Knee","Terror+1"],"picked":"SKIP","floor":41},{"not_picked":["Eviscerate+1","Dagger Spray+1","Flying Knee"],"picked":"SKIP","floor":44},{"not_picked":["Deadly Poison+1","Distraction+1"],"picked":"Die Die Die","floor":46},{"not_picked":["Dagger Spray","Poisoned Stab+1"],"picked":"Bouncing Flask+1","floor":48},{"not_picked":["Slice","Quick Slash"],"picked":"Well Laid Plans","floor":54}],"player_experience":406347,"relics_obtained":[{"floor":2.0,"key":"Lantern"},{"floor":7.0,"key":"Regal Pillow"},{"floor":9.0,"key":"Pen Nib"},{"floor":10.0,"key":"Blood Vial"},{"floor":23.0,"key":"Bag of Marbles"},{"floor":25.0,"key":"Centennial Puzzle"},{"floor":26.0,"key":"Bronze Scales"},{"floor":27.0,"key":"Potion Belt"},{"floor":41,"key":"Toxic Egg 2"},{"floor":44,"key":"Shuriken"},{"floor":54,"key":"Pantograph"}],"event_choices":[{"damage_healed":0.0,"max_hp_gain":0.0,"max_hp_loss":0.0,"gold_gain":75.0,"event_name":"World of Goop","player_choice":"Gather Gold","floor":3.0,"gold_loss":0.0,"damage_taken":11.0},{"damage_healed":0.0,"max_hp_gain":0.0,"max_hp_loss":0.0,"gold_gain":0.0,"event_name":"Upgrade Shrine","player_choice":"Upgraded","floor":5.0,"gold_loss":0.0,"damage_taken":0.0,"cards_upgraded":["Well Laid Plans"]},{"damage_healed":0.0,"max_hp_gain":0.0,"max_hp_loss":0.0,"gold_gain":0.0,"cards_transformed":["Strike_G","Defend_G"],"event_name":"Drug Dealer","player_choice":"Became Test Subject","floor":21.0,"gold_loss":0.0,"damage_taken":0.0,"cards_obtained":["Backflip","Finisher"]},{"damage_healed":0.0,"max_hp_gain":0.0,"max_hp_loss":0.0,"gold_gain":99.0,"event_name":"Nest","player_choice":"Stole From Cult","floor":22.0,"gold_loss":0.0,"damage_taken":0.0},{"damage_healed":0.0,"max_hp_gain":0.0,"max_hp_loss":0.0,"gold_gain":0.0,"event_name":"Addict","player_choice":"Obtained Relic","floor":24.0,"gold_loss":85.0,"damage_taken":0.0,"relics_obtained":["Peace Pipe"]},{"damage_healed":0.0,"max_hp_gain":0.0,"max_hp_loss":0.0,"gold_gain":0.0,"event_name":"Designer","player_choice":"Upgrade","floor":29.0,"gold_loss":40.0,"damage_taken":0.0,"cards_upgraded":["Wraith Form v2"]},{"damage_healed":0,"gold_gain":0,"player_choice":"Memory 1","damage_taken":0,"max_hp_gain":0,"max_hp_loss":0,"event_name":"SensoryStone","floor":36,"gold_loss":0},{"cards_removed":["Dagger Spray"],"damage_healed":0,"gold_gain":0,"player_choice":"Removed Attack","damage_taken":0,"max_hp_gain":0,"max_hp_loss":0,"event_name":"Falling","floor":38,"gold_loss":0},{"damage_healed":0,"gold_gain":0,"player_choice":"Max HP","damage_taken":0,"max_hp_gain":0,"max_hp_loss":3,"event_name":"Winding Halls","floor":39,"gold_loss":0}],"is_beta":false,"boss_relics":[{"not_picked":["Busted Crown","Sozu"],"picked":"Astrolabe"},{"not_picked":["Coffee Dripper","Velvet Choker"],"picked":"Cursed Key"}],"items_purged_floors":[],"is_endless":false,"potions_floor_spawned":[11,13,14,16,19,33,37,44,48,54],"ascension_level":9}