{"gold_per_floor":[116,116,135,151,164,197,197,223,247,261,261,280,89,89,89,189,189,170,170,180,80,80,80,99,127,152,152,211,211,310,310],"floor_reached":31,"playtime":1625,"items_purged":["Strike_B","Defend_B"],"score":368,"play_id":"85cf33f2-e19f-42b4-acca-6c80b6777f66","local_time":"20190727231642","is_ascension_mode":true,"campfire_choices":[{"data":"Dualcast","floor":7.0,"key":"SMITH"},{"floor":11.0,"key":"REST"},{"floor":15.0,"key":"REST"},{"floor":23,"key":"REST"},{"floor":27,"key":"REST"}],"neow_cost":"NONE","seed_source_timestamp":5240502055252,"circlet_count":0,"master_deck":["Strike_B+1","Defend_B","Defend_B","Zap+1","Dualcast+1","Leap","Turbo","Cold Snap","Compile Driver+1","Sweeping Beam","Glacier","Lockon","Capacitor","Loop","White Noise","Echo Form","Conserve Battery","Heatsinks","Loop","Core Surge","Redo+1","Blizzard","Melter","Chill","Double Energy","Rainbow"],"special_seed":0,"relics":["Cracked Core","Whetstone","Orichalcum","Ancient Tea Set","Orrery","Centennial Puzzle","Bag of Marbles","Tiny Chest","Bag of Preparation"],"potions_floor_usage":[20,20],"damage_taken":[{"damage":1.0,"enemies":"Cultist","floor":1.0,"turns":3.0},{"damage":2.0,"enemies":"Jaw Worm","floor":3.0,"turns":4.0},{"damage":0.0,"enemies":"Small Slimes","floor":4.0,"turns":2.0},{"damage":4.0,"enemies":"Blue Slaver","floor":5.0,"turns":4.0},{"damage":9.0,"enemies":"Gremlin Nob","floor":6.0,"turns":4.0},{"damage":32.0,"enemies":"Lagavulin","floor":8.0,"turns":8.0},{"damage":7.0,"enemies":"Large Slime","floor":10.0,"turns":3.0},{"damage":4.0,"enemies":"3 Louse","floor":12.0,"turns":3.0},{"damage":37.0,"enemies":"Hexaghost","floor":16.0,"turns":10.0},{"damage":39.0,"enemies":"2 Thieves","floor":18.0,"turns":4.0},{"damage":13,"enemies":"3 Byrds","floor":20,"turns":4},{"damage":21,"enemies":"Snake Plant","floor":24,"turns":4},{"damage":8,"enemies":"Gremlin Leader","floor":25,"turns":8},{"damage":25,"enemies":"Slavers","floor":28,"turns":4},{"damage":8,"enemies":"Cultist and Chosen","floor":31,"turns":3}],"seed_played":"6671853292468867857","potions_obtained":[{"floor":2.0,"key":"FearPotion"},{"floor":2.0,"key":"SneckoOil"},{"floor":2.0,"key":"FairyPotion"},{"floor":4.0,"key":"Block Potion"},{"floor":8.0,"key":"Poison Potion"},{"floor":16.0,"key":"GamblersBrew"},{"floor":24,"key":"Dexterity Potion"},{"floor":28,"key":"Ancient Potion"}],"is_trial":false,"path_per_floor":["M","?","M","M","M","E","R","E","T","M","R","M","$","?","R","B",null,"M","?","M","$","?","R","M","E","T","R","E","T","?","M"],"character_chosen":"DEFECT","items_purchased":["Loop","White Noise"],"campfire_rested":4,"item_purchase_floors":[13,13],"current_hp_per_floor":[67,67,65,65,61,52,52,20,20,13,35,31,31,31,53,16,60,21,21,8,8,8,30,9,1,1,23,7,7,7,0],"gold":310,"neow_bonus":"UPGRADE_CARD","is_prod":false,"is_daily":false,"chose_seed":false,"campfire_upgraded":1,"win_rate":0,"timestamp":1564283802,"path_taken":["M","?","M","?","M","E","R","E","T","M","R","M","$","?","R","BOSS","M","?","M","$","?","R","M","E","T","R","E","?","?","M"],"build_version":"2019-07-17","purchased_purges":2,"victory":false,"max_hp_per_floor":[75,75,75,75,75,75,75,75,75,75,75,75,75,75,75,75,75,75,75,75,75,75,75,75,75,75,75,75,75,75,75],"card_choices":[{"not_picked":["Stack","Turbo"],"picked":"Leap","floor":1.0},{"not_picked":["Sweeping Beam","Aggregate"],"picked":"Turbo","floor":3.0},{"not_picked":["Beam Cell","Multi-Cast"],"picked":"Cold Snap","floor":4.0},{"not_picked":["Auto Shields","Turbo"],"picked":"Compile Driver","floor":5.0},{"not_picked":["Static Discharge","Streamline"],"picked":"Sweeping Beam","floor":6.0},{"not_picked":["Beam Cell","Core Surge"],"picked":"Glacier","floor":8.0},{"not_picked":["Cold Snap","Turbo"],"picked":"Lockon","floor":10.0},{"not_picked":["Rebound","Go for the Eyes"],"picked":"Capacitor","floor":12.0},{"not_picked":["Amplify","Creative AI"],"picked":"Echo Form","floor":16.0},{"not_picked":["Aggregate","Consume"],"picked":"Conserve Battery","floor":17.0},{"not_picked":["Lockon","FTL"],"picked":"Heatsinks","floor":17.0},{"not_picked":["Gash","Fusion"],"picked":"Loop","floor":17.0},{"not_picked":["BootSequence","Chaos"],"picked":"Core Surge","floor":17.0},{"not_picked":["Tempest","Coolheaded"],"picked":"Redo+1","floor":18.0},{"not_picked":["Streamline+1","Reprogram","Rebound+1"],"picked":"SKIP","floor":20},{"not_picked":["Turbo","Steam"],"picked":"Chill","floor":24},{"not_picked":["Gash+1","Streamline"],"picked":"Double Energy","floor":25},{"not_picked":["Compile Driver","Steam Power"],"picked":"Rainbow","floor":28}],"player_experience":436635,"relics_obtained":[{"floor":6.0,"key":"Whetstone"},{"floor":8.0,"key":"Orichalcum"},{"floor":9.0,"key":"Ancient Tea Set"},{"floor":25,"key":"Centennial Puzzle"},{"floor":26,"key":"Bag of Marbles"},{"floor":28,"key":"Tiny Chest"},{"floor":29,"key":"Bag of Preparation"}],"event_choices":[{"damage_healed":0.0,"max_hp_gain":0.0,"max_hp_loss":0.0,"gold_gain":0.0,"event_name":"Lab","player_choice":"Got Potions","floor":2.0,"gold_loss":0.0,"damage_taken":0.0},{"cards_removed":["Strike_B"],"damage_healed":0.0,"max_hp_gain":0.0,"max_hp_loss":0.0,"gold_gain":0.0,"event_name":"Purifier","player_choice":"Purged","floor":14.0,"gold_loss":0.0,"damage_taken":0.0},{"damage_healed":0.0,"max_hp_gain":0.0,"max_hp_loss":0.0,"gold_gain":0.0,"cards_transformed":["Defend_B","Strike_B"],"event_name":"Drug Dealer","player_choice":"Became Test Subject","floor":19.0,"gold_loss":0.0,"damage_taken":0.0,"cards_obtained":["Blizzard","Melter"]},{"damage_healed":0,"gold_gain":0,"player_choice":"Ignored","damage_taken":0,"max_hp_gain":0,"max_hp_loss":0,"event_name":"Cursed Tome","floor":22,"gold_loss":0},{"damage_healed":0,"gold_gain":99,"player_choice":"Stole From Cult","damage_taken":0,"max_hp_gain":0,"max_hp_loss":0,"event_name":"Nest","floor":30,"gold_loss":0}],"is_beta":false,"boss_relics":[{"not_picked":["Lizard Tail","Runic Dome"],"picked":"Orrery"}],"items_purged_floors":[13,21],"is_endless":false,"potions_floor_spawned":[4,5,8,16,24,28],"killed_by":"Cultist and Chosen","ascension_level":6}