{"gold_per_floor":[111,36,56,56,66,66,66,66,91,134,154,154,67,82,82,82],"floor_reached":16,"playtime":314,"items_purged":[],"score":200,"play_id":"ed6b1e77-7752-4c4c-a4a9-ee9414fa8d59","local_time":"20190702144019","is_ascension_mode":true,"campfire_choices":[{"data":"Flex","floor":6,"key":"SMITH"},{"data":"Burning Pact","floor":8,"key":"SMITH"},{"data":"Shockwave","floor":12,"key":"SMITH"},{"data":"Feel No Pain","floor":15,"key":"SMITH"}],"neow_cost":"NONE","seed_source_timestamp":79834278959297,"circlet_count":0,"master_deck":["AscendersBane","Strike_R","Strike_R","Strike_R+1","Strike_R","Defend_R","Defend_R","Defend_R+1","Defend_R","Bash","Burning Pact+1","Flex+1","Second Wind","Shockwave+1","Feel No Pain+1"],"relics":["Burning Blood","NeowsBlessing","Golden Idol","Dream Catcher","Bag of Preparation"],"potions_floor_usage":[10,16],"damage_taken":[{"damage":0,"enemies":"Small Slimes","floor":1,"turns":1},{"damage":0,"enemies":"2 Louse","floor":3,"turns":1},{"damage":0,"enemies":"Jaw Worm","floor":5,"turns":1},{"damage":22,"enemies":"Lagavulin","floor":10,"turns":6},{"damage":5,"enemies":"Looter","floor":11,"turns":4},{"damage":9,"enemies":"3 Louse","floor":14,"turns":5},{"damage":7,"enemies":"The Guardian","floor":16,"turns":5}],"seed_played":"7990897726956682122","potions_obtained":[{"floor":1,"key":"Strength Potion"},{"floor":5,"key":"AttackPotion"},{"floor":11,"key":"EssenceOfSteel"}],"is_trial":false,"path_per_floor":["M","?","M","?","M","R","?","R","T","E","M","R","$","M","R","B"],"character_chosen":"IRONCLAD","items_purchased":["Feel No Pain"],"campfire_rested":0,"item_purchase_floors":[13],"current_hp_per_floor":[74,74,75,52,58,58,58,58,58,42,43,43,43,40,40,33],"gold":82,"neow_bonus":"THREE_ENEMY_KILL","is_prod":false,"is_daily":false,"chose_seed":false,"campfire_upgraded":4,"win_rate":0,"timestamp":1562049619,"path_taken":["M","?","M","?","?","R","?","R","T","E","M","R","$","M","R","BOSS"],"build_version":"2019-07-01","purchased_purges":0,"victory":false,"max_hp_per_floor":[75,75,75,75,75,75,68,68,68,68,68,68,68,68,68,68],"card_choices":[{"not_picked":["Uppercut","Shrug It Off"],"picked":"Burning Pact","floor":1},{"not_picked":["Warcry","Cleave"],"picked":"Flex","floor":3},{"not_picked":["Headbutt","Burning Pact","Wild Strike"],"picked":"SKIP","floor":5},{"not_picked":["Heavy Blade","Thunderclap"],"picked":"Second Wind","floor":10},{"not_picked":["Spot Weakness","True Grit"],"picked":"Shockwave","floor":11},{"not_picked":["Bloodletting","Rupture","Whirlwind"],"picked":"SKIP","floor":14}],"player_experience":1044387,"relics_obtained":[{"floor":9,"key":"Dream Catcher"},{"floor":10,"key":"Bag of Preparation"}],"event_choices":[{"cards_removed":["Strike_R"],"damage_healed":0,"gold_gain":0,"player_choice":"Card Removal","damage_taken":0,"max_hp_gain":0,"max_hp_loss":0,"event_name":"The Cleric","floor":2,"gold_loss":75},{"damage_healed":0,"gold_gain":0,"player_choice":"Entered Light","damage_taken":23,"max_hp_gain":0,"max_hp_loss":0,"event_name":"Shining Light","floor":4,"gold_loss":0,"cards_upgraded":["Defend_R","Strike_R"]},{"damage_healed":0,"gold_gain":0,"player_choice":"Lose Max HP","damage_taken":0,"relics_obtained":["Golden Idol"],"max_hp_gain":0,"max_hp_loss":7,"event_name":"Golden Idol","floor":7,"gold_loss":0}],"is_beta":false,"boss_relics":[],"items_purged_floors":[],"is_endless":false,"potions_floor_spawned":[1,5,11],"killed_by":"The Guardian","ascension_level":20}