{"gold_per_floor":[114,124,124,134,151,151,181,181,181,181,181,25,38,58,58,133,133,143,154,154],"floor_reached":20,"playtime":657,"items_purged":["Pain"],"score":352,"play_id":"2cdf7c75-e8f9-41d2-a97c-cbf3509e3150","local_time":"20190524233541","is_ascension_mode":true,"campfire_choices":[{"floor":6.0,"key":"REST"},{"floor":8,"key":"REST"},{"floor":15,"key":"REST"}],"neow_cost":"NONE","seed_source_timestamp":304681238092149,"circlet_count":0,"master_deck":["AscendersBane","Strike_B","Strike_B","Strike_B","Strike_B","Defend_B","Defend_B","Defend_B","Defend_B","Zap","Dualcast","Turbo","Cold Snap","Doom and Gloom","Parasite","Glacier","Hologram","Biased Cognition","Skim+1"],"special_seed":0,"relics":["Lizard Tail","Ancient Tea Set","Question Card","WarpedTongs","Eternal Feather"],"potions_floor_usage":[16,19],"damage_taken":[{"damage":17.0,"enemies":"Small Slimes","floor":1.0,"turns":5.0},{"damage":8.0,"enemies":"2 Louse","floor":2.0,"turns":3.0},{"damage":2.0,"enemies":"Cultist","floor":4.0,"turns":4.0},{"damage":7.0,"enemies":"2 Fungi Beasts","floor":5.0,"turns":4.0},{"damage":50,"enemies":"Gremlin Nob","floor":7,"turns":5},{"damage":6,"enemies":"Looter","floor":13,"turns":3},{"damage":23,"enemies":"Large Slime","floor":14,"turns":6},{"damage":36,"enemies":"The Guardian","floor":16,"turns":12},{"damage":14,"enemies":"Chosen","floor":18,"turns":7},{"damage":31,"enemies":"3 Byrds","floor":19,"turns":5},{"damage":20,"enemies":"Snake Plant","floor":20,"turns":3}],"seed_played":"-1541044366471359213","potions_obtained":[{"floor":4.0,"key":"Strength Potion"},{"floor":16,"key":"Fire Potion"},{"floor":19,"key":"AttackPotion"}],"is_trial":false,"path_per_floor":["M","M","?","M","M","R","E","R","T","?","?","$","M","M","R","B",null,"M","M","M"],"character_chosen":"DEFECT","items_purchased":["FocusPotion"],"campfire_rested":3,"item_purchase_floors":[12],"current_hp_per_floor":[47,39,39,37,30,51,1,22,22,39,39,39,33,10,31,30,61,47,16,0],"gold":154,"neow_bonus":"BOSS_RELIC","is_prod":false,"is_daily":false,"chose_seed":false,"campfire_upgraded":0,"win_rate":0,"timestamp":1558712141,"path_taken":["M","M","?","M","M","R","E","R","T","?","?","$","M","M","R","BOSS","M","M","?"],"build_version":"2019-01-23","purchased_purges":1,"victory":false,"max_hp_per_floor":[71,71,71,71,71,71,71,71,71,71,71,71,71,71,71,71,71,71,71,71],"card_choices":[{"not_picked":["Aggregate","White Noise"],"picked":"Turbo","floor":1.0},{"not_picked":["Tempest","Blizzard"],"picked":"Cold Snap","floor":2.0},{"not_picked":["Hologram","Rebound","Blizzard"],"picked":"SKIP","floor":4.0},{"not_picked":["Genetic Algorithm","Melter"],"picked":"Doom and Gloom","floor":5.0},{"not_picked":["Auto Shields","Leap","Lockon"],"picked":"SKIP","floor":7},{"not_picked":["Rip and Tear","Darkness","Sweeping Beam"],"picked":"Glacier","floor":13},{"not_picked":["Steam","Leap","Steam Power"],"picked":"Hologram","floor":14},{"not_picked":["Seek","Amplify","Thunder Strike"],"picked":"Biased Cognition","floor":16},{"not_picked":["Rebound","Reinforced Body","Doom and Gloom"],"picked":"Skim+1","floor":18},{"not_picked":["Hologram","Turbo","Thunder Strike","Chaos"],"picked":"SKIP","floor":19}],"player_experience":941280,"relics_obtained":[{"floor":7,"key":"Ancient Tea Set"},{"floor":9,"key":"Question Card"}],"event_choices":[{"damage_healed":0.0,"max_hp_gain":0.0,"max_hp_loss":0.0,"gold_gain":0.0,"event_name":"Shining Light","player_choice":"Ignored","floor":3.0,"gold_loss":0.0,"damage_taken":0.0},{"damage_healed":17,"gold_gain":0,"player_choice":"Healed and dodged fight","damage_taken":0,"max_hp_gain":0,"max_hp_loss":0,"event_name":"Mushrooms","floor":10,"gold_loss":0,"cards_obtained":["Parasite"]},{"damage_healed":0,"gold_gain":0,"player_choice":"Rummage","damage_taken":0,"relics_obtained":["WarpedTongs"],"max_hp_gain":0,"max_hp_loss":0,"event_name":"Accursed Blacksmith","floor":11,"gold_loss":0,"cards_obtained":["Pain"]}],"is_beta":false,"boss_relics":[{"not_picked":["Ectoplasm","Fusion Hammer"],"picked":"Eternal Feather"}],"items_purged_floors":[12],"is_endless":false,"potions_floor_spawned":[4,13,14,16,19],"killed_by":"Snake Plant","ascension_level":20}