{"gold_per_floor":[110,110,110,185,185,216,216,235,290,290,62,79,90,109,109,182,182,199,1,1,14,14,28,28,38,110,122,122],"floor_reached":28,"playtime":1073,"items_purged":[],"score":515,"play_id":"adf901c0-589c-4e6b-bdb8-39f1d159a76f","local_time":"20190525105305","is_ascension_mode":true,"campfire_choices":[{"data":"Beam Cell","floor":7.0,"key":"SMITH"},{"data":"Zap","floor":10.0,"key":"SMITH"},{"data":"Biased Cognition","floor":15.0,"key":"SMITH"},{"data":"Heatsinks","floor":24.0,"key":"SMITH"}],"neow_cost":"NONE","seed_source_timestamp":344972606763753,"circlet_count":0,"master_deck":["AscendersBane","Strike_B","Strike_B","Defend_B","Defend_B","Defend_B","Defend_B","Zap+1","Dualcast","Redo","Beam Cell+1","Coolheaded","White Noise","Heatsinks+1","Biased Cognition+1","Glacier","Turbo","Loop","Self Repair","Core Surge"],"special_seed":0,"relics":["Cracked Core","NeowsBlessing","Singing Bowl","Ancient Tea Set","Tiny Chest","DataDisk","Orrery","Pantograph"],"potions_floor_usage":[27],"damage_taken":[{"damage":0.0,"enemies":"Cultist","floor":1.0,"turns":1.0},{"damage":0.0,"enemies":"Gremlin Nob","floor":6.0,"turns":1.0},{"damage":0.0,"enemies":"Jaw Worm","floor":8.0,"turns":1.0},{"damage":10.0,"enemies":"Small Slimes","floor":12.0,"turns":3.0},{"damage":2.0,"enemies":"Looter","floor":13.0,"turns":3.0},{"damage":7.0,"enemies":"Exordium Wildlife","floor":14.0,"turns":3.0},{"damage":17.0,"enemies":"The Guardian","floor":16.0,"turns":10.0},{"damage":18.0,"enemies":"Chosen","floor":18.0,"turns":7.0},{"damage":0.0,"enemies":"Spheric Guardian","floor":21.0,"turns":4.0},{"damage":34.0,"enemies":"Centurion and Healer","floor":23.0,"turns":11.0},{"damage":52.0,"enemies":"Chosen and Byrds","floor":25.0,"turns":10.0},{"damage":6,"enemies":"Snecko","floor":27,"turns":9},{"damage":27,"enemies":"Centurion and Healer","floor":28,"turns":2}],"seed_played":"-7823994229483837059","potions_obtained":[{"floor":8.0,"key":"FairyPotion"},{"floor":13.0,"key":"AttackPotion"},{"floor":14.0,"key":"AttackPotion"},{"floor":18.0,"key":"Poison Potion"},{"floor":23.0,"key":"Block Potion"},{"floor":25,"key":"Weak Potion"},{"floor":27,"key":"Explosive Potion"}],"is_trial":false,"path_per_floor":["M","?","?","?","T","E","R","M","T","R","$","M","M","M","R","B",null,"M","$","?","M","?","M","R","M","T","M","M"],"character_chosen":"DEFECT","items_purchased":["DataDisk","Coolheaded","Self Repair","Core Surge"],"campfire_rested":0,"item_purchase_floors":[11,11,19,19],"current_hp_per_floor":[64,64,57,46,46,46,46,48,48,48,48,38,36,29,29,12,62,46,46,46,55,91,66,66,23,23,26,0],"gold":122,"neow_bonus":"THREE_ENEMY_KILL","is_prod":false,"is_daily":false,"chose_seed":false,"campfire_upgraded":4,"win_rate":0,"timestamp":1558752785,"path_taken":["M","?","?","?","?","E","R","M","T","R","$","M","M","M","R","BOSS","M","$","?","M","?","M","R","M","T","M","?"],"build_version":"2019-01-23","purchased_purges":0,"victory":false,"max_hp_per_floor":[71,71,71,71,71,71,71,73,73,73,73,73,73,73,73,73,77,79,79,79,81,91,93,93,95,95,97,97],"card_choices":[{"not_picked":["Steam","Redo","Compile Driver"],"picked":"SKIP","floor":1.0},{"not_picked":["Genetic Algorithm","FTL"],"picked":"Beam Cell","floor":6.0},{"not_picked":["Redo","Compile Driver","Beam Cell"],"picked":"Singing Bowl","floor":8.0},{"not_picked":["Heatsinks","Steam"],"picked":"White Noise","floor":12.0},{"not_picked":["Conserve Battery","Tempest"],"picked":"Heatsinks","floor":13.0},{"not_picked":["Cold Snap","Hologram"],"picked":"Biased Cognition","floor":14.0},{"not_picked":["Meteor Strike","Thunder Strike"],"picked":"Reboot","floor":16.0},{"not_picked":["Go for the Eyes","Darkness"],"picked":"Glacier","floor":17.0},{"not_picked":["Coolheaded","BootSequence"],"picked":"Turbo","floor":17.0},{"not_picked":["Ball Lightning","Sweeping Beam"],"picked":"Loop","floor":17.0},{"not_picked":["Conserve Battery","Leap","Redo"],"picked":"Singing Bowl","floor":17.0},{"not_picked":["Leap","Force Field","Compile Driver"],"picked":"Singing Bowl","floor":17.0},{"not_picked":["Compile Driver","Static Discharge","Go for the Eyes"],"picked":"Singing Bowl","floor":18.0},{"not_picked":["Leap","Turbo","Genetic Algorithm"],"picked":"Singing Bowl","floor":21.0},{"not_picked":["Heatsinks","Stack","Steam"],"picked":"Singing Bowl","floor":23.0},{"not_picked":["Streamline","Coolheaded","Double Energy+1"],"picked":"Singing Bowl","floor":25},{"not_picked":["Compile Driver+1","Coolheaded","All For One"],"picked":"Singing Bowl","floor":27}],"player_experience":948532,"relics_obtained":[{"floor":5.0,"key":"Singing Bowl"},{"floor":6.0,"key":"Ancient Tea Set"},{"floor":9.0,"key":"Tiny Chest"},{"floor":26,"key":"Pantograph"}],"event_choices":[{"damage_healed":0.0,"max_hp_gain":0.0,"max_hp_loss":0.0,"gold_gain":0.0,"cards_transformed":["Strike_B"],"event_name":"Living Wall","player_choice":"Change","floor":2.0,"gold_loss":0.0,"damage_taken":0.0,"cards_obtained":["Redo"]},{"cards_removed":["Strike_B"],"damage_healed":0.0,"max_hp_gain":0.0,"max_hp_loss":0.0,"gold_gain":0.0,"event_name":"Golden Wing","player_choice":"Card Removal","floor":3.0,"gold_loss":0.0,"damage_taken":7.0},{"damage_healed":0.0,"max_hp_gain":0.0,"max_hp_loss":0.0,"gold_gain":75.0,"event_name":"World of Goop","player_choice":"Gather Gold","floor":4.0,"gold_loss":0.0,"damage_taken":11.0},{"cards_removed":["Reboot"],"damage_healed":26.0,"max_hp_gain":10.0,"max_hp_loss":0.0,"gold_gain":0.0,"event_name":"Bonfire Elementals","player_choice":"Offered Rare","floor":22.0,"gold_loss":0.0,"damage_taken":0.0}],"is_beta":false,"boss_relics":[{"not_picked":["Nuclear Battery","Velvet Choker"],"picked":"Orrery"}],"items_purged_floors":[],"is_endless":false,"potions_floor_spawned":[8,13,14,18,23,25,27],"killed_by":"Centurion and Healer","ascension_level":20}