{"gold_per_floor":[118,133,143,218,218,218,246,265,265,276,311,311,48,65,65,167,167,178,24,36,36,36,61,61,87,87,112,124,137,166,183,183,286,286,301,316,216,216,230,294,342,377,377,377,10,42,52,0,0,0,0,0,0,25,25],"floor_reached":56,"playtime":4838,"items_purged":["Strike_B","Strike_B","Defend_B"],"score":1525,"play_id":"d91f6eb6-3b5d-470a-afb5-5b8ef463701a","local_time":"20190726232152","is_ascension_mode":true,"campfire_choices":[{"data":"Coolheaded","floor":6.0,"key":"SMITH"},{"data":"Go for the Eyes","floor":12,"key":"SMITH"},{"data":"Apotheosis","floor":15,"key":"SMITH"},{"floor":32,"key":"REST"},{"floor":44,"key":"RECALL"},{"floor":49,"key":"DIG"},{"floor":52,"key":"DIG"}],"neow_cost":"NONE","seed_source_timestamp":0,"circlet_count":0,"master_deck":["Defend_B","Defend_B","Defend_B","Zap+1","Dualcast","Go for the Eyes+1","FTL+1","Coolheaded+1","Streamline","Conserve Battery","Steam","Glacier","FTL","Apotheosis+1","Go for the Eyes","Electrodynamics","Compile Driver+1","Creative AI","Heatsinks","Scrape+1","Gash","Glacier","Hologram","Barrage","Self Repair+1","Beam Cell","Capacitor+1","Amplify","Rebound+1","Streamline+1","Swift Strike+1","Parasite","Gash+1","Undo+1","Echo Form+1","Stack","FTL+1","Steam+1"],"special_seed":0,"relics":["Cracked Core","Bird Faced Urn","Mercury Hourglass","Dodecahedron","Fusion Hammer","StoneCalendar","Bottled Lightning","Centennial Puzzle","Dead Branch","Frozen Egg 2","Coffee Dripper","Tiny Chest","Shovel","Strawberry","Mummified Hand","Whetstone","Red Mask","DataDisk","Letter Opener","Ice Cream"],"potions_floor_usage":[11,16,23,25,30,30,33,36,54,55,55],"damage_taken":[{"damage":0.0,"enemies":"Small Slimes","floor":1.0,"turns":2.0},{"damage":0.0,"enemies":"2 Louse","floor":2.0,"turns":2.0},{"damage":0.0,"enemies":"Cultist","floor":3.0,"turns":3.0},{"damage":18.0,"enemies":"Lagavulin","floor":7.0,"turns":7.0},{"damage":3,"enemies":"2 Fungi Beasts","floor":8,"turns":3},{"damage":0,"enemies":"Large Slime","floor":10,"turns":3},{"damage":6,"enemies":"3 Sentries","floor":11,"turns":4},{"damage":2,"enemies":"3 Louse","floor":14,"turns":2},{"damage":2,"enemies":"Hexaghost","floor":16,"turns":9},{"damage":0,"enemies":"Shell Parasite","floor":18,"turns":5},{"damage":1,"enemies":"2 Thieves","floor":20,"turns":4},{"damage":10,"enemies":"Book of Stabbing","floor":23,"turns":6},{"damage":24,"enemies":"Slavers","floor":25,"turns":4},{"damage":3,"enemies":"Gremlin Leader","floor":27,"turns":5},{"damage":6,"enemies":"Centurion and Healer","floor":28,"turns":3},{"damage":0,"enemies":"Cultist and Chosen","floor":29,"turns":3},{"damage":10,"enemies":"Slavers","floor":30,"turns":2},{"damage":1,"enemies":"3 Cultists","floor":31,"turns":3},{"damage":16,"enemies":"Champ","floor":33,"turns":9},{"damage":0,"enemies":"3 Shapes","floor":35,"turns":2},{"damage":13,"enemies":"3 Darklings","floor":36,"turns":3},{"damage":32,"enemies":"Writhing Mass","floor":39,"turns":6},{"damage":8,"enemies":"Reptomancer","floor":40,"turns":5},{"damage":20,"enemies":"2 Orb Walkers","floor":41,"turns":3},{"damage":11,"enemies":"Giant Head","floor":42,"turns":7},{"damage":7,"enemies":"Reptomancer","floor":46,"turns":4},{"damage":0,"enemies":"Jaw Worm Horde","floor":47,"turns":2},{"damage":42,"enemies":"Time Eater","floor":50,"turns":8},{"damage":48,"enemies":"Shield and Spear","floor":54,"turns":6},{"damage":68,"enemies":"The Heart","floor":55,"turns":7}],"seed_played":"3443372008335889083","potions_obtained":[{"floor":8,"key":"FairyPotion"},{"floor":10,"key":"FocusPotion"},{"floor":11,"key":"Swift Potion"},{"floor":14,"key":"Block Potion"},{"floor":20,"key":"SkillPotion"},{"floor":25,"key":"SteroidPotion"},{"floor":28,"key":"Block Potion"},{"floor":29,"key":"LiquidBronze"},{"floor":30,"key":"GamblersBrew"},{"floor":39,"key":"Weak Potion"},{"floor":40,"key":"Weak Potion"},{"floor":41,"key":"LiquidBronze"},{"floor":54,"key":"Strength Potion"}],"is_trial":false,"path_per_floor":["M","M","M","?","?","R","E","M","T","M","E","R","$","M","R","B",null,"M","$","M","?","?","E","?","E","T","E","M","M","E","M","R","B",null,"M","M","$","?","M","E","?","E","T","R","$","E","M","?","R","B",null,"R","$","E","B",null],"character_chosen":"DEFECT","items_purchased":["FTL","Apotheosis","PowerPotion","Creative AI","Mummified Hand"],"campfire_rested":1,"item_purchase_floors":[13,13,13,19,45],"current_hp_per_floor":[75,75,75,64,64,64,46,43,43,43,37,37,37,35,35,35,65,67,67,72,72,72,67,67,51,51,58,56,58,50,51,73,75,75,75,75,75,75,75,75,59,79,79,79,79,82,82,82,82,82,82,82,82,60,52],"gold":25,"neow_bonus":"UPGRADE_CARD","is_prod":false,"is_daily":false,"chose_seed":false,"campfire_upgraded":3,"win_rate":0,"timestamp":1564197712,"path_taken":["M","M","M","?","?","R","E","M","T","M","E","R","$","?","R","BOSS","M","$","M","?","?","E","?","E","T","E","?","M","E","M","R","BOSS","M","M","$","?","M","E","?","E","T","R","$","E","M","?","R","BOSS","R","$","E","BOSS"],"build_version":"2019-07-17","purchased_purges":3,"victory":true,"max_hp_per_floor":[75,75,75,75,75,75,75,75,75,75,75,75,75,75,75,75,75,75,75,75,75,75,75,75,75,75,75,75,75,75,75,75,75,75,75,75,75,75,75,75,75,82,82,82,82,82,82,82,82,82,82,82,82,82,82],"card_choices":[{"not_picked":["Redo","Barrage"],"picked":"Go for the Eyes","floor":1.0},{"not_picked":["Turbo","Double Energy"],"picked":"FTL","floor":2.0},{"not_picked":["Skim","Reinforced Body"],"picked":"Coolheaded","floor":3.0},{"not_picked":["Sweeping Beam","Storm"],"picked":"Streamline","floor":7.0},{"not_picked":["Leap","Turbo"],"picked":"Conserve Battery","floor":8},{"not_picked":["Leap","Cold Snap"],"picked":"Steam","floor":10},{"not_picked":["Cold Snap","Streamline"],"picked":"Glacier","floor":11},{"not_picked":["Amplify","Genetic Algorithm"],"picked":"Go for the Eyes","floor":14},{"not_picked":["Reboot","Biased Cognition"],"picked":"Electrodynamics","floor":16},{"not_picked":["Hello World","Streamline"],"picked":"Compile Driver+1","floor":18},{"not_picked":["Aggregate+1","Steam Power+1"],"picked":"Heatsinks","floor":20},{"not_picked":["Hyperbeam","Cold Snap"],"picked":"Scrape+1","floor":23},{"not_picked":["Scrape+1","Barrage"],"picked":"Glacier","floor":25},{"not_picked":["BootSequence","Glacier"],"picked":"Hologram","floor":27},{"not_picked":["Sunder","Ball Lightning"],"picked":"Barrage","floor":28},{"not_picked":["BootSequence","Turbo"],"picked":"Self Repair+1","floor":29},{"not_picked":["Go for the Eyes+1","Multi-Cast"],"picked":"Beam Cell","floor":30},{"not_picked":["Rebound","Stack"],"picked":"Capacitor+1","floor":31},{"not_picked":["Electrodynamics+1","Fission"],"picked":"Amplify","floor":33},{"not_picked":["Beam Cell","Compile Driver"],"picked":"Rebound+1","floor":35},{"not_picked":["Beam Cell+1","Darkness"],"picked":"Streamline+1","floor":36},{"not_picked":["Secret Technique","Enlightenment"],"picked":"Swift Strike","floor":38},{"not_picked":["Turbo","Consume+1"],"picked":"Gash+1","floor":39},{"not_picked":["Go for the Eyes","Blizzard+1"],"picked":"Undo+1","floor":40},{"not_picked":["Consume+1","Blizzard+1"],"picked":"Echo Form+1","floor":42},{"not_picked":["Steam+1","Cold Snap+1"],"picked":"Stack","floor":46},{"not_picked":["Leap+1","Coolheaded"],"picked":"FTL+1","floor":47},{"not_picked":["Barrage+1","Coolheaded"],"picked":"Steam+1","floor":54}],"player_experience":430386,"relics_obtained":[{"floor":7.0,"key":"Bird Faced Urn"},{"floor":9,"key":"Mercury Hourglass"},{"floor":11,"key":"Dodecahedron"},{"floor":23,"key":"StoneCalendar"},{"floor":25,"key":"Bottled Lightning"},{"floor":26,"key":"Centennial Puzzle"},{"floor":27,"key":"Dead Branch"},{"floor":30,"key":"Frozen Egg 2"},{"floor":40,"key":"Tiny Chest"},{"floor":41,"key":"Shovel"},{"floor":42,"key":"Strawberry"},{"floor":46,"key":"Whetstone"},{"floor":49,"key":"DataDisk"},{"floor":52,"key":"Letter Opener"},{"floor":54,"key":"Ice Cream"}],"event_choices":[{"damage_healed":0.0,"max_hp_gain":0.0,"max_hp_loss":0.0,"gold_gain":75.0,"event_name":"World of Goop","player_choice":"Gather Gold","floor":4.0,"gold_loss":0.0,"damage_taken":11.0},{"cards_removed":["Strike_B"],"damage_healed":0.0,"max_hp_gain":0.0,"max_hp_loss":0.0,"gold_gain":0.0,"event_name":"Wheel of Change","player_choice":"Card Removal","floor":5.0,"gold_loss":0.0,"damage_taken":0.0},{"cards_removed":["Strike_B"],"damage_healed":0,"gold_gain":0,"player_choice":"Elegance","damage_taken":0,"max_hp_gain":0,"max_hp_loss":0,"event_name":"Back to Basics","floor":21,"gold_loss":0},{"damage_healed":0,"gold_gain":0,"player_choice":"Ignored","damage_taken":0,"max_hp_gain":0,"max_hp_loss":0,"event_name":"The Mausoleum","floor":22,"gold_loss":0},{"damage_healed":0,"gold_gain":0,"player_choice":"Read","damage_taken":0,"max_hp_gain":0,"max_hp_loss":0,"event_name":"The Library","floor":24,"gold_loss":0,"cards_obtained":["Gash"]},{"damage_healed":0,"gold_gain":0,"player_choice":"Memory 1","damage_taken":0,"max_hp_gain":0,"max_hp_loss":0,"event_name":"SensoryStone","floor":38,"gold_loss":0},{"damage_healed":0,"gold_gain":0,"player_choice":"Fight","damage_taken":0,"max_hp_gain":0,"max_hp_loss":0,"event_name":"Mysterious Sphere","floor":41,"gold_loss":0},{"damage_healed":0,"gold_gain":0,"player_choice":"Paid","damage_taken":0,"relics_obtained":["Red Mask"],"max_hp_gain":0,"max_hp_loss":0,"event_name":"Tomb of Lord Red Mask","floor":48,"gold_loss":52}],"is_beta":false,"boss_relics":[{"not_picked":["FrozenCore","Snecko Eye"],"picked":"Fusion Hammer"},{"not_picked":["Runic Pyramid","Velvet Choker"],"picked":"Coffee Dripper"}],"items_purged_floors":[19,37,45],"is_endless":false,"potions_floor_spawned":[8,10,11,14,20,25,28,29,30,39,40,41,46,47,54],"ascension_level":5}