{"gold_per_floor":[116,128,128,143,143,143,163,191,191,191,206,285,26,37,37,37],"floor_reached":16,"playtime":1669,"items_purged":[],"score":122,"play_id":"6f2e4e00-85ca-453c-ba70-1b4dad3a5f4f","local_time":"20190725154415","is_ascension_mode":true,"campfire_choices":[{"data":"Die Die Die","floor":6,"key":"SMITH"},{"floor":10,"key":"REST"},{"floor":15,"key":"REST"}],"neow_cost":"NONE","seed_source_timestamp":501415326602300,"circlet_count":0,"master_deck":["Strike_G","Strike_G","Strike_G","Strike_G","Strike_G","Defend_G","Defend_G","Defend_G","Defend_G+1","Defend_G","Survivor","Neutralize","Die Die Die+1","Prepared+1","Acrobatics","Blade Dance","Well Laid Plans","Night Terror","Outmaneuver"],"relics":["Ring of the Snake","War Paint","Tough Bandages","Molten Egg 2","Singing Bowl"],"potions_floor_usage":[8,8,8,16],"damage_taken":[{"damage":0,"enemies":"2 Louse","floor":1,"turns":2},{"damage":0,"enemies":"Cultist","floor":2,"turns":3},{"damage":8,"enemies":"Jaw Worm","floor":4,"turns":6},{"damage":0,"enemies":"Looter","floor":7,"turns":5},{"damage":31,"enemies":"Lagavulin","floor":8,"turns":6},{"damage":1,"enemies":"Exordium Thugs","floor":11,"turns":4},{"damage":0,"enemies":"Blue Slaver","floor":14,"turns":3},{"damage":63,"enemies":"The Guardian","floor":16,"turns":14}],"seed_played":"6029620555733314128","potions_obtained":[{"floor":1,"key":"Explosive Potion"},{"floor":4,"key":"GhostInAJar"},{"floor":7,"key":"Strength Potion"},{"floor":8,"key":"Energy Potion"}],"is_trial":false,"path_per_floor":["M","M","?","M","?","R","M","E","T","R","M","?","$","M","R","B"],"character_chosen":"THE_SILENT","items_purchased":["Singing Bowl"],"campfire_rested":2,"item_purchase_floors":[13],"current_hp_per_floor":[70,70,70,62,59,59,59,28,28,49,48,48,48,48,69,6],"gold":37,"neow_bonus":"ONE_RANDOM_RARE_CARD","is_prod":false,"is_daily":false,"chose_seed":false,"campfire_upgraded":1,"win_rate":0,"timestamp":1564094655,"path_taken":["M","M","?","?","?","R","M","E","T","R","M","?","$","M","R","BOSS"],"build_version":"2019-07-17","purchased_purges":0,"victory":false,"max_hp_per_floor":[70,70,70,70,70,70,70,70,70,70,70,70,70,70,70,70],"card_choices":[{"not_picked":["Catalyst","Bane"],"picked":"Prepared","floor":1},{"not_picked":["Eviscerate","Concentrate"],"picked":"Slice","floor":2},{"not_picked":["Riddle With Holes","Bane"],"picked":"Acrobatics","floor":4},{"not_picked":["PiercingWail","Prepared"],"picked":"Blade Dance","floor":7},{"not_picked":["Outmaneuver","Dodge and Roll"],"picked":"Well Laid Plans","floor":8},{"not_picked":["Poisoned Stab+1","Sucker Punch+1"],"picked":"Night Terror","floor":11},{"not_picked":["Setup","Acrobatics"],"picked":"Outmaneuver","floor":14}],"player_experience":690822,"relics_obtained":[{"floor":8,"key":"Tough Bandages"},{"floor":9,"key":"Molten Egg 2"}],"event_choices":[{"cards_removed":["Slice"],"damage_healed":5,"gold_gain":0,"player_choice":"Offered Common","damage_taken":0,"max_hp_gain":0,"max_hp_loss":0,"event_name":"Bonfire Elementals","floor":3,"gold_loss":0},{"cards_removed":["Slice"],"damage_healed":5,"gold_gain":0,"player_choice":"Offered Special","damage_taken":0,"max_hp_gain":0,"max_hp_loss":0,"event_name":"Bonfire Elementals","floor":3,"gold_loss":0},{"damage_healed":0,"gold_gain":0,"player_choice":"Success","damage_taken":3,"relics_obtained":["War Paint"],"max_hp_gain":0,"max_hp_loss":0,"event_name":"Scrap Ooze","floor":5,"gold_loss":0},{"damage_healed":0,"gold_gain":79,"player_choice":"Gained Gold","damage_taken":0,"max_hp_gain":0,"max_hp_loss":0,"event_name":"Golden Wing","floor":12,"gold_loss":0}],"is_beta":false,"boss_relics":[],"items_purged_floors":[],"is_endless":false,"potions_floor_spawned":[1,4,7,8],"killed_by":"The Guardian","ascension_level":4}