{"gold_per_floor":[112,128,142,142,156,156,126,51,123,151,167,167,178,196,196,299,299,299,299,50,5,5,5,5,5,5,5,5,5,5,5,5,5,5,5,5,5,5,5,5,5,5,5,5,5,5,5,5,5,5],"floor_reached":51,"playtime":9381,"items_purged":["Regret","Defend_G"],"score":709,"play_id":"1a08c6da-c9c2-4775-89ed-291fcd866d1a","local_time":"20190729024213","is_ascension_mode":false,"campfire_choices":[{"data":"Distraction","floor":6,"key":"SMITH"},{"data":"After Image","floor":15,"key":"SMITH"},{"data":"After Image","floor":23,"key":"SMITH"},{"data":"Terror","floor":32,"key":"SMITH"},{"data":"Adrenaline","floor":40,"key":"SMITH"},{"data":"Madness","floor":44,"key":"SMITH"},{"floor":49,"key":"REST"}],"neow_cost":"NONE","seed_source_timestamp":188268790034675,"circlet_count":0,"master_deck":["Defend_G","Defend_G","Defend_G","Survivor","Neutralize","Distraction+1","Dagger Spray","Backflip","Dagger Throw","After Image+1","Well Laid Plans","Dagger Throw","Terror+1","After Image+1","Backflip","Bite","Bite","Bite","Bite","Well Laid Plans","RitualDagger+1","Adrenaline+1","Calculated Gamble+1","Slice+1","Madness","Madness+1","Shame","Discovery","Acrobatics"],"relics":["Ring of the Snake","Anchor","Mummified Hand","FossilizedHelix","Ectoplasm","Juzu Bracelet","Pantograph","StoneCalendar","Cursed Key","Centennial Puzzle","Bag of Preparation","Ice Cream","Bronze Scales"],"potions_floor_usage":[3,10,16,33,33,33,41,48,50],"damage_taken":[{"damage":3,"enemies":"Jaw Worm","floor":1,"turns":6},{"damage":0,"enemies":"2 Louse","floor":2,"turns":4},{"damage":1,"enemies":"Cultist","floor":3,"turns":3},{"damage":9,"enemies":"Blue Slaver","floor":5,"turns":4},{"damage":2,"enemies":"Looter","floor":7,"turns":4},{"damage":12,"enemies":"3 Sentries","floor":10,"turns":9},{"damage":0,"enemies":"2 Fungi Beasts","floor":11,"turns":3},{"damage":0,"enemies":"Exordium Wildlife","floor":13,"turns":6},{"damage":0,"enemies":"Gremlin Gang","floor":14,"turns":7},{"damage":47,"enemies":"Hexaghost","floor":16,"turns":12},{"damage":0,"enemies":"3 Byrds","floor":18,"turns":5},{"damage":0,"enemies":"2 Thieves","floor":21,"turns":4},{"damage":4,"enemies":"Cultist and Chosen","floor":22,"turns":6},{"damage":6,"enemies":"Snake Plant","floor":24,"turns":8},{"damage":1,"enemies":"Shelled Parasite and Fungi","floor":25,"turns":6},{"damage":0,"enemies":"Chosen and Byrds","floor":28,"turns":6},{"damage":30,"enemies":"Champ","floor":33,"turns":11},{"damage":0,"enemies":"Orb Walker","floor":35,"turns":3},{"damage":0,"enemies":"3 Shapes","floor":36,"turns":4},{"damage":0,"enemies":"Spire Growth","floor":38,"turns":5},{"damage":0,"enemies":"Jaw Worm Horde","floor":39,"turns":5},{"damage":0,"enemies":"Giant Head","floor":41,"turns":8},{"damage":0,"enemies":"Mind Bloom Boss Battle","floor":46,"turns":7},{"damage":18,"enemies":"Nemesis","floor":48,"turns":7},{"damage":94,"enemies":"Awakened One","floor":50,"turns":23}],"seed_played":"-2260152707563462491","potions_obtained":[{"floor":1,"key":"SpeedPotion"},{"floor":2,"key":"Fruit Juice"},{"floor":14,"key":"Regen Potion"},{"floor":18,"key":"PowerPotion"},{"floor":21,"key":"Fire Potion"},{"floor":22,"key":"Swift Potion"},{"floor":39,"key":"Energy Potion"},{"floor":41,"key":"Fire Potion"},{"floor":48,"key":"Dexterity Potion"}],"is_trial":false,"path_per_floor":["M","M","M","?","M","R","M","$","T","E","M","?","M","M","R","B",null,"M","?","$","M","M","R","M","M","T","?","M","?","?","?","R","B",null,"M","M","?","M","M","R","E","?","T","R","?","?","$","E","R","B",null],"character_chosen":"THE_SILENT","items_purchased":["Juzu Bracelet"],"campfire_rested":1,"item_purchase_floors":[20],"current_hp_per_floor":[67,69,74,74,66,66,66,66,66,56,58,58,60,62,62,32,75,75,75,75,75,75,75,73,75,75,75,75,69,69,69,69,49,75,75,75,75,75,75,75,75,66,66,66,66,75,75,59,75,12],"gold":5,"neow_bonus":"RANDOM_COMMON_RELIC","is_prod":false,"is_daily":false,"chose_seed":false,"campfire_upgraded":6,"win_rate":0.0,"timestamp":1564360933,"path_taken":["M","M","M","?","M","R","M","$","T","E","M","?","M","?","R","BOSS","M","?","$","M","M","R","M","M","T","?","M","?","?","?","R","BOSS","M","M","?","M","M","R","E","?","T","R","?","?","?","E","R","BOSS"],"build_version":"2019-07-17","purchased_purges":2,"victory":true,"max_hp_per_floor":[70,70,75,75,75,75,75,75,75,75,75,75,75,75,75,75,75,75,75,75,75,75,75,75,75,75,75,75,75,75,75,75,75,75,75,75,75,75,75,75,75,75,75,75,75,75,75,75,75,75],"card_choices":[{"not_picked":["Leg Sweep","Deflect"],"picked":"Distraction","floor":1},{"not_picked":["Dagger Throw","PiercingWail"],"picked":"Dagger Spray","floor":2},{"not_picked":["Skewer","Poisoned Stab"],"picked":"Backflip","floor":3},{"not_picked":["Bouncing Flask","Dash"],"picked":"Dagger Throw","floor":5},{"not_picked":["Choke","Flying Knee"],"picked":"After Image","floor":7},{"not_picked":["Leg Sweep","Crippling Poison"],"picked":"Well Laid Plans","floor":10},{"not_picked":["Deadly Poison","Bouncing Flask"],"picked":"Dagger Throw","floor":11},{"not_picked":["Crippling Poison","Slice","Deadly Poison"],"picked":"SKIP","floor":13},{"not_picked":["Die Die Die","Flying Knee"],"picked":"Terror","floor":14},{"not_picked":["Glass Knife","Burst"],"picked":"After Image","floor":16},{"not_picked":["Sucker Punch+1","Acrobatics"],"picked":"Backflip","floor":18},{"not_picked":["Prepared","Endless Agony","Bane+1"],"picked":"SKIP","floor":21},{"not_picked":["PiercingWail","Dodge and Roll","Noxious Fumes"],"picked":"SKIP","floor":22},{"not_picked":["Bouncing Flask","Slice","PiercingWail"],"picked":"SKIP","floor":24},{"not_picked":["Sucker Punch+1","Deflect","Outmaneuver"],"picked":"SKIP","floor":25},{"not_picked":["PiercingWail","Bane"],"picked":"Well Laid Plans","floor":28},{"not_picked":["Doppelganger","Wraith Form v2"],"picked":"Adrenaline","floor":33},{"not_picked":["Prepared","Underhanded Strike","PiercingWail+1"],"picked":"SKIP","floor":35},{"not_picked":["Backflip","Blur"],"picked":"Calculated Gamble+1","floor":36},{"not_picked":["Dash","Masterful Stab"],"picked":"Slice+1","floor":38},{"not_picked":["Skewer+1","Slice","Bane+1"],"picked":"SKIP","floor":39},{"not_picked":["Deadly Poison","Well Laid Plans+1","Expertise+1"],"picked":"SKIP","floor":41},{"not_picked":["Mayhem","Swift Strike"],"picked":"Discovery","floor":45},{"not_picked":["Slice","Prepared+1"],"picked":"Acrobatics","floor":46},{"not_picked":["Underhanded Strike+1","Dodge and Roll","Expertise+1"],"picked":"SKIP","floor":48}],"player_experience":76876,"relics_obtained":[{"floor":9,"key":"Mummified Hand"},{"floor":10,"key":"FossilizedHelix"},{"floor":26,"key":"Pantograph"},{"floor":41,"key":"Centennial Puzzle"},{"floor":43,"key":"Bag of Preparation"},{"floor":46,"key":"Ice Cream"},{"floor":48,"key":"Bronze Scales"}],"event_choices":[{"damage_healed":0,"gold_gain":0,"player_choice":"Box","damage_taken":0,"relics_obtained":["Anchor"],"max_hp_gain":0,"max_hp_loss":0,"event_name":"Big Fish","floor":4,"gold_loss":0,"cards_obtained":["Regret"]},{"cards_removed":["Defend_G"],"damage_healed":0,"gold_gain":0,"player_choice":"Purged","damage_taken":0,"max_hp_gain":0,"max_hp_loss":0,"event_name":"Purifier","floor":12,"gold_loss":0},{"damage_healed":0,"gold_gain":0,"player_choice":"Became a vampire (Vial)","damage_taken":0,"max_hp_gain":0,"max_hp_loss":0,"event_name":"Vampires","floor":19,"relics_lost":["Blood Vial"],"gold_loss":0,"cards_obtained":["Bite","Bite","Bite","Bite","Bite"]},{"damage_healed":0,"gold_gain":0,"player_choice":"Opened","damage_taken":0,"relics_obtained":["StoneCalendar"],"max_hp_gain":0,"max_hp_loss":0,"event_name":"The Mausoleum","floor":27,"gold_loss":0},{"damage_healed":0,"gold_gain":0,"player_choice":"Joined the Cult","damage_taken":6,"max_hp_gain":0,"max_hp_loss":0,"event_name":"Nest","floor":29,"gold_loss":0,"cards_obtained":["RitualDagger"]},{"damage_healed":0,"gold_gain":0,"player_choice":"Upgraded","damage_taken":0,"max_hp_gain":0,"max_hp_loss":0,"event_name":"Upgrade Shrine","floor":30,"gold_loss":0,"cards_upgraded":["RitualDagger"]},{"damage_healed":0,"gold_gain":0,"player_choice":"Ignored","damage_taken":0,"max_hp_gain":0,"max_hp_loss":0,"event_name":"NoteForYourself","floor":31,"gold_loss":0},{"cards_removed":["Bite"],"damage_healed":0,"gold_gain":0,"player_choice":"Removed Attack","damage_taken":0,"max_hp_gain":0,"max_hp_loss":0,"event_name":"Falling","floor":37,"gold_loss":0},{"damage_healed":0,"gold_gain":0,"player_choice":"Embrace Madness","damage_taken":9,"max_hp_gain":0,"max_hp_loss":0,"event_name":"Winding Halls","floor":42,"gold_loss":0,"cards_obtained":["Madness","Madness"]},{"damage_healed":0,"gold_gain":0,"player_choice":"Memory 1","damage_taken":0,"max_hp_gain":0,"max_hp_loss":0,"event_name":"SensoryStone","floor":45,"gold_loss":0},{"damage_healed":0,"gold_gain":0,"player_choice":"Fight","damage_taken":0,"max_hp_gain":0,"max_hp_loss":0,"event_name":"MindBloom","floor":46,"gold_loss":0}],"is_beta":false,"boss_relics":[{"not_picked":["Runic Dome","Calling Bell"],"picked":"Ectoplasm"},{"not_picked":["Ring of the Serpent","Eternal Feather"],"picked":"Cursed Key"}],"items_purged_floors":[8,20],"is_endless":false,"potions_floor_spawned":[1,2,14,18,21,22,24,39,41,48],"ascension_level":0}