{"gold_per_floor":[113,113,213,225,237,263,263,295,295,322,332,347,347,357,357,460,460,426,426,439,349,70,70,80,5,5,17,17],"floor_reached":28,"playtime":3097,"items_purged":["Defend_R"],"score":252,"play_id":"3d7f59ae-64a1-48d3-a5d0-3c0a4bdfd0da","local_time":"20190325123254","is_ascension_mode":true,"campfire_choices":[{"floor":7.0,"key":"RECALL"},{"floor":15.0,"key":"REST"},{"data":"Enlightenment","floor":23,"key":"SMITH"}],"neow_cost":"NONE","seed_source_timestamp":0,"circlet_count":0,"master_deck":["Strike_R","Strike_R","Strike_R","Defend_R","Defend_R","Defend_R","Bash","Pommel Strike","Inflame","Impervious+1","Flex","Headbutt","Uppercut","Feed","Searing Blow","Impervious","Warcry+1","Enlightenment+1","Iron Wave+1","Heavy Blade"],"special_seed":0,"relics":["Burning Blood","PreservedInsect","Incense Burner","Anchor","Gremlin Horn","Black Star","Lee\u0027s Waffle","Vajra"],"potions_floor_usage":[],"damage_taken":[{"damage":2.0,"enemies":"Small Slimes","floor":1.0,"turns":4.0},{"damage":1.0,"enemies":"Cultist","floor":4.0,"turns":3.0},{"damage":3.0,"enemies":"Jaw Worm","floor":5.0,"turns":6.0},{"damage":36.0,"enemies":"Lagavulin","floor":6.0,"turns":5.0},{"damage":18.0,"enemies":"3 Sentries","floor":8.0,"turns":9.0},{"damage":6.0,"enemies":"Gremlin Nob","floor":10.0,"turns":3.0},{"damage":4.0,"enemies":"3 Louse","floor":11.0,"turns":4.0},{"damage":7.0,"enemies":"Red Slaver","floor":12.0,"turns":4.0},{"damage":0.0,"enemies":"2 Fungi Beasts","floor":14.0,"turns":2.0},{"damage":62.0,"enemies":"Hexaghost","floor":16.0,"turns":14.0},{"damage":18.0,"enemies":"2 Thieves","floor":18.0,"turns":5.0},{"damage":44.0,"enemies":"Spheric Guardian","floor":20.0,"turns":6.0},{"damage":58,"enemies":"Snecko","floor":24,"turns":9},{"damage":29,"enemies":"Centurion and Healer","floor":27,"turns":8},{"damage":21,"enemies":"Snake Plant","floor":28,"turns":3}],"seed_played":"7159735436915469446","potions_obtained":[{"floor":1.0,"key":"BloodPotion"},{"floor":4.0,"key":"Block Potion"},{"floor":6.0,"key":"EssenceOfSteel"},{"floor":10.0,"key":"Explosive Potion"},{"floor":20,"key":"GamblersBrew"},{"floor":27,"key":"PowerPotion"}],"is_trial":false,"path_per_floor":["M","?","?","M","M","E","R","E","T","E","M","M","?","M","R","B",null,"M","?","M","?","$","R","M","$","T","M","M"],"character_chosen":"IRONCLAD","items_purchased":["Lee\u0027s Waffle","Enlightenment"],"campfire_rested":1,"item_purchase_floors":[22,22],"current_hp_per_floor":[80,73,73,78,80,50,50,46,46,46,48,47,47,53,77,21,80,68,68,33,33,90,90,38,38,38,18,0],"gold":17,"neow_bonus":"TRANSFORM_CARD","is_prod":false,"is_daily":false,"chose_seed":false,"campfire_upgraded":1,"win_rate":0,"timestamp":1553542374,"path_taken":["M","?","?","?","M","E","R","E","T","E","M","M","?","M","R","BOSS","M","?","M","?","$","R","?","$","T","M","M"],"build_version":"2019-01-23","purchased_purges":1,"victory":false,"max_hp_per_floor":[80,80,80,80,80,80,80,80,80,80,80,80,80,80,80,80,80,80,80,83,83,90,90,90,90,90,93,93],"card_choices":[{"not_picked":["Battle Trance","Combust","Shrug It Off"],"picked":"SKIP","floor":1.0},{"not_picked":["Pommel Strike","Iron Wave","Cleave"],"picked":"SKIP","floor":4.0},{"not_picked":["Perfected Strike","Battle Trance"],"picked":"Pommel Strike","floor":5.0},{"not_picked":["Pommel Strike","Battle Trance"],"picked":"Inflame","floor":6.0},{"not_picked":["Shrug It Off","Iron Wave"],"picked":"Impervious","floor":8.0},{"not_picked":["Ghostly Armor","Fire Breathing"],"picked":"Flex","floor":10.0},{"not_picked":["Sword Boomerang","Clash","Perfected Strike"],"picked":"SKIP","floor":11.0},{"not_picked":["Burning Pact","Cleave"],"picked":"Headbutt","floor":12.0},{"not_picked":["Clothesline","Battle Trance"],"picked":"Uppercut","floor":14.0},{"not_picked":["Limit Break","Offering"],"picked":"Feed","floor":16.0},{"not_picked":["Anger","True Grit"],"picked":"Searing Blow","floor":18.0},{"not_picked":["Shockwave","Sword Boomerang+1"],"picked":"Warcry+1","floor":20},{"not_picked":["Shrug It Off","Perfected Strike"],"picked":"Iron Wave+1","floor":24},{"not_picked":["Seeing Red","Body Slam"],"picked":"Heavy Blade","floor":27}],"player_experience":372642,"relics_obtained":[{"floor":6.0,"key":"Incense Burner"},{"floor":8.0,"key":"Anchor"},{"floor":10.0,"key":"Gremlin Horn"},{"floor":26,"key":"Vajra"}],"event_choices":[{"damage_healed":0.0,"max_hp_gain":0.0,"max_hp_loss":0.0,"gold_gain":0.0,"event_name":"Scrap Ooze","player_choice":"Success","floor":2.0,"gold_loss":0.0,"damage_taken":7.0,"relics_obtained":["PreservedInsect"]},{"damage_healed":0.0,"max_hp_gain":0.0,"max_hp_loss":0.0,"gold_gain":100.0,"event_name":"Wheel of Change","player_choice":"Gold","floor":3.0,"gold_loss":0.0,"damage_taken":0.0},{"cards_removed":["Feel No Pain"],"damage_healed":0.0,"max_hp_gain":0.0,"max_hp_loss":0.0,"gold_gain":0.0,"event_name":"Living Wall","player_choice":"Forget","floor":13.0,"gold_loss":0.0,"damage_taken":0.0},{"damage_healed":0.0,"max_hp_gain":0.0,"max_hp_loss":0.0,"gold_gain":0.0,"event_name":"Duplicator","player_choice":"Copied","floor":19.0,"gold_loss":0.0,"damage_taken":0.0,"cards_obtained":["Impervious"]},{"cards_removed":["Strike_R"],"damage_healed":0,"gold_gain":0,"player_choice":"Upgrade and Remove","damage_taken":0,"max_hp_gain":0,"max_hp_loss":0,"event_name":"Designer","floor":21,"gold_loss":90,"cards_upgraded":["Impervious"]}],"is_beta":false,"boss_relics":[{"not_picked":["Black Blood","Snecko Eye"],"picked":"Black Star"}],"items_purged_floors":[25],"is_endless":false,"potions_floor_spawned":[1,4,6,10,20,27],"killed_by":"Snake Plant","ascension_level":1}