{"gold_per_floor":[117,136,153,113,113,113,131,143,143,157,157],"floor_reached":11,"playtime":1000,"items_purged":[],"score":67,"play_id":"11158ff1-70a5-480e-b3b2-dad013e64576","local_time":"20190713231204","is_ascension_mode":false,"campfire_choices":[{"data":"Strike_R","floor":6,"key":"SMITH"}],"neow_cost":"","seed_source_timestamp":0,"circlet_count":0,"master_deck":["Strike_R","Strike_R","Strike_R+1","Strike_R","Strike_R","Defend_R","Defend_R","Defend_R","Defend_R","Bash","Fire Breathing","Shrug It Off","Flame Barrier","Iron Wave","Flame Barrier"],"special_seed":0,"relics":["Burning Blood","Darkstone Periapt"],"potions_floor_usage":[10],"damage_taken":[{"damage":10.0,"enemies":"Cultist","floor":1.0,"turns":4.0},{"damage":17,"enemies":"Small Slimes","floor":2,"turns":3},{"damage":13,"enemies":"Jaw Worm","floor":3,"turns":4},{"damage":14,"enemies":"Blue Slaver","floor":7,"turns":6},{"damage":16,"enemies":"Exordium Wildlife","floor":8,"turns":6},{"damage":25,"enemies":"Exordium Thugs","floor":10,"turns":5},{"damage":27,"enemies":"3 Sentries","floor":11,"turns":4}],"seed_played":"4358275133703614623","potions_obtained":[{"floor":2,"key":"SteroidPotion"},{"floor":4,"key":"SkillPotion"},{"floor":4,"key":"Poison Potion"}],"is_trial":false,"path_per_floor":["M","M","M","?","$","R","M","M","T","M","E"],"character_chosen":"IRONCLAD","items_purchased":[],"campfire_rested":0,"item_purchase_floors":[],"current_hp_per_floor":[76,65,58,58,58,58,50,40,40,21,0],"gold":157,"neow_bonus":"","is_prod":false,"is_daily":false,"chose_seed":false,"campfire_upgraded":1,"win_rate":0.0,"timestamp":1563030724,"path_taken":["M","M","M","?","?","R","M","M","T","M","E"],"build_version":"2019-07-05","purchased_purges":0,"victory":false,"max_hp_per_floor":[80,80,80,80,80,80,80,80,80,80,80],"card_choices":[{"not_picked":["Armaments","Thunderclap"],"picked":"Fire Breathing","floor":1},{"not_picked":["Clash","Flex"],"picked":"Shrug It Off","floor":2},{"not_picked":["Pommel Strike","Body Slam"],"picked":"Flame Barrier","floor":3},{"not_picked":["Intimidate","True Grit","Fire Breathing"],"picked":"SKIP","floor":7},{"not_picked":["Clash","Warcry"],"picked":"Iron Wave","floor":8},{"not_picked":["Warcry","Flex"],"picked":"Flame Barrier","floor":10}],"player_experience":0,"relics_obtained":[{"floor":9,"key":"Darkstone Periapt"}],"event_choices":[{"damage_healed":0,"gold_gain":0,"player_choice":"Bought 3 Potions","damage_taken":0,"max_hp_gain":0,"max_hp_loss":0,"event_name":"The Woman in Blue","floor":4,"gold_loss":0}],"is_beta":false,"boss_relics":[],"items_purged_floors":[],"is_endless":false,"potions_floor_spawned":[2,8],"killed_by":"3 Sentries","ascension_level":0}