{"gold_per_floor":[116,116,132,146,157,157,176,186,260,260,288,288,288,288,288,361,361,373,298,298,315,83,83,97,97,122,122,138,138,138,168,168,243,243,263,263,1262,844,859,859,878,898,898,927,947,947,975,975,975,975,975,975,975,192,218,218],"floor_reached":57,"playtime":3296,"items_purged":["Strike_B","Defend_B","Defend_B"],"score":3010,"play_id":"8e85b737-eac2-46c5-89e8-0c443f618d22","local_time":"20190618235310","is_ascension_mode":true,"campfire_choices":[{"data":"Streamline","floor":6.0,"key":"SMITH"},{"floor":10.0,"key":"REST"},{"data":"Capacitor","floor":13.0,"key":"SMITH"},{"floor":15.0,"key":"REST"},{"data":"Defragment","floor":23.0,"key":"SMITH"},{"data":"Biased Cognition","floor":25.0,"key":"SMITH"},{"data":"Heatsinks","floor":27.0,"key":"SMITH"},{"floor":32.0,"key":"DIG"},{"data":"Fission","floor":40.0,"key":"SMITH"},{"floor":49,"key":"RECALL"},{"floor":53,"key":"DIG"}],"neow_cost":"PERCENT_DAMAGE","seed_source_timestamp":42025603952752,"circlet_count":0,"master_deck":["AscendersBane","Defend_B","Zap","Streamline+1","Genetic Algorithm+1","Electrodynamics","Capacitor+1","Turbo","Core Surge+1","Glacier","Biased Cognition+1","Heatsinks+1","Capacitor","Defragment+1","White Noise+1","Fission+1","Skim+1","Creative AI","Skim","Turbo","Coolheaded","Defragment+1","Recycle+1","Buffer+1"],"special_seed":0,"relics":["Cracked Core","Du-Vu Doll","Matryoshka","Anchor","Prayer Wheel","Nuclear Battery","Oddly Smooth Stone","Omamori","Shovel","Mango","DataDisk","Coffee Dripper","Frozen Egg 2","Molten Egg 2","Whetstone","Happy Flower","Cables","Lee\u0027s Waffle","Bag of Preparation","War Paint","Art of War"],"potions_floor_usage":[44,51,55],"damage_taken":[{"damage":4.0,"enemies":"Jaw Worm","floor":1.0,"turns":4.0},{"damage":1.0,"enemies":"Cultist","floor":3.0,"turns":3.0},{"damage":0.0,"enemies":"Small Slimes","floor":4.0,"turns":2.0},{"damage":6.0,"enemies":"2 Fungi Beasts","floor":5.0,"turns":2.0},{"damage":3.0,"enemies":"Exordium Thugs","floor":7.0,"turns":4.0},{"damage":3.0,"enemies":"Exordium Wildlife","floor":8.0,"turns":4.0},{"damage":32.0,"enemies":"Gremlin Nob","floor":11.0,"turns":4.0},{"damage":5.0,"enemies":"Slime Boss","floor":16.0,"turns":8.0},{"damage":1.0,"enemies":"Chosen","floor":18.0,"turns":5.0},{"damage":12.0,"enemies":"Shell Parasite","floor":21.0,"turns":5.0},{"damage":12.0,"enemies":"Chosen and Byrds","floor":24.0,"turns":3.0},{"damage":0.0,"enemies":"Snecko","floor":28.0,"turns":4.0},{"damage":0.0,"enemies":"Gremlin Leader","floor":31.0,"turns":6.0},{"damage":4.0,"enemies":"Automaton","floor":33.0,"turns":9.0},{"damage":9.0,"enemies":"Orb Walker","floor":35.0,"turns":4.0},{"damage":0.0,"enemies":"3 Shapes","floor":39.0,"turns":3.0},{"damage":20.0,"enemies":"Transient","floor":41.0,"turns":6.0},{"damage":0.0,"enemies":"Sphere and 2 Shapes","floor":42.0,"turns":1.0},{"damage":0,"enemies":"Reptomancer","floor":44,"turns":5},{"damage":0,"enemies":"Maw","floor":45,"turns":7},{"damage":0,"enemies":"Giant Head","floor":47,"turns":9},{"damage":0,"enemies":"Donu and Deca","floor":50,"turns":9},{"damage":0,"enemies":"Time Eater","floor":51,"turns":9},{"damage":20,"enemies":"Shield and Spear","floor":55,"turns":5},{"damage":35,"enemies":"The Heart","floor":56,"turns":9}],"seed_played":"-622510330919292060","potions_obtained":[{"floor":1.0,"key":"FearPotion"},{"floor":5.0,"key":"SpeedPotion"},{"floor":7.0,"key":"Swift Potion"},{"floor":28.0,"key":"Fire Potion"},{"floor":31.0,"key":"Dexterity Potion"},{"floor":42.0,"key":"Block Potion"},{"floor":47,"key":"GamblersBrew"}],"is_trial":false,"path_per_floor":["M","?","M","M","M","R","M","M","T","R","E","?","R","?","R","B",null,"M","?","?","M","$","R","M","R","T","R","M","?","T","E","R","B",null,"M","?","?","$","M","R","M","M","T","E","M","?","E","?","R","B","B",null,"R","$","E","B",null],"character_chosen":"DEFECT","items_purchased":["Defragment","FocusPotion","Frozen Egg 2","Energy Potion","Lee\u0027s Waffle","Bag of Preparation","Swift Potion","War Paint","AttackPotion"],"campfire_rested":2,"item_purchase_floors":[22,22,38,38,54,54,54,54,54],"current_hp_per_floor":[42,42,41,41,35,35,32,29,29,50,18,7,7,7,28,23,59,58,58,58,46,46,46,34,34,34,34,34,34,34,48,48,44,75,66,66,66,66,66,66,46,46,46,46,46,46,46,46,46,46,46,72,72,88,68,33],"gold":218,"neow_bonus":"ONE_RARE_RELIC","is_prod":false,"is_daily":false,"chose_seed":false,"campfire_upgraded":6,"win_rate":0,"timestamp":1560873190,"path_taken":["M","?","M","?","M","R","M","M","T","R","E","?","R","?","R","BOSS","M","?","?","?","$","R","M","R","T","R","M","?","?","E","R","BOSS","M","?","?","$","M","R","M","?","T","E","M","?","E","?","R","BOSS","BOSS","R","$","E","BOSS"],"build_version":"2019-01-23","purchased_purges":3,"victory":true,"max_hp_per_floor":[71,71,71,71,71,71,71,71,71,71,71,71,71,71,71,71,71,71,71,71,71,71,71,71,71,71,71,71,71,71,85,85,85,85,85,85,85,85,85,85,85,85,85,85,85,81,81,81,81,81,81,81,81,88,88,88],"card_choices":[{"not_picked":["Steam","Compile Driver"],"picked":"Streamline","floor":1.0},{"not_picked":["Streamline","Fusion"],"picked":"Genetic Algorithm","floor":3.0},{"not_picked":["Sweeping Beam","Leap"],"picked":"Electrodynamics","floor":4.0},{"not_picked":["Lockon","Scrape","Streamline"],"picked":"SKIP","floor":5.0},{"not_picked":["Compile Driver","Melter","Genetic Algorithm"],"picked":"SKIP","floor":7.0},{"not_picked":["Hologram","Sunder"],"picked":"Capacitor","floor":8.0},{"not_picked":["Fission","Cold Snap"],"picked":"Turbo","floor":11.0},{"not_picked":["Amplify","Core Surge"],"picked":"Biased Cognition","floor":16.0},{"not_picked":["Melter","Turbo","Storm+1"],"picked":"SKIP","floor":18.0},{"not_picked":["Redo","Rebound","Barrage"],"picked":"SKIP","floor":18.0},{"not_picked":["Ball Lightning","Beam Cell"],"picked":"Capacitor","floor":21.0},{"not_picked":["Leap","Scrape","Compile Driver+1"],"picked":"SKIP","floor":21.0},{"not_picked":["Redo","Chaos"],"picked":"White Noise","floor":24.0},{"not_picked":["Force Field","Conserve Battery","Rebound+1"],"picked":"SKIP","floor":24.0},{"not_picked":["Turbo","Coolheaded"],"picked":"Fission","floor":28.0},{"not_picked":["Cold Snap","Redo+1","Rebound"],"picked":"SKIP","floor":28.0},{"not_picked":["Reboot","Gash"],"picked":"Skim+1","floor":31.0},{"not_picked":["Rainbow","Core Surge"],"picked":"Creative AI","floor":33.0},{"not_picked":["Compile Driver","Sweeping Beam+1","Rebound+1"],"picked":"SKIP","floor":35.0},{"not_picked":["Streamline","Aggregate","Conserve Battery"],"picked":"SKIP","floor":35.0},{"not_picked":["Go for the Eyes","Cold Snap+1"],"picked":"Skim","floor":39.0},{"not_picked":["Beam Cell","Core Surge","Sunder"],"picked":"SKIP","floor":39.0},{"not_picked":["Beam Cell","Barrage+1"],"picked":"Turbo","floor":41.0},{"not_picked":["Steam","Cold Snap","Reprogram+1"],"picked":"SKIP","floor":41.0},{"not_picked":["Seek","Capacitor+1"],"picked":"Coolheaded","floor":42.0},{"not_picked":["Rebound","Blizzard","Hologram"],"picked":"SKIP","floor":42.0},{"not_picked":["Hologram","Lockon+1","Blizzard+1"],"picked":"SKIP","floor":44},{"not_picked":["Hologram","Sunder+1"],"picked":"Defragment+1","floor":45},{"not_picked":["Tempest","Barrage+1"],"picked":"Recycle+1","floor":45},{"not_picked":["Steam+1","Storm+1"],"picked":"Buffer+1","floor":47},{"not_picked":["Scrape+1","Steam","Ball Lightning+1"],"picked":"SKIP","floor":55}],"player_experience":968287,"relics_obtained":[{"floor":9.0,"key":"Matryoshka"},{"floor":11.0,"key":"Anchor"},{"floor":26.0,"key":"Oddly Smooth Stone"},{"floor":30.0,"key":"Omamori"},{"floor":30.0,"key":"Shovel"},{"floor":31.0,"key":"Mango"},{"floor":32.0,"key":"DataDisk"},{"floor":43.0,"key":"Molten Egg 2"},{"floor":44,"key":"Whetstone"},{"floor":47,"key":"Happy Flower"},{"floor":53,"key":"Cables"},{"floor":55,"key":"Art of War"}],"event_choices":[{"cards_removed":["Strike_B"],"damage_healed":0.0,"max_hp_gain":0.0,"max_hp_loss":0.0,"gold_gain":0.0,"event_name":"Bonfire Elementals","player_choice":"Offered Basic","floor":2.0,"gold_loss":0.0,"damage_taken":0.0},{"damage_healed":0.0,"max_hp_gain":0.0,"max_hp_loss":0.0,"gold_gain":0.0,"event_name":"Scrap Ooze","player_choice":"Success","floor":12.0,"gold_loss":0.0,"damage_taken":11.0,"relics_obtained":["Prayer Wheel"]},{"damage_healed":0.0,"max_hp_gain":0.0,"max_hp_loss":0.0,"gold_gain":0.0,"event_name":"Match and Keep!","player_choice":"2 cards matched","floor":14.0,"gold_loss":0.0,"damage_taken":0.0,"cards_obtained":["Core Surge","Glacier"]},{"cards_removed":["Strike_B"],"damage_healed":0.0,"max_hp_gain":0.0,"max_hp_loss":0.0,"gold_gain":0.0,"event_name":"Beggar","player_choice":"Gave Gold","floor":19.0,"gold_loss":75.0,"damage_taken":0.0},{"damage_healed":0.0,"max_hp_gain":0.0,"max_hp_loss":0.0,"gold_gain":0.0,"cards_transformed":["Strike_B"],"event_name":"Transmorgrifier","player_choice":"Transformed","floor":20.0,"gold_loss":0.0,"damage_taken":0.0,"cards_obtained":["Heatsinks"]},{"cards_removed":["Defend_B"],"damage_healed":0.0,"max_hp_gain":0.0,"max_hp_loss":0.0,"gold_gain":0.0,"event_name":"Back to Basics","player_choice":"Elegance","floor":29.0,"gold_loss":0.0,"damage_taken":0.0},{"damage_healed":0.0,"max_hp_gain":0.0,"max_hp_loss":0.0,"gold_gain":0.0,"event_name":"Tomb of Lord Red Mask","player_choice":"Ignored","floor":36.0,"gold_loss":0.0,"damage_taken":0.0},{"damage_healed":0.0,"max_hp_gain":0.0,"max_hp_loss":0.0,"gold_gain":999.0,"event_name":"MindBloom","player_choice":"Gold","floor":37.0,"gold_loss":0.0,"damage_taken":0.0,"cards_obtained":["Normality","Normality"]},{"damage_healed":0,"gold_gain":0,"player_choice":"Max HP","damage_taken":0,"max_hp_gain":0,"max_hp_loss":4,"event_name":"Winding Halls","floor":46,"gold_loss":0},{"cards_removed":["Dualcast"],"damage_healed":0,"gold_gain":0,"player_choice":"Removed Skill","damage_taken":0,"max_hp_gain":0,"max_hp_loss":0,"event_name":"Falling","floor":48,"gold_loss":0}],"is_beta":false,"boss_relics":[{"not_picked":["Fusion Hammer","Orrery"],"picked":"Nuclear Battery"},{"not_picked":["Runic Dome","Lizard Tail"],"picked":"Coffee Dripper"}],"items_purged_floors":[22,38,54],"is_endless":false,"potions_floor_spawned":[1,5,7,28,31,42,47],"ascension_level":20}