{"gold_per_floor":[118,118,32,45,59,59,82,82,109,109,135,146,146],"floor_reached":13,"playtime":591,"items_purged":[],"score":116,"play_id":"fe9d2660-4ad7-4b5d-ad41-186ef5917a4c","local_time":"20190109211748","is_ascension_mode":true,"campfire_choices":[{"data":"Creative AI","floor":6,"key":"SMITH"},{"floor":10,"key":"REST"}],"neow_cost":"NONE","seed_source_timestamp":410011750436443,"circlet_count":0,"master_deck":["Strike_B","Strike_B","Strike_B","Defend_B","Defend_B","Defend_B","Defend_B","Zap","Dualcast","Defragment","Loop","Turbo","Streamline","Creative AI+1","Sweeping Beam","Streamline","Double Energy"],"relics":["Cracked Core","Odd Mushroom","Oddly Smooth Stone","Pear"],"potions_floor_usage":[7],"damage_taken":[{"damage":2,"enemies":"Jaw Worm","floor":1,"turns":3},{"damage":11,"enemies":"Cultist","floor":4,"turns":4},{"damage":7,"enemies":"Small Slimes","floor":5,"turns":2},{"damage":61,"enemies":"The Mushroom Lair","floor":7,"turns":8},{"damage":18,"enemies":"Gremlin Nob","floor":11,"turns":4},{"damage":1,"enemies":"2 Fungi Beasts","floor":12,"turns":2},{"damage":22,"enemies":"Exordium Wildlife","floor":13,"turns":3}],"seed_played":"-6789651451711492345","potions_obtained":[{"floor":1,"key":"Ancient Potion"},{"floor":5,"key":"Block Potion"},{"floor":12,"key":"GamblersBrew"}],"is_trial":false,"path_per_floor":["M","?","$","M","M","R","?","?","T","R","E","M","M"],"character_chosen":"DEFECT","items_purchased":["Loop","Turbo"],"campfire_rested":1,"item_purchase_floors":[3,3],"current_hp_per_floor":[80,80,80,69,62,62,1,1,1,25,17,16,0],"gold":146,"neow_bonus":"TEN_PERCENT_HP_BONUS","is_prod":false,"is_daily":false,"chose_seed":false,"campfire_upgraded":1,"win_rate":0,"timestamp":1547029068,"path_taken":["M","?","$","M","?","R","?","?","T","R","E","M","M"],"build_version":"2019-01-03v4","purchased_purges":0,"victory":false,"max_hp_per_floor":[82,82,82,82,82,82,82,82,82,82,92,92,92],"card_choices":[{"not_picked":["Beam Cell","Gash"],"picked":"Defragment","floor":1},{"not_picked":["Reprogram","Coolheaded"],"picked":"Streamline","floor":4},{"not_picked":["Redo","Lockon"],"picked":"Creative AI","floor":5},{"not_picked":["Blizzard","Beam Cell"],"picked":"Sweeping Beam","floor":7},{"not_picked":["Consume","Tempest"],"picked":"Streamline","floor":11},{"not_picked":["Beam Cell","Go for the Eyes"],"picked":"Double Energy","floor":12}],"player_experience":407962,"relics_obtained":[{"floor":7,"key":"Odd Mushroom"},{"floor":9,"key":"Oddly Smooth Stone"},{"floor":11,"key":"Pear"}],"event_choices":[{"cards_removed":["Strike_B"],"damage_healed":0,"gold_gain":0,"player_choice":"Purged","damage_taken":0,"max_hp_gain":0,"max_hp_loss":0,"event_name":"Purifier","floor":2,"gold_loss":0},{"damage_healed":0,"gold_gain":0,"player_choice":"Fought Mushrooms","damage_taken":0,"max_hp_gain":0,"max_hp_loss":0,"event_name":"Mushrooms","floor":7,"gold_loss":0},{"damage_healed":0,"gold_gain":0,"player_choice":"Fled","damage_taken":0,"max_hp_gain":0,"max_hp_loss":0,"event_name":"Scrap Ooze","floor":8,"gold_loss":0}],"is_beta":false,"boss_relics":[],"items_purged_floors":[],"is_endless":false,"potions_floor_spawned":[1,5,12],"killed_by":"Exordium Wildlife","ascension_level":2}