{"gold_per_floor":[118,128,148,50,61,61,94,94,121,121,48,48,48,59,59,164,164,181,200,48,58,108,108,138,153,176,176,191,191],"floor_reached":29,"playtime":1726,"items_purged":["Regret"],"score":331,"play_id":"c2239ec9-6c0f-45af-bfe7-f64379655056","local_time":"20190119001408","is_ascension_mode":true,"campfire_choices":[{"data":"True Grit","floor":6,"key":"SMITH"},{"data":"Bash","floor":8,"key":"SMITH"},{"data":"Shrug It Off","floor":10,"key":"SMITH"},{"floor":13,"key":"REST"},{"data":"Body Slam","floor":15,"key":"SMITH"},{"data":"Whirlwind","floor":23,"key":"SMITH"},{"floor":27,"key":"REST"}],"neow_cost":"CURSE","seed_source_timestamp":885910670805896,"circlet_count":0,"master_deck":["Strike_R","Strike_R","Strike_R","Defend_R","Defend_R","Defend_R","Defend_R","Bash+1","Burning Pact","True Grit+1","Spot Weakness","Shrug It Off+1","Pommel Strike","Metallicize","Whirlwind+1","Body Slam+1","Reaper","Thunderclap+1","Pommel Strike","Infernal Blade+1","Armaments","Heavy Blade","True Grit"],"relics":["Burning Blood","Blood Vial","Bronze Scales","Bag of Preparation","Empty Cage","Ancient Tea Set","Shuriken","Pen Nib"],"potions_floor_usage":[5,19,19,21,21,28],"damage_taken":[{"damage":12,"enemies":"Small Slimes","floor":1,"turns":4},{"damage":6,"enemies":"Cultist","floor":2,"turns":3},{"damage":3,"enemies":"2 Louse","floor":3,"turns":3},{"damage":7,"enemies":"Exordium Thugs","floor":5,"turns":5},{"damage":46,"enemies":"Lagavulin","floor":7,"turns":8},{"damage":3,"enemies":"Blue Slaver","floor":14,"turns":4},{"damage":61,"enemies":"The Guardian","floor":16,"turns":10},{"damage":0,"enemies":"3 Byrds","floor":18,"turns":5},{"damage":22,"enemies":"Shell Parasite","floor":19,"turns":3},{"damage":40,"enemies":"3 Cultists","floor":21,"turns":5},{"damage":42,"enemies":"Book of Stabbing","floor":24,"turns":5},{"damage":46,"enemies":"Centurion and Healer","floor":25,"turns":10},{"damage":23,"enemies":"Snake Plant","floor":28,"turns":3},{"damage":37,"enemies":"Colosseum Slavers","floor":29,"turns":4}],"seed_played":"-7956423709290778843","potions_obtained":[{"floor":1,"key":"LiquidBronze"},{"floor":2,"key":"Energy Potion"},{"floor":7,"key":"FearPotion"},{"floor":16,"key":"SpeedPotion"},{"floor":18,"key":"Strength Potion"},{"floor":19,"key":"Dexterity Potion"},{"floor":25,"key":"BloodPotion"}],"is_trial":false,"path_per_floor":["M","M","M","$","M","R","E","R","T","R","$","?","R","M","R","B",null,"M","M","$","M","?","R","E","M","T","R","M","?"],"character_chosen":"IRONCLAD","items_purchased":["Shrug It Off","Whirlwind","Ancient Tea Set"],"campfire_rested":2,"item_purchase_floors":[4,11,20],"current_hp_per_floor":[90,90,93,93,92,92,52,52,52,52,52,52,80,85,85,32,80,96,80,80,62,62,62,28,10,10,38,32,0],"gold":191,"neow_bonus":"TWENTY_PERCENT_HP_BONUS","is_prod":false,"is_daily":false,"chose_seed":false,"campfire_upgraded":5,"win_rate":0,"timestamp":1547817248,"path_taken":["M","M","M","$","M","R","E","R","T","R","$","?","R","M","R","BOSS","M","M","?","M","?","R","E","M","T","R","?","?"],"build_version":"2019-01-17v2","purchased_purges":1,"victory":false,"max_hp_per_floor":[96,96,96,96,96,96,96,96,96,96,96,96,96,96,96,96,96,96,96,96,96,96,96,96,96,96,96,96,96],"card_choices":[{"not_picked":["Pommel Strike","Battle Trance"],"picked":"Burning Pact","floor":1},{"not_picked":["Havoc","Uppercut"],"picked":"True Grit","floor":2},{"not_picked":["Burning Pact","Ghostly Armor"],"picked":"Spot Weakness","floor":3},{"not_picked":["Twin Strike","Headbutt"],"picked":"Pommel Strike","floor":5},{"not_picked":["Thunderclap","Armaments"],"picked":"Metallicize","floor":7},{"not_picked":["Clash","Hemokinesis"],"picked":"Body Slam","floor":14},{"not_picked":["Double Tap","Offering"],"picked":"Reaper","floor":16},{"not_picked":["Combust","Shrug It Off"],"picked":"Thunderclap+1","floor":18},{"not_picked":["Sword Boomerang","Carnage"],"picked":"Pommel Strike","floor":19},{"not_picked":["Reckless Charge+1","Thunderclap+1"],"picked":"Infernal Blade+1","floor":21},{"not_picked":["Iron Wave","Berserk"],"picked":"Armaments","floor":24},{"not_picked":["Perfected Strike","Wild Strike"],"picked":"Heavy Blade","floor":25},{"not_picked":["Shockwave","Metallicize"],"picked":"True Grit","floor":28}],"player_experience":485015,"relics_obtained":[{"floor":7,"key":"Blood Vial"},{"floor":9,"key":"Bronze Scales"},{"floor":24,"key":"Shuriken"},{"floor":26,"key":"Pen Nib"}],"event_choices":[{"damage_healed":0,"gold_gain":0,"player_choice":"Gave Potion","damage_taken":0,"relics_obtained":["Bag of Preparation"],"max_hp_gain":0,"max_hp_loss":0,"event_name":"WeMeetAgain","floor":12,"gold_loss":0},{"damage_healed":0,"gold_gain":100,"player_choice":"Bet on Murderer","damage_taken":0,"max_hp_gain":0,"max_hp_loss":0,"event_name":"The Joust","floor":22,"gold_loss":50},{"damage_healed":0,"gold_gain":0,"player_choice":"Fight","damage_taken":0,"max_hp_gain":0,"max_hp_loss":0,"event_name":"Colosseum","floor":29,"gold_loss":0}],"is_beta":false,"boss_relics":[{"not_picked":["Runic Dome","Tiny House"],"picked":"Empty Cage"}],"items_purged_floors":[4],"is_endless":false,"potions_floor_spawned":[1,2,7,16,18,19,25],"killed_by":"Colosseum Slavers","ascension_level":5}