{"gold_per_floor":[111,123,133,150,116,116,41,41,41,67,82,97,97,107,107,209,209,224,224,224,243,243,243,243,272,272,272,272,289,289,305,305,408,408,423,19,19,36,52,152,187,187,261,287,299,299],"floor_reached":46,"playtime":9970,"items_purged":["Defend_R"],"score":527,"play_id":"a03b42b8-284c-42ed-9f48-79c6fa55435b","local_time":"20190226150433","is_ascension_mode":true,"campfire_choices":[{"data":"Whirlwind","floor":6,"key":"SMITH"},{"floor":8,"key":"REST"},{"floor":15,"key":"REST"},{"floor":23,"key":"REST"},{"floor":27,"key":"REST"},{"floor":32,"key":"REST"},{"floor":42,"key":"REST"}],"neow_cost":"PERCENT_DAMAGE","seed_source_timestamp":159844013065100,"circlet_count":0,"master_deck":["Strike_R+1","Strike_R+1","Strike_R+1","Strike_R+1","Defend_R+1","Bash","Whirlwind+1","Sentinel","Carnage","Battle Trance","Fire Breathing","Bludgeon","Demon Form+1","True Grit","Rage+1","Pommel Strike","Flex","Barricade","Shrug It Off","Apotheosis","Entrench","Body Slam","Reaper"],"relics":["Black Blood","Kunai","Bottled Lightning","MutagenicStrength","Pantograph","Ornamental Fan","Magic Flower","Fusion Hammer","Toy Ornithopter","Champion Belt","Boot","Mummified Hand","Calipers"],"potions_floor_usage":[16,22,22,22,25,29,33,33,38,40,41,44,46],"damage_taken":[{"damage":6,"enemies":"2 Louse","floor":1,"turns":3},{"damage":0,"enemies":"Small Slimes","floor":2,"turns":2},{"damage":1,"enemies":"Cultist","floor":3,"turns":3},{"damage":7,"enemies":"3 Louse","floor":4,"turns":2},{"damage":31,"enemies":"3 Sentries","floor":10,"turns":5},{"damage":11,"enemies":"2 Fungi Beasts","floor":11,"turns":3},{"damage":10,"enemies":"Looter","floor":12,"turns":2},{"damage":6,"enemies":"Exordium Wildlife","floor":14,"turns":2},{"damage":18,"enemies":"Slime Boss","floor":16,"turns":7},{"damage":35,"enemies":"Spheric Guardian","floor":18,"turns":5},{"damage":25,"enemies":"2 Thieves","floor":21,"turns":3},{"damage":30,"enemies":"Sentry and Sphere","floor":22,"turns":4},{"damage":21,"enemies":"Slavers","floor":25,"turns":4},{"damage":6,"enemies":"3 Cultists","floor":29,"turns":3},{"damage":35,"enemies":"Shelled Parasite and Fungi","floor":31,"turns":6},{"damage":102,"enemies":"Automaton","floor":33,"turns":10},{"damage":33,"enemies":"3 Shapes","floor":35,"turns":7},{"damage":25,"enemies":"3 Darklings","floor":38,"turns":4},{"damage":28,"enemies":"Jaw Worm Horde","floor":39,"turns":3},{"damage":26,"enemies":"Mind Bloom Boss Battle","floor":40,"turns":10},{"damage":1,"enemies":"Giant Head","floor":41,"turns":8},{"damage":19,"enemies":"Reptomancer","floor":44,"turns":10},{"damage":38,"enemies":"Sphere and 2 Shapes","floor":45,"turns":5},{"damage":70,"enemies":"Nemesis","floor":46,"turns":6}],"seed_played":"3681542270109525365","potions_obtained":[{"floor":2,"key":"Explosive Potion"},{"floor":11,"key":"EntropicBrew"},{"floor":16,"key":"Poison Potion"},{"floor":25,"key":"AttackPotion"},{"floor":29,"key":"Explosive Potion"},{"floor":31,"key":"Regen Potion"},{"floor":39,"key":"SteroidPotion"},{"floor":40,"key":"SkillPotion"},{"floor":41,"key":"Fire Potion"},{"floor":44,"key":"Energy Potion"}],"is_trial":false,"path_per_floor":["M","M","M","M","?","R","$","R","T","E","M","M","?","M","R","B",null,"M","?","?","M","M","R","?","E","T","R","?","M","T","M","R","B",null,"M","$","?","M","M","?","E","R","T","E","M","E"],"character_chosen":"IRONCLAD","items_purchased":["Apotheosis","Toy Ornithopter","SkillPotion"],"campfire_rested":6,"item_purchase_floors":[36,36,36],"current_hp_per_floor":[56,62,67,66,66,66,66,80,80,55,50,46,46,46,70,58,80,55,55,55,40,20,44,44,33,33,57,57,61,61,41,65,17,80,62,62,62,60,47,77,80,80,80,80,57,0],"gold":299,"neow_bonus":"TRANSFORM_TWO_CARDS","is_prod":false,"is_daily":false,"chose_seed":false,"campfire_upgraded":1,"win_rate":0,"timestamp":1551218673,"path_taken":["M","M","M","M","?","R","$","R","T","E","M","M","?","M","R","BOSS","M","?","?","?","M","R","?","E","T","R","?","M","?","M","R","BOSS","M","$","?","M","M","?","E","R","T","E","M","E"],"build_version":"2019-01-23","purchased_purges":1,"victory":false,"max_hp_per_floor":[80,80,80,80,80,80,80,80,80,80,80,80,80,80,80,80,80,80,80,80,80,80,80,80,80,80,80,80,80,80,80,80,80,80,80,80,80,80,80,80,80,80,80,80,80,80],"card_choices":[{"not_picked":["Headbutt","Twin Strike"],"picked":"Carnage","floor":1},{"not_picked":["Seeing Red","Body Slam"],"picked":"Battle Trance","floor":2},{"not_picked":["Anger","Warcry","Pommel Strike"],"picked":"SKIP","floor":3},{"not_picked":["Clothesline","Thunderclap"],"picked":"Fire Breathing","floor":4},{"not_picked":["Iron Wave","Uppercut"],"picked":"Bludgeon","floor":10},{"not_picked":["Twin Strike","Hemokinesis","Whirlwind"],"picked":"SKIP","floor":11},{"not_picked":["Sword Boomerang","Perfected Strike","Shrug It Off"],"picked":"SKIP","floor":12},{"not_picked":["Sword Boomerang","Body Slam","Second Wind"],"picked":"SKIP","floor":14},{"not_picked":["Barricade","Double Tap"],"picked":"Demon Form","floor":16},{"not_picked":["Perfected Strike","Cleave+1"],"picked":"True Grit","floor":18},{"not_picked":["Sword Boomerang","Clash","Twin Strike"],"picked":"SKIP","floor":21},{"not_picked":["Clothesline","Clash+1"],"picked":"Rage+1","floor":25},{"not_picked":["Perfected Strike","Sword Boomerang"],"picked":"Pommel Strike","floor":29},{"not_picked":["Burning Pact","Entrench"],"picked":"Flex","floor":31},{"not_picked":["Offering","Brutality"],"picked":"Barricade","floor":33},{"not_picked":["Sentinel","Thunderclap"],"picked":"Shrug It Off","floor":35},{"not_picked":["Fire Breathing+1","Disarm+1","Cleave"],"picked":"SKIP","floor":38},{"not_picked":["Armaments","Sentinel"],"picked":"Entrench","floor":39},{"not_picked":["True Grit+1","Evolve","Iron Wave"],"picked":"SKIP","floor":41},{"not_picked":["Dropkick","Carnage"],"picked":"Body Slam","floor":44},{"not_picked":["Cleave+1","Heavy Blade"],"picked":"Reaper","floor":45}],"player_experience":107956,"relics_obtained":[{"floor":9,"key":"Kunai"},{"floor":10,"key":"Bottled Lightning"},{"floor":25,"key":"Pantograph"},{"floor":26,"key":"Ornamental Fan"},{"floor":30,"key":"Magic Flower"},{"floor":40,"key":"Champion Belt"},{"floor":41,"key":"Boot"},{"floor":43,"key":"Mummified Hand"},{"floor":44,"key":"Calipers"}],"event_choices":[{"damage_healed":0,"gold_gain":0,"player_choice":"Left Gold","damage_taken":0,"max_hp_gain":0,"max_hp_loss":0,"event_name":"World of Goop","floor":5,"gold_loss":34},{"damage_healed":0,"gold_gain":0,"cards_transformed":["Strike_R"],"player_choice":"Change","damage_taken":0,"max_hp_gain":0,"max_hp_loss":0,"event_name":"Living Wall","floor":13,"gold_loss":0,"cards_obtained":["Bludgeon"]},{"damage_healed":0,"gold_gain":0,"player_choice":"Simplicity","damage_taken":0,"max_hp_gain":0,"max_hp_loss":0,"event_name":"Back to Basics","floor":19,"gold_loss":0,"cards_upgraded":["Strike_R","Strike_R","Strike_R","Strike_R","Defend_R"]},{"damage_healed":0,"gold_gain":0,"player_choice":"Upgraded","damage_taken":0,"max_hp_gain":0,"max_hp_loss":0,"event_name":"Upgrade Shrine","floor":20,"gold_loss":0,"cards_upgraded":["Demon Form"]},{"damage_healed":0,"gold_gain":0,"player_choice":"Inject Mutagens","damage_taken":0,"relics_obtained":["MutagenicStrength"],"max_hp_gain":0,"max_hp_loss":0,"event_name":"Drug Dealer","floor":24,"gold_loss":0},{"damage_healed":0,"gold_gain":0,"player_choice":"Ignored","damage_taken":0,"max_hp_gain":0,"max_hp_loss":0,"event_name":"Ghosts","floor":28,"gold_loss":0},{"cards_removed":["Bludgeon"],"damage_healed":0,"gold_gain":0,"player_choice":"Removed Attack","damage_taken":0,"max_hp_gain":0,"max_hp_loss":0,"event_name":"Falling","floor":37,"gold_loss":0},{"damage_healed":0,"gold_gain":0,"player_choice":"Fight","damage_taken":0,"max_hp_gain":0,"max_hp_loss":0,"event_name":"MindBloom","floor":40,"gold_loss":0}],"is_beta":false,"boss_relics":[{"not_picked":["Lizard Tail","Calling Bell"],"picked":"Black Blood"},{"not_picked":["Philosopher\u0027s Stone","Runic Cube"],"picked":"Fusion Hammer"}],"items_purged_floors":[7],"is_endless":false,"potions_floor_spawned":[2,11,16,22,25,29,31,39,40,41,44],"killed_by":"Nemesis","ascension_level":1}