{"gold_per_floor":[111,130,55,73,73,73,83,83,83,98,98,373,386,88,88,161,161,179,190,208,223,138,138,138],"floor_reached":24,"playtime":838,"items_purged":["Regret"],"score":380,"play_id":"01f703a3-a8f7-4ecd-bd42-a815b82274f1","local_time":"20190524190512","is_ascension_mode":true,"campfire_choices":[{"data":"Loop","floor":6,"key":"SMITH"},{"data":"Biased Cognition","floor":8,"key":"SMITH"},{"data":"Coolheaded","floor":11,"key":"SMITH"},{"data":"Dualcast","floor":15,"key":"SMITH"},{"floor":23,"key":"REST"}],"neow_cost":"NONE","seed_source_timestamp":288371991167992,"circlet_count":0,"master_deck":["AscendersBane","Defend_B","Defend_B","Defend_B","Defend_B","Zap","Dualcast+1","Compile Driver","Loop+1","Coolheaded+1","Biased Cognition+1","Ball Lightning","Electrodynamics","Echo Form","Skim","Streamline"],"relics":["Cracked Core","Pantograph","Medical Kit","Empty Cage"],"potions_floor_usage":[24,24,24],"damage_taken":[{"damage":15,"enemies":"Small Slimes","floor":1,"turns":4},{"damage":4,"enemies":"2 Louse","floor":2,"turns":4},{"damage":6,"enemies":"Cultist","floor":4,"turns":5},{"damage":25,"enemies":"Lots of Slimes","floor":7,"turns":4},{"damage":6,"enemies":"Blue Slaver","floor":10,"turns":3},{"damage":6,"enemies":"Exordium Thugs","floor":13,"turns":4},{"damage":11,"enemies":"The Guardian","floor":16,"turns":8},{"damage":9,"enemies":"Spheric Guardian","floor":18,"turns":4},{"damage":12,"enemies":"3 Byrds","floor":19,"turns":3},{"damage":26,"enemies":"Centurion and Healer","floor":20,"turns":5},{"damage":0,"enemies":"Cultist and Chosen","floor":21,"turns":3},{"damage":45,"enemies":"Book of Stabbing","floor":24,"turns":4}],"seed_played":"5875683974306633320","potions_obtained":[{"floor":4,"key":"Swift Potion"},{"floor":7,"key":"EntropicBrew"}],"is_trial":false,"path_per_floor":["M","M","?","M","?","R","M","R","T","M","R","?","M","$","R","B",null,"M","M","M","M","$","R","E"],"character_chosen":"DEFECT","items_purchased":["Medical Kit","FocusPotion"],"campfire_rested":1,"item_purchase_floors":[14,22],"current_hp_per_floor":[49,45,45,39,39,39,14,14,14,8,8,8,2,2,2,16,57,48,36,10,10,10,31,0],"gold":138,"neow_bonus":"THREE_CARDS","is_prod":false,"is_daily":false,"chose_seed":false,"campfire_upgraded":4,"win_rate":0,"timestamp":1558695912,"path_taken":["M","M","?","M","?","R","M","R","T","M","R","?","?","$","R","BOSS","M","?","M","M","$","R","E"],"build_version":"2019-01-23","purchased_purges":1,"victory":false,"max_hp_per_floor":[71,71,71,71,71,71,71,71,71,71,71,71,71,71,71,71,71,71,71,71,71,71,71,71],"card_choices":[{"not_picked":["Stack","Reprogram"],"picked":"Compile Driver","floor":0},{"not_picked":["Steam","Beam Cell"],"picked":"Loop","floor":1},{"not_picked":["Aggregate","Steam Power"],"picked":"Coolheaded","floor":2},{"not_picked":["Redo","Sweeping Beam","Barrage"],"picked":"SKIP","floor":4},{"not_picked":["Stack","Sunder"],"picked":"Ball Lightning","floor":7},{"not_picked":["Compile Driver","Reprogram"],"picked":"Electrodynamics","floor":10},{"not_picked":["Sweeping Beam","Leap","Cold Snap"],"picked":"SKIP","floor":13},{"not_picked":["Rainbow","All For One"],"picked":"Echo Form","floor":16},{"not_picked":["Leap","Rebound","Coolheaded"],"picked":"SKIP","floor":18},{"not_picked":["Conserve Battery","Beam Cell"],"picked":"Skim","floor":19},{"not_picked":["Coolheaded","Melter","Go for the Eyes"],"picked":"SKIP","floor":20},{"not_picked":["White Noise","Multi-Cast"],"picked":"Streamline","floor":21}],"player_experience":936467,"relics_obtained":[{"floor":9,"key":"Pantograph"}],"event_choices":[{"cards_removed":["Strike_B"],"damage_healed":0,"gold_gain":0,"player_choice":"Card Removal","damage_taken":0,"max_hp_gain":0,"max_hp_loss":0,"event_name":"The Cleric","floor":3,"gold_loss":75},{"damage_healed":0,"gold_gain":0,"cards_transformed":["Strike_B"],"player_choice":"Change","damage_taken":0,"max_hp_gain":0,"max_hp_loss":0,"event_name":"Living Wall","floor":5,"gold_loss":0,"cards_obtained":["Biased Cognition"]},{"damage_healed":0,"gold_gain":275,"player_choice":"Desecrate","damage_taken":0,"max_hp_gain":0,"max_hp_loss":0,"event_name":"Golden Shrine","floor":12,"gold_loss":0,"cards_obtained":["Regret"]}],"is_beta":false,"boss_relics":[{"not_picked":["Ectoplasm","White Beast Statue"],"picked":"Empty Cage"}],"items_purged_floors":[14],"is_endless":false,"potions_floor_spawned":[4,7,10,18,20],"killed_by":"Book of Stabbing","ascension_level":20}