{"gold_per_floor":[213,138,154,154,154,154,229,252,252,24,24,24,24,49,49,169,169,169],"floor_reached":18,"playtime":558,"items_purged":["Strike_R"],"score":148,"play_id":"a4b1c679-2530-45e9-91a6-e753b260465b","local_time":"20181216143628","is_ascension_mode":false,"campfire_choices":[{"floor":6,"key":"RECALL"},{"floor":15,"key":"REST"}],"neow_cost":"NONE","seed_source_timestamp":1799076450763469,"circlet_count":0,"master_deck":["Strike_R","Strike_R","Strike_R","Defend_R","Defend_R","Defend_R","Defend_R","Bash","True Grit","Armaments","Spot Weakness","Limit Break","Uppercut","Barricade"],"relics":["Burning Blood","Golden Idol","Ancient Tea Set","Self Forming Clay","Black Star"],"potions_floor_usage":[16],"damage_taken":[{"damage":4,"enemies":"2 Louse","floor":1,"turns":3},{"damage":2,"enemies":"Jaw Worm","floor":3,"turns":5},{"damage":3,"enemies":"Cultist","floor":8,"turns":4},{"damage":14,"enemies":"3 Louse","floor":14,"turns":5},{"damage":58,"enemies":"Hexaghost","floor":16,"turns":10},{"damage":84,"enemies":"Chosen","floor":18,"turns":12}],"seed_played":"-1573113634210858829","potions_obtained":[{"floor":1,"key":"Poison Potion"}],"is_trial":false,"path_per_floor":["M","$","M","?","?","R","?","M","T","$","T","$","?","M","R","B",null,"M"],"character_chosen":"IRONCLAD","items_purchased":["Limit Break","Ancient Tea Set"],"campfire_rested":1,"item_purchase_floors":[10,10],"current_hp_per_floor":[80,80,80,80,60,60,49,52,52,52,52,52,52,44,68,16,80,0],"gold":169,"neow_bonus":"HUNDRED_GOLD","is_prod":false,"is_daily":false,"chose_seed":false,"campfire_upgraded":0,"win_rate":0,"timestamp":1544931388,"path_taken":["M","$","M","?","?","R","?","M","T","$","?","?","?","M","R","BOSS","M"],"build_version":"2018-12-13","purchased_purges":1,"victory":false,"max_hp_per_floor":[80,80,80,80,80,80,80,80,80,80,80,80,80,80,80,80,80,80],"card_choices":[{"not_picked":["Disarm","Body Slam"],"picked":"True Grit","floor":1},{"not_picked":["Sword Boomerang","Pommel Strike"],"picked":"Armaments","floor":3},{"not_picked":["Feel No Pain","Flex"],"picked":"Spot Weakness","floor":8},{"not_picked":["Iron Wave","Sword Boomerang"],"picked":"Uppercut","floor":14},{"not_picked":["Immolate","Berserk"],"picked":"Barricade","floor":16}],"player_experience":248407,"relics_obtained":[{"floor":11,"key":"Self Forming Clay"}],"event_choices":[{"damage_healed":0,"gold_gain":0,"player_choice":"Ignored","damage_taken":0,"max_hp_gain":0,"max_hp_loss":0,"event_name":"Shining Light","floor":4,"gold_loss":0},{"damage_healed":0,"gold_gain":0,"player_choice":"Take Damage","damage_taken":20,"relics_obtained":["Golden Idol"],"max_hp_gain":0,"max_hp_loss":0,"event_name":"Golden Idol","floor":5,"gold_loss":0},{"damage_healed":0,"gold_gain":75,"player_choice":"Gather Gold","damage_taken":11,"max_hp_gain":0,"max_hp_loss":0,"event_name":"World of Goop","floor":7,"gold_loss":0},{"cards_removed":["Strike_R"],"damage_healed":0,"gold_gain":0,"player_choice":"Purged","damage_taken":0,"max_hp_gain":0,"max_hp_loss":0,"event_name":"Purifier","floor":13,"gold_loss":0}],"is_beta":false,"boss_relics":[{"not_picked":["Astrolabe","Orrery"],"picked":"Black Star"}],"items_purged_floors":[2],"is_endless":false,"potions_floor_spawned":[1],"killed_by":"Chosen","ascension_level":0}