{"gold_per_floor":[119,131,206,218,237,237,248,248,271,289,289,289,289,79,79,200,200,223,246,171,190,40,40,40,54,54,85,14,14,35,35],"floor_reached":31,"playtime":2005,"items_purged":["Strike_B"],"score":321,"play_id":"b5f00155-2485-4cb8-8bd7-88e70d926443","local_time":"20190805045159","is_ascension_mode":true,"campfire_choices":[{"data":"Zap","floor":6.0,"key":"SMITH"},{"data":"Injury","floor":11.0,"key":"PURGE"},{"data":"Strike_B","floor":13.0,"key":"PURGE"},{"data":"Strike_B","floor":15.0,"key":"PURGE"},{"data":"Loop","floor":23.0,"key":"SMITH"},{"data":"Loop","floor":29.0,"key":"SMITH"}],"neow_cost":"TEN_PERCENT_HP_LOSS","seed_source_timestamp":2186597804731600,"circlet_count":0,"master_deck":["Defend_B","Defend_B+1","Defend_B","Defend_B","Zap+1","Dualcast","Scrape","Reinforced Body","Beam Cell+1","Tempest","Steam+1","Biased Cognition","Go for the Eyes+1","Steam","FTL","Machine Learning","Loop+1","Chaos+1","Auto Shields","Self Repair","Core Surge","Loop+1","Lockon"],"special_seed":0,"relics":["Cracked Core","Peace Pipe","Golden Idol","War Paint","Philosopher\u0027s Stone","Bag of Preparation","Mercury Hourglass","Whetstone"],"potions_floor_usage":[31,31],"damage_taken":[{"damage":8.0,"enemies":"2 Louse","floor":1.0,"turns":3.0},{"damage":9.0,"enemies":"Jaw Worm","floor":2.0,"turns":3.0},{"damage":0.0,"enemies":"Small Slimes","floor":4.0,"turns":2.0},{"damage":11.0,"enemies":"Blue Slaver","floor":5.0,"turns":3.0},{"damage":0.0,"enemies":"3 Louse","floor":7.0,"turns":3.0},{"damage":18.0,"enemies":"Exordium Wildlife","floor":10.0,"turns":3.0},{"damage":8.0,"enemies":"The Guardian","floor":16.0,"turns":11.0},{"damage":6.0,"enemies":"3 Byrds","floor":18.0,"turns":3.0},{"damage":0.0,"enemies":"Chosen","floor":19.0,"turns":4.0},{"damage":14.0,"enemies":"Shelled Parasite and Fungi","floor":21.0,"turns":6.0},{"damage":7.0,"enemies":"Centurion and Healer","floor":25.0,"turns":7.0},{"damage":28.0,"enemies":"Gremlin Leader","floor":27.0,"turns":6.0},{"damage":0,"enemies":"3 Cultists","floor":30,"turns":4},{"damage":23,"enemies":"Slavers","floor":31,"turns":1}],"seed_played":"7936682204339437804","potions_obtained":[{"floor":1.0,"key":"Explosive Potion"},{"floor":4.0,"key":"Fire Potion"},{"floor":5.0,"key":"Fire Potion"},{"floor":19.0,"key":"SkillPotion"},{"floor":25.0,"key":"Strength Potion"},{"floor":27.0,"key":"EssenceOfSteel"}],"is_trial":false,"path_per_floor":["M","M","?","M","M","R","M","?","T","M","R","?","R","$","R","B",null,"M","M","?","M","$","R","?","M","T","E","$","R","M","E"],"character_chosen":"DEFECT","items_purchased":["Go for the Eyes","Steam","FTL","Auto Shields","Self Repair","Loop"],"campfire_rested":0,"item_purchase_floors":[14,14,14,22,22,28],"current_hp_per_floor":[60,51,40,40,29,29,29,29,29,11,11,33,33,33,33,25,57,51,51,51,37,37,37,37,37,37,16,16,16,23,0],"gold":35,"neow_bonus":"ONE_RARE_RELIC","is_prod":false,"is_daily":false,"chose_seed":false,"campfire_upgraded":3,"win_rate":0,"timestamp":1565002319,"path_taken":["M","M","?","M","M","R","M","?","T","M","R","?","R","?","R","BOSS","M","M","?","M","$","R","?","M","T","E","?","R","M","E"],"build_version":"2019-07-18","purchased_purges":1,"victory":false,"max_hp_per_floor":[68,68,68,68,68,68,68,68,68,68,68,68,68,68,68,68,68,68,68,68,68,68,68,68,68,68,68,68,68,68,68],"card_choices":[{"not_picked":["FTL","Undo"],"picked":"Scrape","floor":1.0},{"not_picked":["Hologram","Compile Driver"],"picked":"Reinforced Body","floor":2.0},{"not_picked":["Heatsinks","BootSequence"],"picked":"Beam Cell","floor":4.0},{"not_picked":["Force Field","Sweeping Beam"],"picked":"Tempest","floor":5.0},{"not_picked":["Hologram","Cold Snap"],"picked":"Steam","floor":7.0},{"not_picked":["Loop","Ball Lightning"],"picked":"Biased Cognition","floor":10.0},{"not_picked":["Seek","Amplify"],"picked":"Machine Learning","floor":16.0},{"not_picked":["Beam Cell","Streamline"],"picked":"Loop","floor":18.0},{"not_picked":["Cold Snap","Blizzard","Gash"],"picked":"SKIP","floor":19.0},{"not_picked":["Skim","Compile Driver+1"],"picked":"Chaos+1","floor":21.0},{"not_picked":["Conserve Battery","Static Discharge","Sweeping Beam"],"picked":"SKIP","floor":25.0},{"not_picked":["Turbo","Beam Cell"],"picked":"Core Surge","floor":27.0},{"not_picked":["Cold Snap","Redo"],"picked":"Lockon","floor":30}],"player_experience":119978,"relics_obtained":[{"floor":9.0,"key":"War Paint"},{"floor":26.0,"key":"Mercury Hourglass"},{"floor":27.0,"key":"Whetstone"}],"event_choices":[{"damage_healed":0.0,"max_hp_gain":0.0,"max_hp_loss":0.0,"gold_gain":75.0,"event_name":"World of Goop","player_choice":"Gather Gold","floor":3.0,"gold_loss":0.0,"damage_taken":11.0},{"damage_healed":0.0,"max_hp_gain":0.0,"max_hp_loss":0.0,"gold_gain":0.0,"event_name":"Golden Idol","player_choice":"Take Wound","floor":8.0,"gold_loss":0.0,"damage_taken":0.0,"relics_obtained":["Golden Idol"],"cards_obtained":["Injury"]},{"damage_healed":22.0,"max_hp_gain":0.0,"max_hp_loss":0.0,"gold_gain":0.0,"event_name":"Big Fish","player_choice":"Banana","floor":12.0,"gold_loss":0.0,"damage_taken":0.0},{"cards_removed":["Strike_B"],"damage_healed":0.0,"max_hp_gain":0.0,"max_hp_loss":0.0,"gold_gain":0.0,"event_name":"Beggar","player_choice":"Gave Gold","floor":20.0,"gold_loss":75.0,"damage_taken":0.0},{"damage_healed":0.0,"max_hp_gain":0.0,"max_hp_loss":0.0,"gold_gain":0.0,"event_name":"The Mausoleum","player_choice":"Opened","floor":24.0,"gold_loss":0.0,"damage_taken":0.0,"relics_obtained":["Bag of Preparation"]}],"is_beta":true,"boss_relics":[{"not_picked":["Calling Bell","Runic Pyramid"],"picked":"Philosopher\u0027s Stone"}],"items_purged_floors":[14],"is_endless":false,"potions_floor_spawned":[1,4,5,7,19,25,27],"killed_by":"Slavers","ascension_level":6}