{"gold_per_floor":[115,115,133,153,163,163,196,196,242,48,58,58,58,78,78,78],"floor_reached":16,"playtime":724,"items_purged":[],"score":199,"play_id":"092ebddc-35fc-4804-bf43-24bfc5988f50","local_time":"20190314222747","is_ascension_mode":true,"campfire_choices":[{"data":"Feel No Pain","floor":6,"key":"SMITH"},{"data":"Body Slam","floor":8,"key":"SMITH"},{"data":"True Grit","floor":13,"key":"SMITH"},{"floor":15,"key":"REST"}],"neow_cost":"NONE","seed_source_timestamp":414584855093674,"circlet_count":0,"master_deck":["AscendersBane","Strike_R","Strike_R","Strike_R","Strike_R","Strike_R","Defend_R","Defend_R","Defend_R","Defend_R","Bash","Twin Strike","Inflame","Warcry","Body Slam+1","Feel No Pain+1","Anger","Body Slam","Apotheosis+1","True Grit+1","Blood for Blood"],"special_seed":0,"relics":["Burning Blood","NeowsBlessing","Mercury Hourglass","Bag of Preparation"],"potions_floor_usage":[7,16],"damage_taken":[{"damage":0.0,"enemies":"Cultist","floor":1.0,"turns":1.0},{"damage":0.0,"enemies":"Jaw Worm","floor":3.0,"turns":1.0},{"damage":0.0,"enemies":"2 Louse","floor":4.0,"turns":1.0},{"damage":12,"enemies":"Exordium Wildlife","floor":5,"turns":3},{"damage":26,"enemies":"Lagavulin","floor":7,"turns":6},{"damage":12,"enemies":"Large Slime","floor":11,"turns":4},{"damage":13,"enemies":"2 Fungi Beasts","floor":14,"turns":3},{"damage":74,"enemies":"The Guardian","floor":16,"turns":9}],"seed_played":"7870813964011867148","potions_obtained":[{"floor":3.0,"key":"Regen Potion"},{"floor":5,"key":"SteroidPotion"},{"floor":14,"key":"Ancient Potion"}],"is_trial":false,"path_per_floor":["M","?","M","M","M","R","E","R","T","$","M","?","R","M","R","B"],"character_chosen":"IRONCLAD","items_purchased":["Apotheosis"],"campfire_rested":1,"item_purchase_floors":[10],"current_hp_per_floor":[74,74,75,75,69,69,49,49,49,49,43,43,43,36,58,0],"gold":78,"neow_bonus":"THREE_ENEMY_KILL","is_prod":false,"is_daily":false,"chose_seed":false,"campfire_upgraded":3,"win_rate":0,"timestamp":1552562867,"path_taken":["M","?","?","?","?","R","E","R","T","?","?","?","R","M","R","BOSS"],"build_version":"2019-01-23","purchased_purges":0,"victory":false,"max_hp_per_floor":[75,75,75,75,75,75,75,75,75,75,75,75,75,75,75,75],"card_choices":[{"not_picked":["Clash","Seeing Red"],"picked":"Twin Strike","floor":1.0},{"not_picked":["Dual Wield","Havoc"],"picked":"Body Slam","floor":3.0},{"not_picked":["Fire Breathing","Wild Strike"],"picked":"Feel No Pain","floor":4.0},{"not_picked":["Warcry","Flex"],"picked":"Anger","floor":5},{"not_picked":["Rupture","Sword Boomerang"],"picked":"Body Slam","floor":7},{"not_picked":["Carnage","Flex"],"picked":"True Grit","floor":11},{"not_picked":["Clash","Thunderclap"],"picked":"Blood for Blood","floor":14}],"player_experience":856588,"relics_obtained":[{"floor":7,"key":"Mercury Hourglass"},{"floor":9,"key":"Bag of Preparation"}],"event_choices":[{"damage_healed":0.0,"max_hp_gain":0.0,"max_hp_loss":0.0,"gold_gain":0.0,"event_name":"Match and Keep!","player_choice":"2 cards matched","floor":2.0,"gold_loss":0.0,"damage_taken":0.0,"cards_obtained":["Inflame","Warcry"]},{"damage_healed":0,"gold_gain":0,"player_choice":"Upgraded","damage_taken":0,"max_hp_gain":0,"max_hp_loss":0,"event_name":"Upgrade Shrine","floor":12,"gold_loss":0,"cards_upgraded":["Apotheosis"]}],"is_beta":false,"boss_relics":[],"items_purged_floors":[],"is_endless":false,"potions_floor_spawned":[3,5,14],"killed_by":"The Guardian","ascension_level":19}