{"gold_per_floor":[119,194,194,205,217,217,230,155,225,225,258,258,258,275,275,370,370,387,401,57,76,276,276],"floor_reached":23,"playtime":2969,"items_purged":["Regret","Acrobatics"],"score":191,"play_id":"9eebe7ee-a186-49eb-8e5d-ac82536b687a","local_time":"20190725170611","is_ascension_mode":false,"campfire_choices":[{"floor":6,"key":"REST"},{"data":"Caltrops","floor":10,"key":"SMITH"},{"data":"Neutralize","floor":13,"key":"SMITH"},{"floor":15,"key":"REST"}],"neow_cost":"NONE","seed_source_timestamp":498175346573382,"circlet_count":0,"master_deck":["Strike_G","Strike_G","Strike_G","Strike_G","Strike_G","Defend_G","Defend_G","Defend_G","Defend_G","Survivor","Neutralize+1","Quick Slash","Outmaneuver","Caltrops+1","Flying Knee","Flying Knee","Tools of the Trade","Backflip","Crippling Poison"],"relics":["Ring of the Snake","Strawberry","Mercury Hourglass","Paper Crane","Runic Pyramid","Ornamental Fan"],"potions_floor_usage":[11,16,16,21],"damage_taken":[{"damage":2,"enemies":"Cultist","floor":1,"turns":6},{"damage":2,"enemies":"2 Louse","floor":4,"turns":3},{"damage":22,"enemies":"Jaw Worm","floor":5,"turns":6},{"damage":4,"enemies":"2 Fungi Beasts","floor":7,"turns":6},{"damage":27,"enemies":"3 Sentries","floor":11,"turns":8},{"damage":8,"enemies":"Lots of Slimes","floor":14,"turns":2},{"damage":8,"enemies":"The Guardian","floor":16,"turns":13},{"damage":20,"enemies":"Spheric Guardian","floor":18,"turns":4},{"damage":45,"enemies":"3 Byrds","floor":19,"turns":5},{"damage":15,"enemies":"Centurion and Healer","floor":21,"turns":11},{"damage":4,"enemies":"Book of Stabbing","floor":23,"turns":3}],"seed_played":"-6027454903878603865","potions_obtained":[{"floor":4,"key":"Energy Potion"},{"floor":7,"key":"Ancient Potion"},{"floor":14,"key":"PowerPotion"},{"floor":19,"key":"LiquidBronze"}],"is_trial":false,"path_per_floor":["M","?","?","M","M","R","M","$","T","R","E","?","R","M","R","B",null,"M","M","$","M","?","E"],"character_chosen":"THE_SILENT","items_purchased":["Ornamental Fan"],"campfire_rested":2,"item_purchase_floors":[20],"current_hp_per_floor":[75,64,71,69,47,72,68,68,68,68,41,41,41,33,58,50,84,64,19,19,4,4,0],"gold":276,"neow_bonus":"TEN_PERCENT_HP_BONUS","is_prod":false,"is_daily":false,"chose_seed":false,"campfire_upgraded":2,"win_rate":0.0,"timestamp":1564067171,"path_taken":["M","?","?","M","M","R","M","?","T","R","E","?","R","M","R","BOSS","M","M","$","?","?","E"],"build_version":"2019-07-17","purchased_purges":2,"victory":false,"max_hp_per_floor":[77,77,84,84,84,84,84,84,84,84,84,84,84,84,84,84,84,84,84,84,84,84,84],"card_choices":[{"not_picked":["Deflect","Footwork"],"picked":"Acrobatics","floor":1},{"not_picked":["Heel Hook","Eviscerate"],"picked":"Quick Slash","floor":4},{"not_picked":["Poisoned Stab","Deflect"],"picked":"Outmaneuver","floor":5},{"not_picked":["Dagger Spray","Deflect"],"picked":"Caltrops","floor":7},{"not_picked":["Unload","Deflect"],"picked":"Flying Knee","floor":11},{"not_picked":["Endless Agony","Slice"],"picked":"Flying Knee","floor":14},{"not_picked":["Phantasmal Killer","Wraith Form v2"],"picked":"Tools of the Trade","floor":16},{"not_picked":["Blade Dance","Acrobatics"],"picked":"Backflip","floor":18},{"not_picked":["Flying Knee","Calculated Gamble"],"picked":"Crippling Poison","floor":19},{"not_picked":["Blade Dance+1","Burst","Backstab"],"picked":"SKIP","floor":21}],"player_experience":11504,"relics_obtained":[{"floor":9,"key":"Mercury Hourglass"},{"floor":11,"key":"Paper Crane"}],"event_choices":[{"damage_healed":0,"gold_gain":75,"player_choice":"Gather Gold","damage_taken":11,"max_hp_gain":0,"max_hp_loss":0,"event_name":"World of Goop","floor":2,"gold_loss":0},{"damage_healed":0,"gold_gain":0,"player_choice":"Box","damage_taken":0,"relics_obtained":["Strawberry"],"max_hp_gain":0,"max_hp_loss":0,"event_name":"Big Fish","floor":3,"gold_loss":0,"cards_obtained":["Regret"]},{"cards_removed":["Defend_G"],"damage_healed":0,"gold_gain":0,"player_choice":"Purged","damage_taken":0,"max_hp_gain":0,"max_hp_loss":0,"event_name":"Purifier","floor":12,"gold_loss":0},{"damage_healed":0,"gold_gain":250,"player_choice":"Bet on Owner","damage_taken":0,"max_hp_gain":0,"max_hp_loss":0,"event_name":"The Joust","floor":22,"gold_loss":50}],"is_beta":false,"boss_relics":[{"not_picked":["Lizard Tail","WristBlade"],"picked":"Runic Pyramid"}],"items_purged_floors":[8,20],"is_endless":false,"potions_floor_spawned":[4,7,14,19],"killed_by":"Book of Stabbing","ascension_level":0}