{"gold_per_floor":[109,127,127,144,155,155,174,174,198,37,37,52,85,85,85,85],"floor_reached":16,"playtime":476,"items_purged":["Regret"],"score":204,"play_id":"9312617b-3d57-4f76-a98c-5f366d22914c","local_time":"20190705131339","is_ascension_mode":true,"campfire_choices":[{"data":"Pommel Strike","floor":6,"key":"SMITH"},{"data":"Fiend Fire","floor":11,"key":"SMITH"},{"data":"Whirlwind","floor":15,"key":"SMITH"}],"neow_cost":"TEN_PERCENT_HP_LOSS","seed_source_timestamp":139919643543628,"circlet_count":0,"master_deck":["AscendersBane","Strike_R","Strike_R","Strike_R+1","Strike_R","Strike_R","Defend_R","Defend_R","Defend_R","Defend_R","Bash","Dark Embrace+1","Pommel Strike+1","Pommel Strike","Fiend Fire+1","Feel No Pain","Whirlwind+1"],"relics":["Burning Blood","Lantern","Pen Nib","Juzu Bracelet"],"potions_floor_usage":[7,13],"damage_taken":[{"damage":19,"enemies":"Jaw Worm","floor":1,"turns":5},{"damage":2,"enemies":"2 Louse","floor":2,"turns":4},{"damage":7,"enemies":"Small Slimes","floor":4,"turns":3},{"damage":2,"enemies":"Looter","floor":5,"turns":4},{"damage":17,"enemies":"Large Slime","floor":7,"turns":8},{"damage":0,"enemies":"2 Fungi Beasts","floor":12,"turns":2},{"damage":15,"enemies":"3 Sentries","floor":13,"turns":5},{"damage":33,"enemies":"Slime Boss","floor":16,"turns":7}],"seed_played":"-8438572632083421251","potions_obtained":[{"floor":2,"key":"Regen Potion"},{"floor":4,"key":"Fire Potion"}],"is_trial":false,"path_per_floor":["M","M","?","M","M","R","M","?","T","$","R","M","E","?","R","B"],"character_chosen":"IRONCLAD","items_purchased":["Feel No Pain"],"campfire_rested":0,"item_purchase_floors":[10],"current_hp_per_floor":[55,59,39,38,42,42,46,46,46,46,46,52,43,43,43,10],"gold":85,"neow_bonus":"THREE_RARE_CARDS","is_prod":false,"is_daily":false,"chose_seed":false,"campfire_upgraded":3,"win_rate":0,"timestamp":1562303619,"path_taken":["M","M","?","M","M","R","M","?","T","$","R","M","E","?","R","BOSS"],"build_version":"2019-07-01","purchased_purges":1,"victory":false,"max_hp_per_floor":[68,68,68,68,68,68,68,68,68,68,68,68,68,68,68,68],"card_choices":[{"not_picked":["Reaper","Brutality"],"picked":"Dark Embrace","floor":0},{"not_picked":["Heavy Blade","Havoc"],"picked":"Pommel Strike","floor":1},{"not_picked":["Infernal Blade","Warcry"],"picked":"Pommel Strike","floor":2},{"not_picked":["Iron Wave","Headbutt","Thunderclap"],"picked":"SKIP","floor":4},{"not_picked":["Anger","Sword Boomerang","Pummel"],"picked":"SKIP","floor":5},{"not_picked":["Shrug It Off","Heavy Blade"],"picked":"Fiend Fire","floor":7},{"not_picked":["Hemokinesis","Body Slam"],"picked":"Whirlwind","floor":12},{"not_picked":["Ghostly Armor","Fire Breathing","Headbutt"],"picked":"SKIP","floor":13}],"player_experience":1055248,"relics_obtained":[{"floor":9,"key":"Pen Nib"},{"floor":13,"key":"Juzu Bracelet"}],"event_choices":[{"damage_healed":0,"gold_gain":0,"player_choice":"Entered Light","damage_taken":20,"max_hp_gain":0,"max_hp_loss":0,"event_name":"Shining Light","floor":3,"gold_loss":0,"cards_upgraded":["Dark Embrace","Strike_R"]},{"damage_healed":0,"gold_gain":0,"player_choice":"Box","damage_taken":0,"relics_obtained":["Lantern"],"max_hp_gain":0,"max_hp_loss":0,"event_name":"Big Fish","floor":8,"gold_loss":0,"cards_obtained":["Regret"]},{"damage_healed":0,"gold_gain":0,"player_choice":"Ignored","damage_taken":0,"max_hp_gain":0,"max_hp_loss":0,"event_name":"Liars Game","floor":14,"gold_loss":0}],"is_beta":false,"boss_relics":[],"items_purged_floors":[10],"is_endless":false,"potions_floor_spawned":[2,4,5],"killed_by":"Slime Boss","ascension_level":20}