{"gold_per_floor":[119,44,58,73,148,148,180,180,229,229,264,234,23,43,43,139,139,149,74,74,85,10,10,10,10],"floor_reached":25,"playtime":1116,"items_purged":["Shame"],"score":311,"play_id":"106054a9-3bbb-43ec-912f-2e1f7bad7e6b","local_time":"20190205235015","is_ascension_mode":true,"campfire_choices":[{"floor":6.0,"key":"REST"},{"data":"Creative AI","floor":8.0,"key":"SMITH"},{"data":"Zap","floor":10.0,"key":"SMITH"},{"floor":15.0,"key":"REST"},{"floor":23,"key":"REST"}],"neow_cost":"NONE","seed_source_timestamp":153806613044524,"circlet_count":0,"master_deck":["AscendersBane","Strike_B","Strike_B","Defend_B","Defend_B","Defend_B","Defend_B","Zap+1","Dualcast","Rip and Tear+1","Cold Snap","Conserve Battery","Rebound+1","Creative AI+1","Sunder","Apotheosis","Heatsinks","Hologram","Thunder Strike","Stack","Go for the Eyes","Hologram+1"],"special_seed":0,"relics":["Cracked Core","Art of War","PreservedInsect","Whetstone","Oddly Smooth Stone","Centennial Puzzle"],"potions_floor_usage":[21,25,25],"damage_taken":[{"damage":1.0,"enemies":"Cultist","floor":1.0,"turns":3.0},{"damage":0.0,"enemies":"Small Slimes","floor":3.0,"turns":2.0},{"damage":7.0,"enemies":"2 Louse","floor":4.0,"turns":3.0},{"damage":17.0,"enemies":"Lagavulin","floor":7.0,"turns":6.0},{"damage":8.0,"enemies":"3 Sentries","floor":11.0,"turns":6.0},{"damage":11.0,"enemies":"Red Slaver","floor":14.0,"turns":3.0},{"damage":24,"enemies":"Hexaghost","floor":16,"turns":11},{"damage":35,"enemies":"3 Byrds","floor":18,"turns":5},{"damage":10,"enemies":"Chosen","floor":21,"turns":5},{"damage":43,"enemies":"Book of Stabbing","floor":25,"turns":5}],"seed_played":"-3955401616083655124","potions_obtained":[{"floor":3.0,"key":"Weak Potion"},{"floor":7.0,"key":"PowerPotion"},{"floor":11.0,"key":"Ancient Potion"},{"floor":12.0,"key":"PowerPotion"},{"floor":12.0,"key":"AttackPotion"},{"floor":18,"key":"SteroidPotion"},{"floor":21,"key":"Dexterity Potion"}],"is_trial":false,"path_per_floor":["M","?","M","M","?","R","E","R","T","R","E","?","$","M","R","B",null,"M","$","?","M","$","R","?","E"],"character_chosen":"DEFECT","items_purchased":["Apotheosis","Heatsinks","Go for the Eyes","Block Potion"],"campfire_rested":3,"item_purchase_floors":[13,13,19,19],"current_hp_per_floor":[67,67,67,60,49,71,54,54,54,54,46,46,46,35,57,33,65,30,30,30,20,20,42,42,0],"gold":10,"neow_bonus":"TRANSFORM_CARD","is_prod":false,"is_daily":false,"chose_seed":false,"campfire_upgraded":2,"win_rate":0,"timestamp":1549381815,"path_taken":["M","?","?","M","?","R","E","R","T","R","E","?","$","?","R","BOSS","M","$","?","M","$","R","?","E"],"build_version":"2019-01-23","purchased_purges":1,"victory":false,"max_hp_per_floor":[75,75,75,75,75,75,75,75,75,75,75,75,75,75,75,75,75,75,75,75,75,75,75,75,75],"card_choices":[{"not_picked":["Reinforced Body","Go for the Eyes"],"picked":"Cold Snap","floor":1.0},{"not_picked":["Go for the Eyes","Melter"],"picked":"Conserve Battery","floor":3.0},{"not_picked":["Auto Shields","Genetic Algorithm"],"picked":"Rebound","floor":4.0},{"not_picked":["Coolheaded","Barrage"],"picked":"Creative AI","floor":7.0},{"not_picked":["Reboot","Capacitor"],"picked":"Sunder","floor":11.0},{"not_picked":["FTL","Stack"],"picked":"Hologram","floor":14.0},{"not_picked":["Multi-Cast","Machine Learning"],"picked":"Thunder Strike","floor":16},{"not_picked":["Compile Driver+1","Reprogram+1"],"picked":"Stack","floor":18},{"not_picked":["Stack","Go for the Eyes"],"picked":"Hologram+1","floor":21}],"player_experience":656179,"relics_obtained":[{"floor":7.0,"key":"PreservedInsect"},{"floor":9.0,"key":"Whetstone"},{"floor":11.0,"key":"Oddly Smooth Stone"}],"event_choices":[{"damage_healed":0.0,"max_hp_gain":0.0,"max_hp_loss":0.0,"gold_gain":0.0,"event_name":"WeMeetAgain","player_choice":"Paid Gold","floor":2.0,"gold_loss":75.0,"damage_taken":0.0,"relics_obtained":["Art of War"]},{"damage_healed":0.0,"max_hp_gain":0.0,"max_hp_loss":0.0,"gold_gain":75.0,"event_name":"World of Goop","player_choice":"Gather Gold","floor":5.0,"gold_loss":0.0,"damage_taken":11.0},{"damage_healed":0.0,"max_hp_gain":0.0,"max_hp_loss":0.0,"gold_gain":0.0,"event_name":"The Woman in Blue","player_choice":"Bought 2 Potions","floor":12.0,"gold_loss":0.0,"damage_taken":0.0},{"damage_healed":0,"gold_gain":0,"player_choice":"Stole Relic","damage_taken":0,"relics_obtained":["Centennial Puzzle"],"max_hp_gain":0,"max_hp_loss":0,"event_name":"Addict","floor":20,"gold_loss":0,"cards_obtained":["Shame"]},{"cards_removed":["Strike_B"],"damage_healed":0,"gold_gain":0,"player_choice":"Elegance","damage_taken":0,"max_hp_gain":0,"max_hp_loss":0,"event_name":"Back to Basics","floor":24,"gold_loss":0}],"is_beta":false,"boss_relics":[{"not_picked":["Velvet Choker","Sozu","Philosopher\u0027s Stone"]}],"items_purged_floors":[22],"is_endless":false,"potions_floor_spawned":[3,7,11,18,21],"killed_by":"Book of Stabbing","ascension_level":10}