{"gold_per_floor":[218,30,30,130,143,143,160,171,171,187,187,199,120,155,155,255,305,319,319,244,244,244,244,277,376,406,406,331,20,32,42,42,146,146,158,0,0,0,14,14,49,49,72,72,72,72,72,92,92,92],"floor_reached":50,"playtime":24856,"items_purged":[],"score":606,"play_id":"5f814742-5bbb-4964-b444-92631892c99d","local_time":"20190801211052","is_ascension_mode":true,"campfire_choices":[{"data":"Leg Sweep","floor":6,"key":"SMITH"},{"data":"Noxious Fumes","floor":11,"key":"SMITH"},{"floor":15,"key":"REST"},{"data":"Dodge and Roll","floor":23,"key":"SMITH"},{"floor":27,"key":"REST"},{"floor":32,"key":"REST"},{"data":"Adrenaline","floor":40,"key":"SMITH"},{"floor":42,"key":"REST"},{"data":"Envenom","floor":47,"key":"SMITH"},{"floor":49,"key":"REST"}],"neow_cost":"NONE","seed_source_timestamp":403263884859100,"circlet_count":0,"master_deck":["Strike_G+1","Strike_G","Strike_G","Strike_G+1","Strike_G","Defend_G","Defend_G+1","Survivor","Neutralize","Leg Sweep+1","Caltrops","Deadly Poison","Calculated Gamble","Flying Knee","Noxious Fumes+1","Outmaneuver","Crippling Poison","Envenom+1","Dodge and Roll+1","Dash","Deflect+1","Blur","Bane","Blur+1","Endless Agony+1","Adrenaline+1","Backflip+1","PiercingWail+1","Night Terror+1","Infinite Blades","Catalyst+1","Jack Of All Trades+1","Good Instincts+1","Dagger Throw"],"relics":["Ring of the Snake","Lantern","Meat on the Bone","Pear","Tiny House","Kunai","Tiny Chest","Mercury Hourglass","Astrolabe","Red Mask","Toxic Egg 2","Centennial Puzzle","Pen Nib","The Courier"],"potions_floor_usage":[8,14,14,16,24,24,30,33,41,48],"damage_taken":[{"damage":14,"enemies":"Jaw Worm","floor":1,"turns":6},{"damage":0,"enemies":"2 Louse","floor":5,"turns":3},{"damage":0,"enemies":"Cultist","floor":7,"turns":3},{"damage":10,"enemies":"Lots of Slimes","floor":8,"turns":4},{"damage":1,"enemies":"Blue Slaver","floor":10,"turns":4},{"damage":19,"enemies":"3 Louse","floor":12,"turns":2},{"damage":19,"enemies":"3 Sentries","floor":14,"turns":6},{"damage":4,"enemies":"The Guardian","floor":16,"turns":8},{"damage":10,"enemies":"3 Byrds","floor":18,"turns":3},{"damage":50,"enemies":"Book of Stabbing","floor":24,"turns":7},{"damage":9,"enemies":"2 Thieves","floor":28,"turns":5},{"damage":1,"enemies":"Shelled Parasite and Fungi","floor":30,"turns":6},{"damage":0,"enemies":"Snecko","floor":31,"turns":6},{"damage":42,"enemies":"Automaton","floor":33,"turns":12},{"damage":6,"enemies":"3 Shapes","floor":35,"turns":5},{"damage":0,"enemies":"Orb Walker","floor":39,"turns":5},{"damage":60,"enemies":"Reptomancer","floor":41,"turns":11},{"damage":31,"enemies":"Transient","floor":48,"turns":5},{"damage":66,"enemies":"Time Eater","floor":50,"turns":6}],"seed_played":"-698500620020081902","potions_obtained":[{"floor":1,"key":"PowerPotion"},{"floor":5,"key":"LiquidBronze"},{"floor":10,"key":"EssenceOfSteel"},{"floor":12,"key":"Ancient Potion"},{"floor":16,"key":"Weak Potion"},{"floor":17,"key":"GamblersBrew"},{"floor":31,"key":"Regen Potion"},{"floor":33,"key":"Swift Potion"},{"floor":39,"key":"SpeedPotion"},{"floor":48,"key":"GhostInAJar"}],"is_trial":false,"path_per_floor":["M","$","?","?","M","R","M","M","T","M","R","M","$","E","R","B",null,"M","?","?","?","?","R","E","?","T","R","M","$","M","M","R","B",null,"M","?","?","T","M","R","E","R","T","?","$","T","R","M","R","B"],"character_chosen":"THE_SILENT","items_purchased":["Lantern","Caltrops","Crippling Poison","Bane","Mercury Hourglass","Block Potion"],"campfire_rested":5,"item_purchase_floors":[2,2,13,29,29,29],"current_hp_per_floor":[56,56,42,42,42,42,42,32,32,43,43,36,36,39,63,59,85,75,75,75,75,75,75,37,37,37,62,53,53,52,52,77,50,85,79,79,79,79,79,79,31,55,55,50,50,50,50,31,55,0],"gold":92,"neow_bonus":"HUNDRED_GOLD","is_prod":false,"is_daily":false,"chose_seed":false,"campfire_upgraded":5,"win_rate":0,"timestamp":1564719052,"path_taken":["M","$","?","?","M","R","?","?","T","M","R","M","$","E","R","BOSS","M","?","?","?","?","R","E","?","T","R","M","$","M","?","R","BOSS","M","?","?","?","M","R","E","R","T","?","$","?","R","M","R","BOSS"],"build_version":"2019-07-17","purchased_purges":0,"victory":false,"max_hp_per_floor":[70,70,70,70,70,70,70,70,70,70,70,70,70,80,80,80,85,85,85,85,85,85,85,85,85,85,85,85,85,85,85,85,85,85,85,85,81,81,81,81,81,81,81,81,81,81,81,81,81,81],"card_choices":[{"not_picked":["Tactician","Deflect"],"picked":"Leg Sweep","floor":1},{"not_picked":["PiercingWail","Backstab"],"picked":"Deadly Poison","floor":5},{"not_picked":["Outmaneuver","Dagger Throw"],"picked":"Calculated Gamble","floor":7},{"not_picked":["Outmaneuver","Dagger Spray"],"picked":"Flying Knee","floor":8},{"not_picked":["Acrobatics","Poisoned Stab"],"picked":"Noxious Fumes","floor":10},{"not_picked":["Blade Dance","Dagger Spray"],"picked":"Outmaneuver","floor":12},{"not_picked":["Cloak And Dagger","Poisoned Stab","Prepared"],"picked":"SKIP","floor":14},{"not_picked":["Malaise","Doppelganger"],"picked":"Envenom","floor":16},{"not_picked":["Accuracy","Prepared"],"picked":"Dodge and Roll","floor":17},{"not_picked":["Finisher","Flying Knee"],"picked":"Setup","floor":18},{"not_picked":["PiercingWail","Finisher"],"picked":"Deflect+1","floor":24},{"not_picked":["Flying Knee+1","PiercingWail+1"],"picked":"Blur","floor":28},{"not_picked":["Cloak And Dagger","Blade Dance"],"picked":"Blur+1","floor":30},{"not_picked":["PiercingWail","Noxious Fumes"],"picked":"Endless Agony+1","floor":31},{"not_picked":["Malaise","Envenom"],"picked":"Adrenaline","floor":33},{"not_picked":["PiercingWail+1","Outmaneuver+1","Bouncing Flask"],"picked":"SKIP","floor":35},{"not_picked":["Predator","Deadly Poison+1"],"picked":"Infinite Blades","floor":39},{"not_picked":["Flying Knee+1","Dodge and Roll+1"],"picked":"Catalyst+1","floor":41},{"not_picked":["Mayhem","The Bomb+1"],"picked":"Jack Of All Trades+1","floor":44},{"not_picked":["Dark Shackles+1","Dramatic Entrance"],"picked":"Good Instincts+1","floor":44},{"not_picked":["PiercingWail+1","Expertise+1"],"picked":"Dagger Throw","floor":48}],"player_experience":815367,"relics_obtained":[{"floor":9,"key":"Meat on the Bone"},{"floor":14,"key":"Pear"},{"floor":24,"key":"Kunai"},{"floor":26,"key":"Tiny Chest"},{"floor":38,"key":"Toxic Egg 2"},{"floor":41,"key":"Centennial Puzzle"},{"floor":43,"key":"Pen Nib"},{"floor":46,"key":"The Courier"}],"event_choices":[{"damage_healed":0,"gold_gain":0,"player_choice":"Entered Light","damage_taken":14,"max_hp_gain":0,"max_hp_loss":0,"event_name":"Shining Light","floor":3,"gold_loss":0,"cards_upgraded":["Strike_G","Strike_G"]},{"damage_healed":0,"gold_gain":100,"player_choice":"Pray","damage_taken":0,"max_hp_gain":0,"max_hp_loss":0,"event_name":"Golden Shrine","floor":4,"gold_loss":0},{"damage_healed":0,"gold_gain":0,"player_choice":"Ignored","damage_taken":0,"max_hp_gain":0,"max_hp_loss":0,"event_name":"Vampires","floor":19,"gold_loss":0},{"cards_removed":["Defend_G"],"damage_healed":0,"gold_gain":0,"player_choice":"Gave Gold","damage_taken":0,"max_hp_gain":0,"max_hp_loss":0,"event_name":"Beggar","floor":20,"gold_loss":75},{"damage_healed":0,"gold_gain":0,"player_choice":"Read","damage_taken":0,"max_hp_gain":0,"max_hp_loss":0,"event_name":"The Library","floor":21,"gold_loss":0,"cards_obtained":["Dash"]},{"damage_healed":0,"gold_gain":0,"player_choice":"Ignored","damage_taken":0,"max_hp_gain":0,"max_hp_loss":0,"event_name":"Ghosts","floor":22,"gold_loss":0},{"damage_healed":0,"gold_gain":99,"player_choice":"Stole From Cult","damage_taken":0,"max_hp_gain":0,"max_hp_loss":0,"event_name":"Nest","floor":25,"gold_loss":0},{"damage_healed":0,"gold_gain":0,"player_choice":"Paid","damage_taken":0,"relics_obtained":["Red Mask"],"max_hp_gain":0,"max_hp_loss":0,"event_name":"Tomb of Lord Red Mask","floor":36,"gold_loss":158},{"damage_healed":0,"gold_gain":0,"player_choice":"Max HP","damage_taken":0,"max_hp_gain":0,"max_hp_loss":4,"event_name":"Winding Halls","floor":37,"gold_loss":0},{"damage_healed":0,"gold_gain":0,"player_choice":"Memory 2","damage_taken":5,"max_hp_gain":0,"max_hp_loss":0,"event_name":"SensoryStone","floor":44,"gold_loss":0}],"is_beta":false,"boss_relics":[{"not_picked":["Coffee Dripper","Velvet Choker"],"picked":"Tiny House"},{"not_picked":["Philosopher\u0027s Stone","Snecko Eye"],"picked":"Astrolabe"}],"items_purged_floors":[],"is_endless":false,"potions_floor_spawned":[1,5,10,12,16,31,33,39,48],"killed_by":"Time Eater","ascension_level":4}