{"gold_per_floor":[113,128,139,139,109,109,135,60,84,99,128,128,148,166,166,262,262,275,175,188,200,210,210,7,34,34,34,69,69,69,69,69,69],"floor_reached":33,"playtime":2353,"items_purged":["Strike_R","Strike_R","Strike_R"],"score":310,"play_id":"6f00ad44-b498-4f7e-be98-ab9653f6a091","local_time":"20181216160654","is_ascension_mode":true,"campfire_choices":[{"data":"Bash","floor":6,"key":"SMITH"},{"data":"Bludgeon","floor":12,"key":"SMITH"},{"floor":15,"key":"RECALL"},{"floor":23,"key":"REST"},{"data":"Fiend Fire","floor":27,"key":"SMITH"},{"floor":32,"key":"REST"}],"neow_cost":"NONE","seed_source_timestamp":1802706022140531,"circlet_count":0,"master_deck":["Strike_R","Strike_R","Defend_R","Defend_R","Defend_R","Bash+1","Cleave","Headbutt","Bludgeon+1","Fiend Fire+1","Shrug It Off","Evolve","Shockwave","Body Slam","Demon Form","Heavy Blade","Armaments+1","Spot Weakness","Reaper"],"relics":["Burning Blood","Regal Pillow","Vajra","Meat on the Bone","Dodecahedron","Runic Pyramid","Toxic Egg 2","WingedGreaves","Ornamental Fan"],"potions_floor_usage":[11,11,21,28,33,33],"damage_taken":[{"damage":6,"enemies":"Jaw Worm","floor":1,"turns":3},{"damage":0,"enemies":"Small Slimes","floor":2,"turns":3},{"damage":1,"enemies":"Cultist","floor":3,"turns":3},{"damage":6,"enemies":"Gremlin Nob","floor":7,"turns":3},{"damage":0,"enemies":"2 Fungi Beasts","floor":10,"turns":2},{"damage":16,"enemies":"Lagavulin","floor":11,"turns":4},{"damage":0,"enemies":"Large Slime","floor":13,"turns":5},{"damage":1,"enemies":"Exordium Thugs","floor":14,"turns":3},{"damage":43,"enemies":"The Guardian","floor":16,"turns":8},{"damage":15,"enemies":"3 Byrds","floor":18,"turns":5},{"damage":10,"enemies":"Chosen","floor":20,"turns":3},{"damage":14,"enemies":"Centurion and Healer","floor":21,"turns":5},{"damage":13,"enemies":"3 Cultists","floor":22,"turns":6},{"damage":43,"enemies":"Gremlin Leader","floor":25,"turns":4},{"damage":14,"enemies":"Book of Stabbing","floor":28,"turns":3},{"damage":103,"enemies":"Automaton","floor":33,"turns":8}],"seed_played":"2465960033053452859","potions_obtained":[{"floor":3,"key":"Block Potion"},{"floor":5,"key":"SteroidPotion"},{"floor":5,"key":"GamblersBrew"},{"floor":10,"key":"EssenceOfSteel"},{"floor":14,"key":"FearPotion"},{"floor":16,"key":"SpeedPotion"},{"floor":21,"key":"Poison Potion"}],"is_trial":false,"path_per_floor":["M","M","M","?","?","R","E","$","T","M","E","R","M","M","R","B",null,"M","$","M","M","M","R","$","E","T","R","E","?","?","?","R","B"],"character_chosen":"IRONCLAD","items_purchased":["Reaper"],"campfire_rested":2,"item_purchase_floors":[24],"current_hp_per_floor":[80,80,80,77,77,77,77,77,77,80,70,70,76,80,80,55,80,71,71,67,59,52,80,80,80,80,80,72,72,57,57,85,0],"gold":69,"neow_bonus":"RANDOM_COMMON_RELIC","is_prod":false,"is_daily":false,"chose_seed":false,"campfire_upgraded":3,"win_rate":0,"timestamp":1544936814,"path_taken":["M","M","M","?","?","R","E","$","T","M","E","R","M","M","R","BOSS","M","$","M","M","?","R","$","E","T","R","E","?","?","?","R","BOSS"],"build_version":"2018-12-13","purchased_purges":3,"victory":false,"max_hp_per_floor":[80,80,80,80,80,80,80,80,80,80,80,80,80,80,80,80,80,80,80,80,80,80,80,80,80,80,80,80,80,85,85,85,85],"card_choices":[{"not_picked":["Sword Boomerang","Pummel"],"picked":"Cleave","floor":1},{"not_picked":["Warcry","Entrench"],"picked":"Headbutt","floor":2},{"not_picked":["Anger","Carnage"],"picked":"Bludgeon","floor":3},{"not_picked":["Perfected Strike","Sever Soul"],"picked":"Fiend Fire","floor":7},{"not_picked":["Twin Strike","Iron Wave"],"picked":"Shrug It Off","floor":10},{"not_picked":["Hemokinesis","Perfected Strike"],"picked":"Evolve","floor":11},{"not_picked":["Anger","Armaments"],"picked":"Shockwave","floor":13},{"not_picked":["Warcry","Havoc"],"picked":"Body Slam","floor":14},{"not_picked":["Impervious","Berserk"],"picked":"Demon Form","floor":16},{"not_picked":["Body Slam","Sword Boomerang"],"picked":"Heavy Blade","floor":18},{"not_picked":["Perfected Strike","Cleave+1","Hemokinesis"],"picked":"SKIP","floor":20},{"not_picked":["Flame Barrier+1","Anger"],"picked":"Armaments+1","floor":21},{"not_picked":["Wild Strike","Dual Wield+1"],"picked":"Spot Weakness","floor":22},{"not_picked":["Impervious","Feed","Rampage"],"picked":"SKIP","floor":25},{"not_picked":["Havoc+1","Sword Boomerang","Dual Wield+1"],"picked":"SKIP","floor":28}],"player_experience":251282,"relics_obtained":[{"floor":7,"key":"Meat on the Bone"},{"floor":11,"key":"Dodecahedron"},{"floor":25,"key":"Toxic Egg 2"},{"floor":26,"key":"WingedGreaves"},{"floor":28,"key":"Ornamental Fan"}],"event_choices":[{"damage_healed":0,"gold_gain":0,"player_choice":"Success","damage_taken":3,"relics_obtained":["Vajra"],"max_hp_gain":0,"max_hp_loss":0,"event_name":"Scrap Ooze","floor":4,"gold_loss":0},{"damage_healed":0,"gold_gain":0,"player_choice":"Bought 2 Potions","damage_taken":0,"max_hp_gain":0,"max_hp_loss":0,"event_name":"The Woman in Blue","floor":5,"gold_loss":0},{"cards_removed":["Defend_R"],"damage_healed":0,"gold_gain":0,"player_choice":"Elegance","damage_taken":0,"max_hp_gain":0,"max_hp_loss":0,"event_name":"Back to Basics","floor":29,"gold_loss":0},{"damage_healed":0,"gold_gain":0,"player_choice":"Shed Blood","damage_taken":20,"max_hp_gain":5,"max_hp_loss":0,"event_name":"Forgotten Altar","floor":30,"gold_loss":0},{"damage_healed":0,"gold_gain":0,"player_choice":"Ignored","damage_taken":0,"max_hp_gain":0,"max_hp_loss":0,"event_name":"Ghosts","floor":31,"gold_loss":0}],"is_beta":false,"boss_relics":[{"not_picked":["Philosopher\u0027s Stone","Astrolabe"],"picked":"Runic Pyramid"}],"items_purged_floors":[8,19,24],"is_endless":false,"potions_floor_spawned":[3,10,14,16,21],"killed_by":"Automaton","ascension_level":1}