{"gold_per_floor":[118,128,145,157,122,151,151,170,170,170,180,205,156,156,156,259,259,243,318,333,347,347],"floor_reached":22,"playtime":877,"items_purged":[],"score":198,"play_id":"9c726007-5267-4894-b6c3-73ee17824f9f","local_time":"20190803200321","is_ascension_mode":false,"campfire_choices":[{"data":"Perfected Strike","floor":7,"key":"SMITH"},{"data":"Shockwave","floor":10,"key":"SMITH"},{"data":"Rage","floor":15,"key":"SMITH"}],"neow_cost":"NONE","seed_source_timestamp":1973714883607491,"circlet_count":0,"master_deck":["Strike_R","Strike_R","Strike_R","Strike_R","Strike_R","Defend_R","Bash","Headbutt","Iron Wave","Perfected Strike+1","Clash","Rage+1","Shockwave+1","Flex","Brutality","Shrug It Off","Bludgeon","Limit Break+1","Heavy Blade+1","Brutality+1","Armaments","Inflame","Ghostly Armor+1"],"relics":["Burning Blood","NeowsBlessing","Vajra","Oddly Smooth Stone","Boot","Astrolabe"],"potions_floor_usage":[16],"damage_taken":[{"damage":0,"enemies":"Jaw Worm","floor":1,"turns":1},{"damage":0,"enemies":"2 Louse","floor":2,"turns":1},{"damage":0,"enemies":"Cultist","floor":3,"turns":1},{"damage":22,"enemies":"Exordium Wildlife","floor":4,"turns":5},{"damage":21,"enemies":"Gremlin Nob","floor":6,"turns":4},{"damage":11,"enemies":"3 Louse","floor":8,"turns":3},{"damage":4,"enemies":"Looter","floor":11,"turns":2},{"damage":15,"enemies":"3 Sentries","floor":12,"turns":6},{"damage":41,"enemies":"The Guardian","floor":16,"turns":10},{"damage":24,"enemies":"2 Thieves","floor":18,"turns":4},{"damage":14,"enemies":"Shell Parasite","floor":20,"turns":4},{"damage":31,"enemies":"Centurion and Healer","floor":21,"turns":4},{"damage":23,"enemies":"Snake Plant","floor":22,"turns":3}],"seed_played":"-251158239257643387","potions_obtained":[{"floor":1,"key":"Poison Potion"},{"floor":2,"key":"AttackPotion"},{"floor":6,"key":"GamblersBrew"},{"floor":16,"key":"Ancient Potion"}],"is_trial":false,"path_per_floor":["M","M","M","M","?","E","R","M","T","R","M","E","$","?","R","B",null,"M","?","M","M","M"],"character_chosen":"IRONCLAD","items_purchased":["Shrug It Off"],"campfire_rested":0,"item_purchase_floors":[13],"current_hp_per_floor":[80,80,80,64,80,65,65,60,60,60,62,53,53,53,53,18,80,62,54,46,21,0],"gold":347,"neow_bonus":"THREE_ENEMY_KILL","is_prod":false,"is_daily":false,"chose_seed":false,"campfire_upgraded":3,"win_rate":0,"timestamp":1564833801,"path_taken":["M","M","M","M","?","E","R","M","T","R","M","E","$","?","R","BOSS","M","?","M","?","M"],"build_version":"2019-07-17","purchased_purges":0,"victory":false,"max_hp_per_floor":[80,80,80,80,80,80,80,80,80,80,80,80,80,80,80,80,80,80,80,80,80,80],"card_choices":[{"not_picked":["Clothesline","True Grit"],"picked":"Headbutt","floor":1},{"not_picked":["Havoc","Wild Strike"],"picked":"Iron Wave","floor":2},{"not_picked":["Ghostly Armor","Body Slam"],"picked":"Perfected Strike","floor":3},{"not_picked":["Cleave","Havoc"],"picked":"Clash","floor":4},{"not_picked":["Uppercut","Disarm"],"picked":"Rage","floor":6},{"not_picked":["Wild Strike","Berserk"],"picked":"Shockwave","floor":8},{"not_picked":["Heavy Blade","Dropkick"],"picked":"Flex","floor":11},{"not_picked":["Headbutt","Warcry"],"picked":"Brutality","floor":12},{"not_picked":["Berserk","Barricade"],"picked":"Bludgeon","floor":16},{"not_picked":["Wild Strike","Pommel Strike"],"picked":"Armaments","floor":18},{"not_picked":["Shrug It Off","Sword Boomerang"],"picked":"Inflame","floor":20},{"not_picked":["Perfected Strike","True Grit"],"picked":"Ghostly Armor+1","floor":21}],"player_experience":71221,"relics_obtained":[{"floor":6,"key":"Vajra"},{"floor":9,"key":"Oddly Smooth Stone"},{"floor":12,"key":"Boot"}],"event_choices":[{"damage_healed":20,"gold_gain":0,"player_choice":"Healed","damage_taken":0,"max_hp_gain":0,"max_hp_loss":0,"event_name":"The Cleric","floor":5,"gold_loss":35},{"damage_healed":0,"gold_gain":0,"player_choice":"Ignored","damage_taken":0,"max_hp_gain":0,"max_hp_loss":0,"event_name":"Liars Game","floor":14,"gold_loss":0},{"damage_healed":0,"gold_gain":75,"player_choice":"Touch","damage_taken":8,"max_hp_gain":0,"max_hp_loss":0,"event_name":"FaceTrader","floor":19,"gold_loss":0}],"is_beta":false,"boss_relics":[{"not_picked":["Black Star","Coffee Dripper"],"picked":"Astrolabe"}],"items_purged_floors":[],"is_endless":false,"potions_floor_spawned":[1,2,6,8,16,21],"killed_by":"Snake Plant","ascension_level":0}