{"gold_per_floor":[218,293,218,237,49,49,49,49,49,63,63,63,63,99,99,189,189,208,222,241,241,241],"floor_reached":22,"playtime":731,"items_purged":["Strike_B","Strike_B"],"score":364,"play_id":"0d38df5e-9bcf-42e5-94c4-c002386c843b","local_time":"20190530124034","is_ascension_mode":true,"campfire_choices":[{"data":"Recycle","floor":6.0,"key":"SMITH"},{"data":"Skim","floor":8.0,"key":"SMITH"},{"data":"Streamline","floor":11.0,"key":"SMITH"},{"data":"Dualcast","floor":13.0,"key":"SMITH"},{"floor":15.0,"key":"RECALL"}],"neow_cost":"NONE","seed_source_timestamp":0,"circlet_count":0,"master_deck":["AscendersBane","Strike_B","Strike_B","Defend_B","Defend_B","Defend_B","Defend_B","Zap","Dualcast+1","Recycle+1","Skim+1","Streamline+1","Glacier","Fission","Cold Snap","Hologram","Turbo"],"special_seed":0,"relics":["Cracked Core","Golden Idol","Kunai","Meat on the Bone","Lantern","Inserter","Potion Belt"],"potions_floor_usage":[19,20],"damage_taken":[{"damage":1.0,"enemies":"Cultist","floor":1.0,"turns":3.0},{"damage":3.0,"enemies":"Small Slimes","floor":4.0,"turns":3.0},{"damage":4.0,"enemies":"2 Louse","floor":10.0,"turns":3.0},{"damage":35.0,"enemies":"3 Sentries","floor":14.0,"turns":8.0},{"damage":11.0,"enemies":"The Guardian","floor":16.0,"turns":10.0},{"damage":8.0,"enemies":"Spheric Guardian","floor":18.0,"turns":6.0},{"damage":31,"enemies":"3 Byrds","floor":19,"turns":5},{"damage":24,"enemies":"Snake Plant","floor":20,"turns":5},{"damage":1,"enemies":"Snecko","floor":22,"turns":4}],"seed_played":"-197994283073427256","potions_obtained":[{"floor":4.0,"key":"Strength Potion"},{"floor":10.0,"key":"Poison Potion"},{"floor":18.0,"key":"Explosive Potion"},{"floor":19,"key":"SpeedPotion"}],"is_trial":false,"path_per_floor":["M","?","$","M","$","R","?","R","T","M","R","?","R","E","R","B",null,"M","M","M","?","M"],"character_chosen":"DEFECT","items_purchased":["Skim"],"campfire_rested":0,"item_purchase_floors":[5],"current_hp_per_floor":[63,52,52,49,49,49,49,49,49,45,45,45,45,22,22,23,54,46,27,15,15,14],"gold":241,"neow_bonus":"HUNDRED_GOLD","is_prod":false,"is_daily":false,"chose_seed":true,"campfire_upgraded":4,"win_rate":0,"timestamp":1559191234,"path_taken":["M","?","$","M","$","R","?","R","T","M","R","?","R","E","R","BOSS","M","M","M","?","?"],"build_version":"2019-01-23","purchased_purges":2,"victory":false,"max_hp_per_floor":[71,71,71,71,71,71,64,64,64,64,64,64,64,64,64,64,64,64,64,64,64,64],"card_choices":[{"not_picked":["Go for the Eyes","Redo"],"picked":"Recycle","floor":1.0},{"not_picked":["Beam Cell","Barrage","Blizzard"],"picked":"SKIP","floor":4.0},{"not_picked":["Leap","Beam Cell"],"picked":"Streamline","floor":10.0},{"not_picked":["Blizzard","Sunder"],"picked":"Glacier","floor":14.0},{"not_picked":["Hyperbeam","Seek"],"picked":"Fission","floor":16.0},{"not_picked":["Stack","Leap+1"],"picked":"Cold Snap","floor":18.0},{"not_picked":["Gash","Scrape"],"picked":"Hologram","floor":19},{"not_picked":["Darkness+1","Hologram"],"picked":"Turbo","floor":20}],"player_experience":958983,"relics_obtained":[{"floor":9.0,"key":"Kunai"},{"floor":14.0,"key":"Lantern"}],"event_choices":[{"damage_healed":0.0,"max_hp_gain":0.0,"max_hp_loss":0.0,"gold_gain":75.0,"event_name":"World of Goop","player_choice":"Gather Gold","floor":2.0,"gold_loss":0.0,"damage_taken":11.0},{"damage_healed":0.0,"max_hp_gain":0.0,"max_hp_loss":7.0,"gold_gain":0.0,"event_name":"Golden Idol","player_choice":"Lose Max HP","floor":7.0,"gold_loss":0.0,"damage_taken":0.0,"relics_obtained":["Golden Idol"]},{"damage_healed":0.0,"max_hp_gain":0.0,"max_hp_loss":0.0,"gold_gain":0.0,"event_name":"Dead Adventurer","player_choice":"Searched \u00271\u0027 times","floor":12.0,"gold_loss":0.0,"damage_taken":0.0,"relics_obtained":["Meat on the Bone"]},{"damage_healed":0,"gold_gain":0,"player_choice":"Gave Potion","damage_taken":0,"relics_obtained":["Potion Belt"],"max_hp_gain":0,"max_hp_loss":0,"event_name":"WeMeetAgain","floor":21,"gold_loss":0}],"is_beta":false,"boss_relics":[{"not_picked":["Nuclear Battery","Velvet Choker"],"picked":"Inserter"}],"items_purged_floors":[3,5],"is_endless":false,"potions_floor_spawned":[4,10,18,19],"killed_by":"Snecko","ascension_level":20}