{"gold_per_floor":[365,384,356,356,373,373,373,392,469,469,487,503,503],"floor_reached":13,"playtime":426,"items_purged":[],"score":146,"play_id":"09ede5cf-fe19-4534-bfc3-3266ca52b225","local_time":"20190313214603","is_ascension_mode":true,"campfire_choices":[{"floor":6,"key":"REST"}],"neow_cost":"PERCENT_DAMAGE","seed_source_timestamp":331675637274473,"circlet_count":0,"master_deck":["AscendersBane","Strike_R","Strike_R","Strike_R","Defend_R","Defend_R","Defend_R","Defend_R","Bash","Metallicize","Rampage","Shrug It Off","Twin Strike","Seeing Red","Burning Pact+1","Exhume+1"],"relics":["Burning Blood","Toxic Egg 2"],"potions_floor_usage":[8,13],"damage_taken":[{"damage":19,"enemies":"Jaw Worm","floor":1,"turns":4},{"damage":12,"enemies":"2 Louse","floor":2,"turns":3},{"damage":11,"enemies":"Cultist","floor":5,"turns":4},{"damage":24,"enemies":"Lots of Slimes","floor":8,"turns":6},{"damage":14,"enemies":"Red Slaver","floor":11,"turns":4},{"damage":6,"enemies":"Looter","floor":12,"turns":5},{"damage":17,"enemies":"Lots of Slimes","floor":13,"turns":2}],"seed_played":"-9072545576367166137","potions_obtained":[{"floor":5,"key":"SteroidPotion"},{"floor":8,"key":"Dexterity Potion"}],"is_trial":false,"path_per_floor":["M","M","$","?","M","R","?","M","T","?","M","M","M"],"character_chosen":"IRONCLAD","items_purchased":["Shrug It Off"],"campfire_rested":1,"item_purchase_floors":[3],"current_hp_per_floor":[37,31,31,31,26,48,41,23,23,23,15,15,0],"gold":503,"neow_bonus":"TWO_FIFTY_GOLD","is_prod":false,"is_daily":false,"chose_seed":false,"campfire_upgraded":0,"win_rate":0,"timestamp":1552473963,"path_taken":["M","M","$","?","M","R","?","M","T","?","?","M","?"],"build_version":"2019-01-23","purchased_purges":0,"victory":false,"max_hp_per_floor":[75,75,75,75,75,75,75,75,75,75,75,75,75],"card_choices":[{"not_picked":["Pommel Strike","Iron Wave"],"picked":"Metallicize","floor":1},{"not_picked":["Anger","Uppercut"],"picked":"Rampage","floor":2},{"not_picked":["Infernal Blade","Spot Weakness"],"picked":"Twin Strike","floor":5},{"not_picked":["Perfected Strike","Sword Boomerang"],"picked":"Seeing Red","floor":8},{"not_picked":["Clash","Heavy Blade"],"picked":"Burning Pact+1","floor":11},{"not_picked":["Perfected Strike","Power Through+1"],"picked":"Exhume+1","floor":12}],"player_experience":847997,"relics_obtained":[{"floor":9,"key":"Toxic Egg 2"}],"event_choices":[{"damage_healed":0,"gold_gain":0,"player_choice":"Ignored","damage_taken":0,"max_hp_gain":0,"max_hp_loss":0,"event_name":"Shining Light","floor":4,"gold_loss":0},{"cards_removed":["Strike_R"],"damage_healed":0,"gold_gain":0,"player_choice":"Card Removal","damage_taken":7,"max_hp_gain":0,"max_hp_loss":0,"event_name":"Golden Wing","floor":7,"gold_loss":0},{"cards_removed":["Strike_R"],"damage_healed":0,"gold_gain":0,"player_choice":"Purged","damage_taken":0,"max_hp_gain":0,"max_hp_loss":0,"event_name":"Purifier","floor":10,"gold_loss":0}],"is_beta":false,"boss_relics":[],"items_purged_floors":[],"is_endless":false,"potions_floor_spawned":[5,8],"killed_by":"Lots of Slimes","ascension_level":18}