{"gold_per_floor":[109,120,139,139,152,152,24,41,93,93],"floor_reached":10,"playtime":284,"items_purged":["Strike_G"],"score":120,"play_id":"2c169719-6b3d-44d8-9c1c-38567ab693a8","local_time":"20190808153506","is_ascension_mode":true,"campfire_choices":[{"data":"Neutralize","floor":6,"key":"SMITH"}],"neow_cost":"NONE","seed_source_timestamp":9331228122672,"circlet_count":0,"master_deck":["AscendersBane","Strike_G","Strike_G","Strike_G","Defend_G","Defend_G","Defend_G","Defend_G","Defend_G","Survivor","Neutralize+1","PiercingWail","Calculated Gamble","Footwork","Deadly Poison","Well Laid Plans"],"special_seed":0,"relics":["Ring of the Snake","NeowsBlessing","Bag of Marbles"],"potions_floor_usage":[10,10],"damage_taken":[{"damage":0.0,"enemies":"Cultist","floor":1.0,"turns":1.0},{"damage":0.0,"enemies":"Jaw Worm","floor":2.0,"turns":1.0},{"damage":0.0,"enemies":"2 Louse","floor":3.0,"turns":1.0},{"damage":29,"enemies":"Large Slime","floor":5,"turns":10},{"damage":1,"enemies":"3 Louse","floor":8,"turns":7},{"damage":24,"enemies":"Gremlin Nob","floor":10,"turns":4}],"seed_played":"-8116695813055782835","potions_obtained":[{"floor":5,"key":"GamblersBrew"},{"floor":8,"key":"Swift Potion"}],"is_trial":false,"path_per_floor":["M","M","M","?","M","R","$","M","T","E"],"character_chosen":"THE_SILENT","items_purchased":["Deadly Poison"],"campfire_rested":0,"item_purchase_floors":[7],"current_hp_per_floor":[59,59,59,59,30,30,30,29,29,5],"gold":93,"neow_bonus":"THREE_ENEMY_KILL","is_prod":false,"is_daily":false,"chose_seed":false,"campfire_upgraded":1,"win_rate":0,"timestamp":1565249706,"path_taken":["M","?","M","?","M","R","$","M","T","E"],"build_version":"2019-07-17","purchased_purges":1,"victory":false,"max_hp_per_floor":[66,66,66,66,66,66,66,66,66,66],"card_choices":[{"not_picked":["Underhanded Strike","Dagger Spray"],"picked":"PiercingWail","floor":1.0},{"not_picked":["Underhanded Strike","Deflect"],"picked":"Calculated Gamble","floor":2.0},{"not_picked":["Sucker Punch","Prepared","Poisoned Stab"],"picked":"SKIP","floor":3.0},{"not_picked":["Deflect","Bane"],"picked":"Footwork","floor":5},{"not_picked":["Heel Hook","Infinite Blades"],"picked":"Well Laid Plans","floor":8}],"player_experience":1162665,"relics_obtained":[{"floor":9,"key":"Bag of Marbles"}],"event_choices":[{"cards_removed":["Strike_G"],"damage_healed":0,"gold_gain":0,"player_choice":"Forget","damage_taken":0,"max_hp_gain":0,"max_hp_loss":0,"event_name":"Living Wall","floor":4,"gold_loss":0}],"is_beta":false,"boss_relics":[],"items_purged_floors":[7],"is_endless":false,"potions_floor_spawned":[5,8],"killed_by":"Gremlin Nob","ascension_level":20}