{"gold_per_floor":[116,127,52,52,52,77,77,152,176,176,196,207,207,217,217,318,318,336,10,10,26,42,42,42,42],"floor_reached":25,"playtime":1374,"items_purged":["Strike_R","Strike_R"],"score":201,"play_id":"812b71b0-8f36-4ed8-b98b-d605d7564f34","local_time":"20181211221609","is_ascension_mode":false,"campfire_choices":[{"floor":7,"key":"REST"},{"floor":10,"key":"REST"},{"floor":15,"key":"RECALL"},{"floor":23,"key":"REST"}],"neow_cost":"NONE","seed_source_timestamp":1573046836805987,"circlet_count":0,"master_deck":["Strike_R","Strike_R","Defend_R","Defend_R","Defend_R","Bash","Fiend Fire","Pommel Strike","Flame Barrier","Warcry","Offering","Barricade","Metallicize","Feel No Pain","Thunderclap"],"relics":["Burning Blood","Oddly Smooth Stone","Runic Cube","PreservedInsect","Nloth\u0027s Gift","Pen Nib"],"potions_floor_usage":[16,16,22,22,22],"damage_taken":[{"damage":8,"enemies":"2 Louse","floor":1,"turns":3},{"damage":8,"enemies":"Jaw Worm","floor":2,"turns":4},{"damage":41,"enemies":"3 Sentries","floor":6,"turns":11},{"damage":6,"enemies":"Cultist","floor":11,"turns":3},{"damage":4,"enemies":"Large Slime","floor":12,"turns":4},{"damage":2,"enemies":"Red Slaver","floor":14,"turns":4},{"damage":58,"enemies":"The Guardian","floor":16,"turns":10},{"damage":25,"enemies":"3 Byrds","floor":18,"turns":6},{"damage":25,"enemies":"2 Thieves","floor":21,"turns":4},{"damage":45,"enemies":"3 Cultists","floor":22,"turns":7},{"damage":41,"enemies":"Chosen and Byrds","floor":25,"turns":10}],"seed_played":"6509068170264537368","potions_obtained":[{"floor":12,"key":"Poison Potion"},{"floor":14,"key":"Poison Potion"},{"floor":16,"key":"Poison Potion"},{"floor":18,"key":"Swift Potion"},{"floor":21,"key":"EssenceOfSteel"}],"is_trial":false,"path_per_floor":["M","M","$","?","?","E","R","?","T","R","M","M","?","M","R","B",null,"M","$","?","M","M","R","?","M"],"character_chosen":"IRONCLAD","items_purchased":["PreservedInsect","Feel No Pain"],"campfire_rested":3,"item_purchase_floors":[19,19],"current_hp_per_floor":[78,76,76,76,69,44,71,60,60,87,87,89,89,90,90,38,90,71,71,71,52,13,40,40,0],"gold":42,"neow_bonus":"ONE_RANDOM_RARE_CARD","is_prod":false,"is_daily":false,"chose_seed":false,"campfire_upgraded":0,"win_rate":0,"timestamp":1544526969,"path_taken":["M","M","$","?","?","E","R","?","T","R","M","?","?","M","R","BOSS","M","$","?","?","M","R","?","M"],"build_version":"2018-12-06","purchased_purges":2,"victory":false,"max_hp_per_floor":[80,80,80,80,80,90,90,90,90,90,90,90,90,90,90,90,90,90,90,90,90,90,90,90,90],"card_choices":[{"not_picked":["Flex","Heavy Blade"],"picked":"Anger","floor":1},{"not_picked":["Second Wind","True Grit"],"picked":"Pommel Strike","floor":2},{"not_picked":["Combust","Anger"],"picked":"Flame Barrier","floor":6},{"not_picked":["Bloodletting","Flame Barrier","Anger"],"picked":"SKIP","floor":11},{"not_picked":["Fiend Fire","Heavy Blade"],"picked":"Warcry","floor":12},{"not_picked":["Wild Strike","Sword Boomerang","Body Slam"],"picked":"SKIP","floor":14},{"not_picked":["Fiend Fire","Limit Break"],"picked":"Barricade","floor":16},{"not_picked":["Wild Strike","Sword Boomerang"],"picked":"Metallicize","floor":18},{"not_picked":["Perfected Strike","Wild Strike","Havoc"],"picked":"SKIP","floor":21},{"not_picked":["Entrench+1","Pommel Strike"],"picked":"Thunderclap","floor":22}],"player_experience":204173,"relics_obtained":[{"floor":6,"key":"Pear"},{"floor":9,"key":"Oddly Smooth Stone"}],"event_choices":[{"damage_healed":0,"gold_gain":0,"player_choice":"Ignored","damage_taken":0,"max_hp_gain":0,"max_hp_loss":0,"event_name":"Liars Game","floor":4,"gold_loss":0},{"cards_removed":["Strike_R"],"damage_healed":0,"gold_gain":0,"player_choice":"Card Removal","damage_taken":7,"max_hp_gain":0,"max_hp_loss":0,"event_name":"Golden Wing","floor":5,"gold_loss":0},{"damage_healed":0,"gold_gain":75,"player_choice":"Gather Gold","damage_taken":11,"max_hp_gain":0,"max_hp_loss":0,"event_name":"World of Goop","floor":8,"gold_loss":0},{"damage_healed":0,"gold_gain":0,"cards_transformed":["Defend_R"],"player_choice":"Change","damage_taken":0,"max_hp_gain":0,"max_hp_loss":0,"event_name":"Living Wall","floor":13,"gold_loss":0,"cards_obtained":["Offering"]},{"damage_healed":0,"gold_gain":0,"player_choice":"Traded Relic","damage_taken":0,"relics_obtained":["Nloth\u0027s Gift"],"max_hp_gain":0,"max_hp_loss":0,"event_name":"N\u0027loth","floor":20,"relics_lost":["Pear"],"gold_loss":0},{"cards_removed":["Anger"],"damage_healed":0,"gold_gain":0,"player_choice":"Gave Card","damage_taken":0,"relics_obtained":["Pen Nib"],"max_hp_gain":0,"max_hp_loss":0,"event_name":"WeMeetAgain","floor":24,"gold_loss":0}],"is_beta":false,"boss_relics":[{"not_picked":["Empty Cage","Coffee Dripper"],"picked":"Runic Cube"}],"items_purged_floors":[3,19],"is_endless":false,"potions_floor_spawned":[12,14,16,18,21],"killed_by":"Chosen and Byrds","ascension_level":0}