{"gold_per_floor":[112,131,150,150,49,49,82,82,82,101,101,142,142,157,157,278,278,299,299,324,324,324,324,365,193,193,213,213,213,213,237,237,368,368,381,381,381,714,725,758,758,773,796,796,122,122,122,222,222,222],"floor_reached":51,"playtime":2348,"items_purged":["Strike_R","Strike_R","Strike_R"],"score":984,"play_id":"cfbc0383-ea0e-4a0e-89a7-db8d89fd6bf1","local_time":"20190805134102","is_ascension_mode":true,"campfire_choices":[{"floor":8.0,"key":"REST"},{"data":"Combust","floor":11.0,"key":"SMITH"},{"data":"Immolate","floor":13.0,"key":"SMITH"},{"data":"Shockwave","floor":15.0,"key":"SMITH"},{"data":"Iron Wave","floor":23.0,"key":"SMITH"},{"data":"Iron Wave","floor":28.0,"key":"SMITH"},{"floor":30.0,"key":"REST"},{"data":"Reaper","floor":32,"key":"SMITH"},{"data":"Pommel Strike","floor":41,"key":"SMITH"},{"data":"Bash","floor":44,"key":"SMITH"},{"data":"Reaper","floor":46,"key":"SMITH"},{"data":"Spot Weakness","floor":49,"key":"SMITH"}],"neow_cost":"TEN_PERCENT_HP_LOSS","seed_source_timestamp":2217914493465100,"circlet_count":0,"master_deck":["Strike_R","Strike_R","Defend_R+1","Bash+1","Shrug It Off+1","Combust+1","Shockwave+1","Pommel Strike+1","Reaper+1","Metallicize+1","Immolate+1","Iron Wave+1","Reaper+1","Dropkick+1","Reckless Charge+1","Juggernaut+1","Iron Wave+1","Necronomicurse","Pommel Strike+1","Pommel Strike+1","Iron Wave+1","Demon Form+1","Body Slam+1","Juggernaut+1","Inflame+1","Spot Weakness+1"],"special_seed":0,"relics":["Burning Blood","Nunchaku","Frozen Egg 2","Kunai","Strawberry","Astrolabe","Necronomicon","Shuriken","Molten Egg 2","Mercury Hourglass","Coffee Dripper","Dead Branch","War Paint","Lee\u0027s Waffle","Omamori","Thread and Needle"],"potions_floor_usage":[33,33,33,40,50,50,50],"damage_taken":[{"damage":3.0,"enemies":"2 Louse","floor":1.0,"turns":4.0},{"damage":6.0,"enemies":"Small Slimes","floor":2.0,"turns":5.0},{"damage":5.0,"enemies":"Cultist","floor":3.0,"turns":4.0},{"damage":27.0,"enemies":"Lagavulin","floor":7.0,"turns":8.0},{"damage":14.0,"enemies":"3 Louse","floor":10.0,"turns":3.0},{"damage":25.0,"enemies":"3 Sentries","floor":12.0,"turns":5.0},{"damage":2.0,"enemies":"Blue Slaver","floor":14.0,"turns":4.0},{"damage":17.0,"enemies":"The Guardian","floor":16.0,"turns":13.0},{"damage":28.0,"enemies":"3 Byrds","floor":18.0,"turns":4.0},{"damage":12.0,"enemies":"Shell Parasite","floor":20.0,"turns":7.0},{"damage":18.0,"enemies":"Book of Stabbing","floor":24.0,"turns":4.0},{"damage":18.0,"enemies":"Snecko","floor":27.0,"turns":4.0},{"damage":24,"enemies":"Snake Plant","floor":31,"turns":2},{"damage":75,"enemies":"Collector","floor":33,"turns":8},{"damage":9,"enemies":"3 Shapes","floor":35,"turns":2},{"damage":7,"enemies":"Orb Walker","floor":39,"turns":4},{"damage":28,"enemies":"Reptomancer","floor":40,"turns":4},{"damage":41,"enemies":"Spire Growth","floor":42,"turns":5},{"damage":2,"enemies":"Mind Bloom Boss Battle","floor":48,"turns":3},{"damage":96,"enemies":"Awakened One","floor":50,"turns":9}],"seed_played":"5467517110543222141","potions_obtained":[{"floor":2.0,"key":"FearPotion"},{"floor":7.0,"key":"Fire Potion"},{"floor":12.0,"key":"Regen Potion"},{"floor":18.0,"key":"Strength Potion"},{"floor":20.0,"key":"Fruit Juice"},{"floor":31,"key":"Regen Potion"},{"floor":33,"key":"Weak Potion"},{"floor":39,"key":"Explosive Potion"},{"floor":40,"key":"Swift Potion"}],"is_trial":false,"path_per_floor":["M","M","M","?","$","?","E","R","T","M","R","E","R","M","R","B",null,"M","?","M","?","?","R","E","$","T","M","R","T","R","M","R","B",null,"M","?","?","?","M","E","R","M","T","R","$","R","?","?","R","B",null],"character_chosen":"IRONCLAD","items_purchased":["Pommel Strike","Evolve+1","Inflame+1","Lee\u0027s Waffle","Omamori","Regen Potion","SteroidPotion"],"campfire_rested":2,"item_purchase_floors":[5,25,45,45,45,45,45],"current_hp_per_floor":[72,72,72,54,54,40,19,40,40,44,44,44,44,54,54,49,72,56,56,63,47,47,47,47,47,47,35,35,35,60,42,42,62,79,76,76,76,76,76,80,80,65,65,65,87,87,87,87,87,87],"gold":222,"neow_bonus":"ONE_RARE_RELIC","is_prod":false,"is_daily":false,"chose_seed":false,"campfire_upgraded":10,"win_rate":0,"timestamp":1565034062,"path_taken":["M","M","M","?","$","?","E","R","T","M","R","E","R","M","R","BOSS","M","?","M","?","?","R","E","$","T","M","R","?","R","M","R","BOSS","M","?","?","?","M","E","R","M","T","R","$","R","?","?","R","BOSS"],"build_version":"2019-07-18","purchased_purges":3,"victory":true,"max_hp_per_floor":[72,72,72,72,72,72,72,72,72,72,72,79,79,79,79,79,79,79,79,84,84,84,84,84,84,84,84,84,84,84,84,84,84,84,84,84,80,80,80,80,80,80,80,80,87,87,87,87,87,87],"card_choices":[{"not_picked":["Armaments","Dropkick"],"picked":"Shrug It Off","floor":1.0},{"not_picked":["Sword Boomerang","Heavy Blade"],"picked":"Combust","floor":2.0},{"not_picked":["Pommel Strike","Armaments"],"picked":"Shockwave","floor":3.0},{"not_picked":["Pummel","Havoc"],"picked":"Reaper","floor":7.0},{"not_picked":["Armaments","Shrug It Off"],"picked":"Metallicize+1","floor":10.0},{"not_picked":["Heavy Blade","Bloodletting"],"picked":"Immolate","floor":12.0},{"not_picked":["Wild Strike","Armaments"],"picked":"Iron Wave","floor":14.0},{"not_picked":["Double Tap","Limit Break"],"picked":"Reaper","floor":16.0},{"not_picked":["Sword Boomerang","Warcry"],"picked":"Iron Wave","floor":18.0},{"not_picked":["Twin Strike+1","Shockwave","Feel No Pain+1"],"picked":"SKIP","floor":20.0},{"not_picked":["Body Slam","Infernal Blade"],"picked":"Pommel Strike","floor":24.0},{"not_picked":["Anger+1","Headbutt+1"],"picked":"Pommel Strike+1","floor":27.0},{"not_picked":["Warcry","Heavy Blade+1"],"picked":"Iron Wave+1","floor":31},{"not_picked":["Reaper+1","Brutality+1"],"picked":"Demon Form+1","floor":33},{"not_picked":["Twin Strike+1","Havoc+1"],"picked":"Body Slam+1","floor":35},{"not_picked":["Cleave+1","Warcry","Second Wind+1"],"picked":"SKIP","floor":39},{"not_picked":["Reckless Charge+1","Cleave+1"],"picked":"Juggernaut+1","floor":40},{"not_picked":["Twin Strike+1","Second Wind+1","Armaments+1"],"picked":"SKIP","floor":42},{"not_picked":["True Grit+1","Anger+1"],"picked":"Spot Weakness","floor":48}],"player_experience":148747,"relics_obtained":[{"floor":7.0,"key":"Frozen Egg 2"},{"floor":9.0,"key":"Kunai"},{"floor":12.0,"key":"Strawberry"},{"floor":21.0,"key":"Necronomicon"},{"floor":24.0,"key":"Shuriken"},{"floor":26.0,"key":"Molten Egg 2"},{"floor":29.0,"key":"Mercury Hourglass"},{"floor":40,"key":"Dead Branch"},{"floor":43,"key":"War Paint"},{"floor":48,"key":"Thread and Needle"}],"event_choices":[{"damage_healed":0.0,"max_hp_gain":0.0,"max_hp_loss":0.0,"gold_gain":0.0,"event_name":"Golden Idol","player_choice":"Take Damage","floor":4.0,"gold_loss":0.0,"damage_taken":18.0,"relics_obtained":["Golden Idol"]},{"damage_healed":0.0,"max_hp_gain":0.0,"max_hp_loss":0.0,"gold_gain":0.0,"event_name":"Shining Light","player_choice":"Entered Light","floor":6.0,"gold_loss":0.0,"damage_taken":14.0,"cards_upgraded":["Defend_R","Pommel Strike"]},{"damage_healed":0.0,"max_hp_gain":0.0,"max_hp_loss":0.0,"gold_gain":0.0,"event_name":"The Woman in Blue","player_choice":"Bought 0 Potions","floor":19.0,"gold_loss":0.0,"damage_taken":0.0},{"damage_healed":0.0,"max_hp_gain":0.0,"max_hp_loss":0.0,"gold_gain":0.0,"event_name":"Cursed Tome","player_choice":"Obtained Book","floor":21.0,"gold_loss":0.0,"damage_taken":16.0},{"damage_healed":0.0,"max_hp_gain":0.0,"max_hp_loss":0.0,"gold_gain":0.0,"event_name":"Ghosts","player_choice":"Ignored","floor":22.0,"gold_loss":0.0,"damage_taken":0.0},{"damage_healed":0,"gold_gain":0,"player_choice":"Ignored","damage_taken":0,"max_hp_gain":0,"max_hp_loss":0,"event_name":"Tomb of Lord Red Mask","floor":36,"gold_loss":0},{"damage_healed":0,"gold_gain":0,"player_choice":"Max HP","damage_taken":0,"max_hp_gain":0,"max_hp_loss":4,"event_name":"Winding Halls","floor":37,"gold_loss":0},{"damage_healed":0,"gold_gain":333,"player_choice":"Gave Idol","damage_taken":0,"max_hp_gain":0,"max_hp_loss":0,"event_name":"The Moai Head","floor":38,"relics_lost":["Golden Idol"],"gold_loss":0},{"cards_removed":["Evolve"],"damage_healed":0,"gold_gain":0,"player_choice":"Removed Power","damage_taken":0,"max_hp_gain":0,"max_hp_loss":0,"event_name":"Falling","floor":47,"gold_loss":0},{"damage_healed":0,"gold_gain":0,"player_choice":"Fight","damage_taken":0,"max_hp_gain":0,"max_hp_loss":0,"event_name":"MindBloom","floor":48,"gold_loss":0}],"is_beta":true,"boss_relics":[{"not_picked":["Empty Cage","Tiny House"],"picked":"Astrolabe"},{"not_picked":["Eternal Feather","Philosopher\u0027s Stone"],"picked":"Coffee Dripper"}],"items_purged_floors":[5,25,45],"is_endless":false,"potions_floor_spawned":[2,7,12,14,18,20,31,33,39,40],"ascension_level":8}