{"gold_per_floor":[109,128,144,144,8,8,38,138,188,188,206,206,20,52,52,124,124,141,141,168,218,96,96,142,67,67,67,83,99,99,116,116,116],"floor_reached":33,"playtime":959,"items_purged":["Pain"],"score":502,"play_id":"915f5a4a-2e75-41d1-aba4-700a73363ea7","local_time":"20190506171521","is_ascension_mode":true,"campfire_choices":[{"data":"Inflame","floor":6.0,"key":"SMITH"},{"data":"Whirlwind","floor":10.0,"key":"SMITH"},{"floor":12.0,"key":"REST"},{"data":"Apotheosis","floor":15.0,"key":"SMITH"},{"floor":27,"key":"REST"},{"data":"Ghostly","floor":32,"key":"SMITH"}],"neow_cost":"TEN_PERCENT_HP_LOSS","seed_source_timestamp":1236948626560815,"circlet_count":0,"master_deck":["AscendersBane","Strike_R","Strike_R","Strike_R","Strike_R","Defend_R","Defend_R+1","Defend_R","Defend_R+1","Bash","Whirlwind+1","Rampage","Inflame+1","Shrug It Off","Evolve","Fiend Fire","Apotheosis+1","Demon Form","Sword Boomerang+1","Second Wind","Feel No Pain","Clumsy","Ghostly+1","Ghostly","Ghostly"],"special_seed":0,"relics":["Burning Blood","Ginger","Bronze Scales","Dodecahedron","War Paint","Champion Belt","Cursed Key","Red Mask","Bag of Preparation"],"potions_floor_usage":[28,33],"damage_taken":[{"damage":1.0,"enemies":"2 Louse","floor":1.0,"turns":4.0},{"damage":14.0,"enemies":"Jaw Worm","floor":2.0,"turns":5.0},{"damage":7.0,"enemies":"Cultist","floor":3.0,"turns":4.0},{"damage":26.0,"enemies":"Lagavulin","floor":7.0,"turns":8.0},{"damage":3.0,"enemies":"Exordium Thugs","floor":11.0,"turns":4.0},{"damage":28.0,"enemies":"3 Sentries","floor":14.0,"turns":9.0},{"damage":19.0,"enemies":"Slime Boss","floor":16.0,"turns":4.0},{"damage":27.0,"enemies":"3 Byrds","floor":18.0,"turns":4.0},{"damage":12,"enemies":"Masked Bandits","floor":20,"turns":2},{"damage":13,"enemies":"Shell Parasite","floor":28,"turns":4},{"damage":18,"enemies":"Sentry and Sphere","floor":29,"turns":4},{"damage":16,"enemies":"Snecko","floor":31,"turns":5},{"damage":18,"enemies":"Champ","floor":33,"turns":6}],"seed_played":"647005981712481574","potions_obtained":[{"floor":2.0,"key":"Weak Potion"},{"floor":7.0,"key":"Explosive Potion"},{"floor":20,"key":"Energy Potion"},{"floor":28,"key":"Energy Potion"}],"is_trial":false,"path_per_floor":["M","M","M","?","$","R","E","?","T","R","M","R","$","E","R","B",null,"M","?","?","?","$","$","T","$","T","R","M","M","?","M","R","B"],"character_chosen":"IRONCLAD","items_purchased":["Inflame","Shrug It Off","Apotheosis","Second Wind","Feel No Pain"],"campfire_rested":2,"item_purchase_floors":[5,5,13,22,22],"current_hp_per_floor":[68,60,59,41,41,41,21,21,21,21,24,44,44,22,22,9,53,32,32,26,26,26,26,26,26,26,46,39,27,27,17,17,0],"gold":116,"neow_bonus":"ONE_RARE_RELIC","is_prod":false,"is_daily":false,"chose_seed":false,"campfire_upgraded":4,"win_rate":0,"timestamp":1557134121,"path_taken":["M","M","M","?","$","R","E","?","T","R","?","R","?","E","R","BOSS","M","?","?","?","?","$","?","$","T","R","M","?","?","M","R","BOSS"],"build_version":"2019-01-23","purchased_purges":1,"victory":false,"max_hp_per_floor":[68,68,68,68,68,68,68,68,68,68,68,68,68,68,68,68,68,68,68,68,68,68,68,68,68,68,68,68,68,34,34,34,34],"card_choices":[{"not_picked":["Iron Wave","Intimidate","Havoc"],"picked":"SKIP","floor":1.0},{"not_picked":["Infernal Blade","Headbutt"],"picked":"Whirlwind","floor":2.0},{"not_picked":["Body Slam","Sword Boomerang"],"picked":"Rampage","floor":3.0},{"not_picked":["Sword Boomerang","Wild Strike"],"picked":"Evolve","floor":7.0},{"not_picked":["Clash","Perfected Strike"],"picked":"Fiend Fire","floor":11.0},{"not_picked":["Wild Strike","Cleave","Heavy Blade"],"picked":"SKIP","floor":14.0},{"not_picked":["Fiend Fire","Reaper"],"picked":"Demon Form","floor":16.0},{"not_picked":["Bloodletting","Iron Wave","Sword Boomerang"],"picked":"SKIP","floor":18.0},{"not_picked":["Intimidate","Reckless Charge"],"picked":"Sword Boomerang+1","floor":20},{"not_picked":["Clothesline","Twin Strike","Infernal Blade"],"picked":"SKIP","floor":28},{"not_picked":["Infernal Blade","Pommel Strike","Combust"],"picked":"SKIP","floor":29},{"not_picked":["Sword Boomerang","Heavy Blade","Pommel Strike"],"picked":"SKIP","floor":31}],"player_experience":822116,"relics_obtained":[{"floor":7.0,"key":"Dodecahedron"},{"floor":9.0,"key":"War Paint"},{"floor":14.0,"key":"Champion Belt"},{"floor":20,"key":"Red Mask"},{"floor":24,"key":"Bag of Preparation"}],"event_choices":[{"damage_healed":0.0,"max_hp_gain":0.0,"max_hp_loss":0.0,"gold_gain":0.0,"event_name":"Scrap Ooze","player_choice":"Success","floor":4.0,"gold_loss":0.0,"damage_taken":18.0,"relics_obtained":["Bronze Scales"]},{"damage_healed":0.0,"max_hp_gain":0.0,"max_hp_loss":0.0,"gold_gain":100.0,"event_name":"Wheel of Change","player_choice":"Gold","floor":8.0,"gold_loss":0.0,"damage_taken":0.0},{"cards_removed":["Strike_R"],"damage_healed":0.0,"max_hp_gain":0.0,"max_hp_loss":0.0,"gold_gain":0.0,"event_name":"Back to Basics","player_choice":"Elegance","floor":19.0,"gold_loss":0.0,"damage_taken":0.0},{"damage_healed":0,"gold_gain":0,"player_choice":"Fought Bandits","damage_taken":0,"max_hp_gain":0,"max_hp_loss":0,"event_name":"Masked Bandits","floor":20,"gold_loss":0},{"damage_healed":0,"gold_gain":50,"player_choice":"Stole From Cult","damage_taken":0,"max_hp_gain":0,"max_hp_loss":0,"event_name":"Nest","floor":21,"gold_loss":0},{"damage_healed":0,"gold_gain":0,"player_choice":"Became a Ghost","damage_taken":0,"max_hp_gain":0,"max_hp_loss":34,"event_name":"Ghosts","floor":30,"gold_loss":0,"cards_obtained":["Ghostly","Ghostly","Ghostly"]}],"is_beta":false,"boss_relics":[{"not_picked":["White Beast Statue","Philosopher\u0027s Stone"],"picked":"Cursed Key"}],"items_purged_floors":[25],"is_endless":false,"potions_floor_spawned":[2,7,20,28],"killed_by":"Champ","ascension_level":20}