{"gold_per_floor":[110,123,84,94,94,94,94,94,121,156,179,179,179,104,104,104],"floor_reached":16,"playtime":362,"items_purged":["Decay"],"score":186,"play_id":"4d5d5f12-4472-4cde-89df-2d67c164bb3b","local_time":"20190306144512","is_ascension_mode":true,"campfire_choices":[{"floor":6,"key":"REST"},{"data":"Shrug It Off","floor":8,"key":"SMITH"},{"floor":13,"key":"REST"},{"floor":15,"key":"REST"}],"neow_cost":"NONE","seed_source_timestamp":37484658322036,"circlet_count":0,"master_deck":["AscendersBane","Strike_R","Strike_R","Strike_R","Strike_R+1","Strike_R","Defend_R","Defend_R","Defend_R","Defend_R","Bash","Shrug It Off+1","Cleave","Inflame","Iron Wave+1","Entrench","Shrug It Off"],"relics":["Burning Blood","NeowsBlessing","Golden Idol","Ancient Tea Set","Whetstone"],"potions_floor_usage":[11,16],"damage_taken":[{"damage":0,"enemies":"Cultist","floor":1,"turns":1},{"damage":0,"enemies":"Small Slimes","floor":2,"turns":1},{"damage":0,"enemies":"2 Louse","floor":4,"turns":1},{"damage":56,"enemies":"Gremlin Nob","floor":10,"turns":5},{"damage":18,"enemies":"Exordium Thugs","floor":11,"turns":4},{"damage":66,"enemies":"Slime Boss","floor":16,"turns":8}],"seed_played":"-4765431854006986859","potions_obtained":[{"floor":4,"key":"Fire Potion"},{"floor":10,"key":"Fire Potion"}],"is_trial":false,"path_per_floor":["M","M","$","M","?","R","?","R","T","E","M","?","R","$","R","B"],"character_chosen":"IRONCLAD","items_purchased":["Inflame"],"campfire_rested":3,"item_purchase_floors":[3],"current_hp_per_floor":[74,75,75,75,49,71,71,71,71,21,9,9,31,31,53,0],"gold":104,"neow_bonus":"THREE_ENEMY_KILL","is_prod":false,"is_daily":false,"chose_seed":false,"campfire_upgraded":1,"win_rate":0,"timestamp":1551843912,"path_taken":["M","?","$","?","?","R","?","R","T","E","?","?","R","$","R","BOSS"],"build_version":"2019-01-23","purchased_purges":1,"victory":false,"max_hp_per_floor":[75,75,75,75,75,75,75,75,75,75,75,75,75,75,75,75],"card_choices":[{"not_picked":["Headbutt","Heavy Blade"],"picked":"Shrug It Off","floor":1},{"not_picked":["Headbutt","Rage"],"picked":"Cleave","floor":2},{"not_picked":["Havoc","Heavy Blade"],"picked":"Iron Wave","floor":4},{"not_picked":["Shrug It Off","Pummel"],"picked":"Entrench","floor":10},{"not_picked":["Havoc","Headbutt"],"picked":"Shrug It Off","floor":11}],"player_experience":805934,"relics_obtained":[{"floor":9,"key":"Ancient Tea Set"},{"floor":10,"key":"Whetstone"}],"event_choices":[{"damage_healed":0,"gold_gain":0,"player_choice":"Take Damage","damage_taken":26,"relics_obtained":["Golden Idol"],"max_hp_gain":0,"max_hp_loss":0,"event_name":"Golden Idol","floor":5,"gold_loss":0},{"damage_healed":0,"gold_gain":0,"player_choice":"Cursed","damage_taken":0,"max_hp_gain":0,"max_hp_loss":0,"event_name":"Wheel of Change","floor":7,"gold_loss":0,"cards_obtained":["Decay"]},{"damage_healed":0,"gold_gain":0,"player_choice":"Ignored","damage_taken":0,"max_hp_gain":0,"max_hp_loss":0,"event_name":"Shining Light","floor":12,"gold_loss":0}],"is_beta":false,"boss_relics":[],"items_purged_floors":[14],"is_endless":false,"potions_floor_spawned":[4,10],"killed_by":"Slime Boss","ascension_level":18}