{"gold_per_floor":[118,43,43,53,153,187,203,203,228,259,4,104,123,134,134,234,234,251,269,318,79,97,123,142,176,176,192,192,210,221,240,240,335,335,346,346,20,20,35,35,35],"floor_reached":41,"playtime":3002,"items_purged":["Regret","Strike_R","Strike_R","Defend_R"],"score":492,"play_id":"2dd9dcde-d8f4-4bb5-bade-d4341da59d68","local_time":"20181215223458","is_ascension_mode":true,"campfire_choices":[{"data":"Armaments","floor":8,"key":"SMITH"},{"floor":15,"key":"REST"},{"floor":28,"key":"REST"},{"floor":32,"key":"RECALL"},{"data":"Limit Break","floor":40,"key":"SMITH"}],"neow_cost":"CURSE","seed_source_timestamp":1764891248616000,"circlet_count":0,"master_deck":["Strike_R+1","Strike_R+1","Defend_R","Defend_R","Defend_R","Seeing Red","Sentinel","Havoc","Armaments+1","Shrug It Off","Anger","Limit Break+1","Heavy Blade","Warcry","Inflame","Pommel Strike+1","Juggernaut","Shrug It Off","Body Slam+1","Sentinel+1","Blood for Blood+1","Barricade","Whirlwind+1","Madness","Madness","Headbutt"],"relics":["Burning Blood","Whetstone","Lantern","Bag of Preparation","Membership Card","Lizard Tail","PreservedInsect","Sling","Bottled Lightning","Bird Faced Urn","Matryoshka","Runic Cube","FossilizedHelix","Potion Belt"],"potions_floor_usage":[10,14,16,25,27,31,33,35,41],"damage_taken":[{"damage":0,"enemies":"2 Louse","floor":1,"turns":2},{"damage":10,"enemies":"Jaw Worm","floor":4,"turns":4},{"damage":34,"enemies":"Gremlin Nob","floor":6,"turns":5},{"damage":0,"enemies":"Cultist","floor":7,"turns":3},{"damage":52,"enemies":"3 Sentries","floor":10,"turns":15},{"damage":2,"enemies":"Blue Slaver","floor":13,"turns":4},{"damage":0,"enemies":"Gremlin Gang","floor":14,"turns":5},{"damage":26,"enemies":"The Guardian","floor":16,"turns":14},{"damage":19,"enemies":"Shell Parasite","floor":18,"turns":7},{"damage":9,"enemies":"Chosen","floor":19,"turns":6},{"damage":15,"enemies":"Centurion and Healer","floor":22,"turns":9},{"damage":22,"enemies":"Slavers","floor":23,"turns":5},{"damage":29,"enemies":"Sentry and Sphere","floor":24,"turns":7},{"damage":10,"enemies":"Book of Stabbing","floor":25,"turns":3},{"damage":13,"enemies":"Snake Plant","floor":27,"turns":5},{"damage":21,"enemies":"Snecko","floor":29,"turns":6},{"damage":21,"enemies":"Shelled Parasite and Fungi","floor":30,"turns":7},{"damage":12,"enemies":"Snake Plant","floor":31,"turns":4},{"damage":65,"enemies":"Champ","floor":33,"turns":14},{"damage":7,"enemies":"3 Shapes","floor":35,"turns":7},{"damage":23,"enemies":"Orb Walker","floor":39,"turns":5},{"damage":97,"enemies":"Reptomancer","floor":41,"turns":3}],"seed_played":"3468322333689980390","potions_obtained":[{"floor":1,"key":"Regen Potion"},{"floor":7,"key":"Block Potion"},{"floor":10,"key":"Fire Potion"},{"floor":23,"key":"LiquidBronze"},{"floor":24,"key":"Ancient Potion"},{"floor":27,"key":"Explosive Potion"},{"floor":30,"key":"Fire Potion"},{"floor":33,"key":"Weak Potion"}],"is_trial":false,"path_per_floor":["M","$","?","M","?","E","M","R","T","E","$","?","M","M","R","B",null,"M","M","T","$","M","E","M","E","T","M","R","M","M","M","R","B",null,"M","?","$","?","M","R","E"],"character_chosen":"IRONCLAD","items_purchased":["Membership Card","PreservedInsect","Sling","FossilizedHelix","Potion Belt","SteroidPotion"],"campfire_rested":2,"item_purchase_floors":[11,21,21,37,37,37],"current_hp_per_floor":[96,96,89,85,85,57,63,63,63,32,32,32,36,42,70,50,96,83,80,80,80,71,55,32,28,28,25,53,42,31,29,29,33,96,96,96,96,84,73,73,0],"gold":35,"neow_bonus":"TWENTY_PERCENT_HP_BONUS","is_prod":false,"is_daily":false,"chose_seed":false,"campfire_upgraded":2,"win_rate":0,"timestamp":1544873698,"path_taken":["M","$","?","M","?","E","?","R","T","E","$","?","M","?","R","BOSS","M","M","?","$","M","E","M","E","T","M","R","M","M","M","R","BOSS","M","?","$","?","M","R","E"],"build_version":"2018-12-13","purchased_purges":4,"victory":false,"max_hp_per_floor":[96,96,96,96,96,96,96,96,96,96,96,96,96,96,96,96,96,96,96,96,96,96,96,96,96,96,96,96,96,96,96,96,96,96,96,96,96,96,96,96,96],"card_choices":[{"not_picked":["Perfected Strike","Iron Wave"],"picked":"Seeing Red","floor":1},{"not_picked":["Battle Trance","Headbutt"],"picked":"Sentinel","floor":4},{"not_picked":["Body Slam","Reckless Charge"],"picked":"Havoc","floor":6},{"not_picked":["Wild Strike","Pommel Strike"],"picked":"Armaments","floor":7},{"not_picked":["Feed","Seeing Red"],"picked":"Shrug It Off","floor":10},{"not_picked":["Clothesline","Twin Strike"],"picked":"Anger","floor":13},{"not_picked":["Armaments","Evolve","Flex"],"picked":"SKIP","floor":14},{"not_picked":["Dark Embrace","Demon Form"],"picked":"Limit Break","floor":16},{"not_picked":["Metallicize","Twin Strike+1"],"picked":"Heavy Blade","floor":18},{"not_picked":["Shrug It Off","Wild Strike+1"],"picked":"Warcry","floor":19},{"not_picked":["Headbutt","Body Slam"],"picked":"Inflame","floor":22},{"not_picked":["Cleave","Thunderclap","Fire Breathing"],"picked":"SKIP","floor":23},{"not_picked":["Thunderclap","Anger"],"picked":"Pommel Strike+1","floor":24},{"not_picked":["Sever Soul","Infernal Blade+1"],"picked":"Juggernaut","floor":25},{"not_picked":["Inflame","Body Slam"],"picked":"Shrug It Off","floor":27},{"not_picked":["Combust","Thunderclap+1"],"picked":"Body Slam+1","floor":29},{"not_picked":["Iron Wave","Shrug It Off"],"picked":"Sentinel+1","floor":30},{"not_picked":["Sword Boomerang","Pommel Strike"],"picked":"Blood for Blood+1","floor":31},{"not_picked":["Demon Form","Fiend Fire"],"picked":"Barricade","floor":33},{"not_picked":["Shrug It Off","Hemokinesis+1"],"picked":"Whirlwind+1","floor":35},{"not_picked":["Anger","Cleave"],"picked":"Headbutt","floor":39}],"player_experience":242552,"relics_obtained":[{"floor":6,"key":"Whetstone"},{"floor":9,"key":"Lantern"},{"floor":10,"key":"Bag of Preparation"},{"floor":23,"key":"Bottled Lightning"},{"floor":25,"key":"Bird Faced Urn"},{"floor":26,"key":"Matryoshka"}],"event_choices":[{"cards_removed":["Strike_R"],"damage_healed":0,"gold_gain":0,"player_choice":"Card Removal","damage_taken":7,"max_hp_gain":0,"max_hp_loss":0,"event_name":"Golden Wing","floor":3,"gold_loss":0},{"damage_healed":0,"gold_gain":100,"player_choice":"Gold","damage_taken":0,"max_hp_gain":0,"max_hp_loss":0,"event_name":"Wheel of Change","floor":5,"gold_loss":0},{"damage_healed":0,"gold_gain":100,"player_choice":"Pray","damage_taken":0,"max_hp_gain":0,"max_hp_loss":0,"event_name":"Golden Shrine","floor":12,"gold_loss":0},{"cards_removed":["Bash"],"damage_healed":0,"gold_gain":0,"player_choice":"Removed Attack","damage_taken":0,"max_hp_gain":0,"max_hp_loss":0,"event_name":"Falling","floor":36,"gold_loss":0},{"damage_healed":0,"gold_gain":0,"player_choice":"Embrace Madness","damage_taken":12,"max_hp_gain":0,"max_hp_loss":0,"event_name":"Winding Halls","floor":38,"gold_loss":0,"cards_obtained":["Madness","Madness"]}],"is_beta":false,"boss_relics":[{"not_picked":["White Beast Statue","Cursed Key"],"picked":"Lizard Tail"},{"not_picked":["Mark of Pain","Empty Cage"],"picked":"Runic Cube"}],"items_purged_floors":[2,11,21,37],"is_endless":false,"potions_floor_spawned":[1,7,10,23,24,27,30,33],"killed_by":"Reptomancer","ascension_level":1}