{"gold_per_floor":[116,116,116,48,48,82,46,80,106,25,42,42,54,69,69,166,166,177,177,117,131,15,15,46,46,46,3,21,21,21],"floor_reached":30,"playtime":2368,"items_purged":["Defend_G"],"score":370,"play_id":"c905a95f-0f69-4d04-90b3-b29c8d54ddc2","local_time":"20181224145745","is_ascension_mode":true,"campfire_choices":[{"floor":12.0,"key":"RECALL"},{"data":"Catalyst","floor":15.0,"key":"SMITH"},{"floor":23.0,"key":"REST"},{"floor":29,"key":"REST"}],"neow_cost":"NONE","seed_source_timestamp":0,"circlet_count":0,"master_deck":["Defend_G","Defend_G","Defend_G","Defend_G","Survivor","Neutralize+1","Cloak And Dagger","Sucker Punch","Noxious Fumes","Deadly Poison","Catalyst+1","Deadly Poison","Acrobatics","Noxious Fumes","Bane","Blur","Malaise","Noxious Fumes","Bite","Bite","Bite","Bite","Bite","Backflip+1","Deadly Poison","Deflect","Crippling Poison"],"special_seed":0,"relics":["Ring of the Snake","NeowsBlessing","Whetstone","The Courier","Oddly Smooth Stone","Lizard Tail","Art of War","Juzu Bracelet","MutagenicStrength"],"potions_floor_usage":[24],"damage_taken":[{"damage":0.0,"enemies":"Small Slimes","floor":1.0,"turns":1.0},{"damage":0.0,"enemies":"Lagavulin","floor":6.0,"turns":1.0},{"damage":0.0,"enemies":"3 Sentries","floor":8.0,"turns":1.0},{"damage":0.0,"enemies":"2 Louse","floor":11.0,"turns":3.0},{"damage":0.0,"enemies":"Cultist","floor":13.0,"turns":3.0},{"damage":0.0,"enemies":"Looter","floor":14.0,"turns":3.0},{"damage":7.0,"enemies":"Hexaghost","floor":16.0,"turns":7.0},{"damage":10.0,"enemies":"Spheric Guardian","floor":18.0,"turns":4.0},{"damage":29.0,"enemies":"3 Byrds","floor":21.0,"turns":4.0},{"damage":57,"enemies":"Gremlin Leader","floor":24,"turns":7},{"damage":14,"enemies":"Snake Plant","floor":28,"turns":5},{"damage":30,"enemies":"Book of Stabbing","floor":30,"turns":5}],"seed_played":"1906293571242576510","potions_obtained":[{"floor":11.0,"key":"LiquidBronze"},{"floor":13.0,"key":"SkillPotion"},{"floor":14.0,"key":"SkillPotion"},{"floor":21.0,"key":"Explosive Potion"},{"floor":24,"key":"Explosive Potion"}],"is_trial":false,"path_per_floor":["M","?","?","$","?","E","$","E","T","$","M","R","M","M","R","B",null,"M","?","$","M","$","R","E","?","T","$","M","R","E"],"character_chosen":"THE_SILENT","items_purchased":["Noxious Fumes","Catalyst","Acrobatics","Noxious Fumes","Art of War","Deflect"],"campfire_rested":2,"item_purchase_floors":[4,7,10,10,22,27],"current_hp_per_floor":[70,70,63,63,68,68,68,68,68,68,68,68,68,68,68,61,75,65,52,52,27,27,42,17,17,17,17,9,24,0],"gold":21,"neow_bonus":"THREE_ENEMY_KILL","is_prod":false,"is_daily":false,"chose_seed":false,"campfire_upgraded":1,"win_rate":0,"timestamp":1545623865,"path_taken":["M","?","?","$","?","E","?","E","T","$","?","R","M","M","R","BOSS","M","?","$","M","$","R","E","?","T","?","M","R","E"],"build_version":"2018-12-20","purchased_purges":1,"victory":false,"max_hp_per_floor":[70,70,70,70,75,75,75,75,75,75,75,75,75,75,75,75,75,75,52,52,52,52,52,52,52,52,52,52,52,52],"card_choices":[{"not_picked":["Dagger Spray","Riddle With Holes"],"picked":"Cloak And Dagger","floor":1.0},{"not_picked":["Sucker Punch","Bane"],"picked":"Deadly Poison","floor":6.0},{"not_picked":["Dash","Predator"],"picked":"Deadly Poison","floor":8.0},{"not_picked":["Underhanded Strike","Reflex"],"picked":"Bane","floor":11.0},{"not_picked":["Choke","Flying Knee"],"picked":"Blur","floor":13.0},{"not_picked":["Accuracy","Riddle With Holes","Caltrops"],"picked":"SKIP","floor":14.0},{"not_picked":["Storm of Steel","Doppelganger"],"picked":"Malaise","floor":16.0},{"not_picked":["Dagger Throw","Underhanded Strike+1"],"picked":"Noxious Fumes","floor":18.0},{"not_picked":["Quick Slash","Prepared"],"picked":"Backflip+1","floor":21.0},{"not_picked":["Footwork","Backflip"],"picked":"Deadly Poison","floor":24},{"not_picked":["Cloak And Dagger","Prepared"],"picked":"Crippling Poison","floor":28}],"player_experience":298911,"relics_obtained":[{"floor":6.0,"key":"Whetstone"},{"floor":8.0,"key":"The Courier"},{"floor":9.0,"key":"Oddly Smooth Stone"},{"floor":24,"key":"Juzu Bracelet"}],"event_choices":[{"damage_healed":0.0,"max_hp_gain":0.0,"max_hp_loss":0.0,"gold_gain":0.0,"cards_transformed":["Strike_G"],"event_name":"Living Wall","player_choice":"Change","floor":2.0,"gold_loss":0.0,"damage_taken":0.0,"cards_obtained":["Sucker Punch"]},{"cards_removed":["Strike_G"],"damage_healed":0.0,"max_hp_gain":0.0,"max_hp_loss":0.0,"gold_gain":0.0,"event_name":"Golden Wing","player_choice":"Card Removal","floor":3.0,"gold_loss":0.0,"damage_taken":7.0},{"damage_healed":0.0,"max_hp_gain":5.0,"max_hp_loss":0.0,"gold_gain":0.0,"event_name":"Big Fish","player_choice":"Donut","floor":5.0,"gold_loss":0.0,"damage_taken":0.0},{"damage_healed":0.0,"max_hp_gain":0.0,"max_hp_loss":23.0,"gold_gain":0.0,"event_name":"Vampires","player_choice":"Became a vampire","floor":19.0,"gold_loss":0.0,"damage_taken":0.0,"cards_obtained":["Bite","Bite","Bite","Bite","Bite"]},{"damage_healed":0,"gold_gain":0,"player_choice":"Inject Mutagens","damage_taken":0,"relics_obtained":["MutagenicStrength"],"max_hp_gain":0,"max_hp_loss":0,"event_name":"Drug Dealer","floor":25,"gold_loss":0}],"is_beta":false,"boss_relics":[{"not_picked":["Orrery","Astrolabe"],"picked":"Lizard Tail"}],"items_purged_floors":[20],"is_endless":false,"potions_floor_spawned":[11,13,14,21,24],"killed_by":"Book of Stabbing","ascension_level":1}