{"gold_per_floor":[114,126,126,145,16,48,48,65,65,65,85,104,29,39,39,39],"floor_reached":16,"playtime":483,"items_purged":["Strike_B"],"score":208,"play_id":"b32be703-a0f3-49d3-aec7-820f0ce43fc2","local_time":"20190525131554","is_ascension_mode":true,"campfire_choices":[{"floor":7,"key":"REST"},{"data":"Coolheaded","floor":10,"key":"SMITH"},{"data":"Recycle","floor":15,"key":"SMITH"}],"neow_cost":"NONE","seed_source_timestamp":354171490318356,"circlet_count":0,"master_deck":["AscendersBane","Strike_B","Strike_B","Defend_B","Defend_B","Defend_B","Defend_B","Zap","Dualcast","Recycle+1","Coolheaded+1","Turbo","Doom and Gloom","Skim","Ball Lightning"],"relics":["Cracked Core","NeowsBlessing","Bottled Lightning"],"potions_floor_usage":[6,16,16],"damage_taken":[{"damage":0,"enemies":"Jaw Worm","floor":1,"turns":1},{"damage":0,"enemies":"Cultist","floor":2,"turns":1},{"damage":0,"enemies":"2 Louse","floor":4,"turns":1},{"damage":52,"enemies":"Gremlin Nob","floor":6,"turns":5},{"damage":4,"enemies":"Red Slaver","floor":8,"turns":3},{"damage":0,"enemies":"Looter","floor":11,"turns":4},{"damage":0,"enemies":"Large Slime","floor":12,"turns":3},{"damage":1,"enemies":"2 Fungi Beasts","floor":14,"turns":3},{"damage":29,"enemies":"Hexaghost","floor":16,"turns":8}],"seed_played":"4569086137144283154","potions_obtained":[{"floor":4,"key":"Weak Potion"},{"floor":6,"key":"PowerPotion"}],"is_trial":false,"path_per_floor":["M","M","?","M","$","E","R","M","T","R","M","M","$","M","R","B"],"character_chosen":"DEFECT","items_purchased":["Doom and Gloom","AttackPotion"],"campfire_rested":1,"item_purchase_floors":[5,5],"current_hp_per_floor":[64,64,64,64,64,12,33,29,29,29,29,29,29,28,28,0],"gold":39,"neow_bonus":"THREE_ENEMY_KILL","is_prod":false,"is_daily":false,"chose_seed":false,"campfire_upgraded":2,"win_rate":0,"timestamp":1558761354,"path_taken":["M","M","?","?","$","E","R","M","T","R","M","?","$","M","R","BOSS"],"build_version":"2019-01-23","purchased_purges":1,"victory":false,"max_hp_per_floor":[71,71,71,71,71,71,71,71,71,71,71,71,71,71,71,71],"card_choices":[{"not_picked":["Stack","BootSequence"],"picked":"Recycle","floor":1},{"not_picked":["Compile Driver","Go for the Eyes"],"picked":"Coolheaded","floor":2},{"not_picked":["Static Discharge","Beam Cell"],"picked":"Turbo","floor":4},{"not_picked":["Streamline","Beam Cell"],"picked":"Skim","floor":6},{"not_picked":["Stack","Rebound","Go for the Eyes"],"picked":"SKIP","floor":8},{"not_picked":["Stack","Sweeping Beam"],"picked":"Ball Lightning","floor":11},{"not_picked":["Multi-Cast","Genetic Algorithm","Static Discharge"],"picked":"SKIP","floor":12},{"not_picked":["Double Energy","Hologram","Redo"],"picked":"SKIP","floor":14}],"player_experience":951109,"relics_obtained":[{"floor":6,"key":"Bottled Lightning"}],"event_choices":[{"cards_removed":["Strike_B"],"damage_healed":0,"gold_gain":0,"player_choice":"Purged","damage_taken":0,"max_hp_gain":0,"max_hp_loss":0,"event_name":"Purifier","floor":3,"gold_loss":0}],"is_beta":false,"boss_relics":[],"items_purged_floors":[13],"is_endless":false,"potions_floor_spawned":[4,6,11],"killed_by":"Hexaghost","ascension_level":20}