{"gold_per_floor":[112,112,187,198,216,216,232,232,232,232,267,278,294,306,306,379,379,394,394,18,28,28,28,44,44,92,125,125,69,69,69],"floor_reached":31,"playtime":968,"items_purged":["Writhe"],"score":510,"play_id":"69ab7139-077a-4874-b36e-3738b1163e9b","local_time":"20190703145837","is_ascension_mode":true,"campfire_choices":[{"data":"Streamline","floor":6.0,"key":"SMITH"},{"data":"Dualcast","floor":8.0,"key":"SMITH"},{"data":"Zap","floor":10.0,"key":"SMITH"},{"floor":15.0,"key":"REST"},{"floor":23.0,"key":"REST"},{"data":"Hyperbeam","floor":25.0,"key":"SMITH"}],"neow_cost":"NONE","seed_source_timestamp":166516350369095,"circlet_count":0,"master_deck":["AscendersBane","Defend_B","Defend_B","Defend_B","Zap+1","Dualcast+1","Streamline+1","Undo","Hyperbeam+1","Coolheaded","Seek","Capacitor+1","Seek","Turbo+1","BootSequence+1"],"special_seed":0,"relics":["Cracked Core","NeowsBlessing","Juzu Bracelet","Darkstone Periapt","Empty Cage","Frozen Egg 2","OrangePellets","Anchor","Blue Candle"],"potions_floor_usage":[27,31],"damage_taken":[{"damage":0.0,"enemies":"Small Slimes","floor":1.0,"turns":1.0},{"damage":0.0,"enemies":"2 Louse","floor":4.0,"turns":1.0},{"damage":0.0,"enemies":"Jaw Worm","floor":5.0,"turns":1.0},{"damage":13.0,"enemies":"Exordium Wildlife","floor":7.0,"turns":5.0},{"damage":25.0,"enemies":"3 Sentries","floor":11.0,"turns":7.0},{"damage":2.0,"enemies":"2 Fungi Beasts","floor":12.0,"turns":3.0},{"damage":0.0,"enemies":"Gremlin Gang","floor":13.0,"turns":2.0},{"damage":0.0,"enemies":"3 Louse","floor":14.0,"turns":1.0},{"damage":2.0,"enemies":"The Guardian","floor":16.0,"turns":13.0},{"damage":19.0,"enemies":"2 Thieves","floor":18.0,"turns":4.0},{"damage":37.0,"enemies":"Shell Parasite","floor":21.0,"turns":4.0},{"damage":5.0,"enemies":"Centurion and Healer","floor":24.0,"turns":8.0},{"damage":22,"enemies":"Slavers","floor":27,"turns":3},{"damage":0,"enemies":"Cultist and Chosen","floor":31,"turns":3}],"seed_played":"-2450388541977194178","potions_obtained":[{"floor":4.0,"key":"SpeedPotion"},{"floor":5.0,"key":"Block Potion"},{"floor":13.0,"key":"SkillPotion"},{"floor":14.0,"key":"LiquidBronze"},{"floor":16.0,"key":"Dexterity Potion"},{"floor":18.0,"key":"FearPotion"}],"is_trial":false,"path_per_floor":["M","?","?","M","M","R","M","R","T","R","E","M","M","M","R","B",null,"M","?","$","M","?","R","M","R","T","E","$","$","?","M"],"character_chosen":"DEFECT","items_purchased":["Capacitor+1","OrangePellets","SkillPotion"],"campfire_rested":2,"item_purchase_floors":[20,20,29],"current_hp_per_floor":[64,57,46,46,46,46,33,33,33,33,8,6,6,6,27,25,60,41,47,47,10,10,33,28,28,28,6,6,6,6,6],"gold":69,"neow_bonus":"THREE_ENEMY_KILL","is_prod":false,"is_daily":false,"chose_seed":false,"campfire_upgraded":4,"win_rate":0,"timestamp":1562137117,"path_taken":["M","?","?","M","M","R","M","R","T","R","E","M","M","M","R","BOSS","M","?","$","M","?","R","M","R","T","E","?","$","?","M"],"build_version":"2019-07-01","purchased_purges":1,"victory":false,"max_hp_per_floor":[71,71,71,71,71,71,71,71,71,71,71,71,71,71,71,71,71,71,77,77,77,77,77,77,77,77,77,77,77,77,77],"card_choices":[{"not_picked":["Hello World","BootSequence"],"picked":"Streamline","floor":1.0},{"not_picked":["Redo","Sweeping Beam","Cold Snap"],"picked":"SKIP","floor":4.0},{"not_picked":["Conserve Battery","Streamline"],"picked":"Undo","floor":5.0},{"not_picked":["Go for the Eyes","Melter","Reinforced Body"],"picked":"SKIP","floor":7.0},{"not_picked":["Go for the Eyes","Melter","Reinforced Body"],"picked":"SKIP","floor":7.0},{"not_picked":["Steam","Conserve Battery","Genetic Algorithm"],"picked":"SKIP","floor":11.0},{"not_picked":["Cold Snap","Steam"],"picked":"Hyperbeam","floor":12.0},{"not_picked":["Genetic Algorithm","Hologram"],"picked":"Coolheaded","floor":13.0},{"not_picked":["Leap","Fusion","Melter"],"picked":"SKIP","floor":14.0},{"not_picked":["Hyperbeam","Amplify"],"picked":"Seek","floor":16.0},{"not_picked":["Barrage","Gash","Go for the Eyes"],"picked":"SKIP","floor":18.0},{"not_picked":["FTL","Gash","Sweeping Beam"],"picked":"SKIP","floor":21.0},{"not_picked":["Sweeping Beam","Scrape","Multi-Cast"],"picked":"SKIP","floor":24.0},{"not_picked":["Cold Snap","Rip and Tear"],"picked":"BootSequence+1","floor":27}],"player_experience":1052089,"relics_obtained":[{"floor":9.0,"key":"Juzu Bracelet"},{"floor":11.0,"key":"Darkstone Periapt"},{"floor":26.0,"key":"Anchor"},{"floor":27,"key":"Blue Candle"}],"event_choices":[{"cards_removed":["Strike_B"],"damage_healed":0.0,"max_hp_gain":0.0,"max_hp_loss":0.0,"gold_gain":0.0,"event_name":"Golden Wing","player_choice":"Card Removal","floor":2.0,"gold_loss":0.0,"damage_taken":7.0},{"damage_healed":0.0,"max_hp_gain":0.0,"max_hp_loss":0.0,"gold_gain":75.0,"event_name":"World of Goop","player_choice":"Gather Gold","floor":3.0,"gold_loss":0.0,"damage_taken":11.0},{"damage_healed":0.0,"max_hp_gain":0.0,"max_hp_loss":0.0,"gold_gain":0.0,"event_name":"The Mausoleum","player_choice":"Opened","floor":19.0,"gold_loss":0.0,"damage_taken":0.0,"relics_obtained":["Frozen Egg 2"],"cards_obtained":["Writhe"]},{"damage_healed":0.0,"max_hp_gain":0.0,"max_hp_loss":0.0,"gold_gain":0.0,"cards_transformed":["Strike_B","Defend_B"],"event_name":"Drug Dealer","player_choice":"Became Test Subject","floor":22.0,"gold_loss":0.0,"damage_taken":0.0,"cards_obtained":["Seek","Turbo"]},{"damage_healed":0,"gold_gain":0,"player_choice":"Upgraded","damage_taken":0,"max_hp_gain":0,"max_hp_loss":0,"event_name":"Upgrade Shrine","floor":30,"gold_loss":0,"cards_upgraded":["Turbo"]}],"is_beta":false,"boss_relics":[{"not_picked":["Cursed Key","Runic Pyramid"],"picked":"Empty Cage"}],"items_purged_floors":[20],"is_endless":false,"potions_floor_spawned":[4,5,13,14,16,18],"killed_by":"Cultist and Chosen","ascension_level":20}