{"gold_per_floor":[112,37,51,51,68,99,99,99,148,148,159,29,39,39],"floor_reached":14,"playtime":290,"items_purged":["Strike_R"],"score":180,"play_id":"bd22ac4c-04ae-4506-810b-8d6dc6691af8","local_time":"20190516120236","is_ascension_mode":true,"campfire_choices":[{"data":"Power Through","floor":7.0,"key":"SMITH"}],"neow_cost":"NONE","seed_source_timestamp":2082908614383197,"circlet_count":0,"master_deck":["AscendersBane","Strike_R","Strike_R","Strike_R","Defend_R","Defend_R","Defend_R","Defend_R","Bash","Pommel Strike+1","Power Through+1","Body Slam","True Grit","Shockwave"],"special_seed":0,"relics":["Burning Blood","NeowsBlessing","Red Skull","Omamori"],"potions_floor_usage":[14],"damage_taken":[{"damage":0.0,"enemies":"2 Louse","floor":1.0,"turns":1.0},{"damage":0.0,"enemies":"Jaw Worm","floor":3.0,"turns":1.0},{"damage":0.0,"enemies":"Cultist","floor":5.0,"turns":1.0},{"damage":6.0,"enemies":"Gremlin Nob","floor":6.0,"turns":3.0},{"damage":11,"enemies":"Looter","floor":11,"turns":3},{"damage":10,"enemies":"2 Fungi Beasts","floor":13,"turns":4},{"damage":68,"enemies":"3 Sentries","floor":14,"turns":10}],"seed_played":"8725723575080167682","potions_obtained":[{"floor":3.0,"key":"Ancient Potion"},{"floor":5.0,"key":"PowerPotion"}],"is_trial":false,"path_per_floor":["M","?","M","?","M","E","R","?","T","?","M","$","M","E"],"character_chosen":"IRONCLAD","items_purchased":["True Grit"],"campfire_rested":0,"item_purchase_floors":[12],"current_hp_per_floor":[74,74,75,75,75,75,75,80,80,80,75,75,71,3],"gold":39,"neow_bonus":"THREE_ENEMY_KILL","is_prod":false,"is_daily":false,"chose_seed":false,"campfire_upgraded":1,"win_rate":0,"timestamp":1557979356,"path_taken":["M","?","M","?","?","E","R","?","T","?","M","$","M","E"],"build_version":"2019-01-23","purchased_purges":1,"victory":false,"max_hp_per_floor":[75,75,75,75,75,75,75,80,80,80,80,80,80,80],"card_choices":[{"not_picked":["Body Slam","Iron Wave","Anger"],"picked":"SKIP","floor":1.0},{"not_picked":["Havoc","Shockwave"],"picked":"Pommel Strike","floor":3.0},{"not_picked":["Thunderclap","Headbutt"],"picked":"Clash","floor":5.0},{"not_picked":["Infernal Blade","Spot Weakness"],"picked":"Power Through","floor":6.0},{"not_picked":["Exhume","Pommel Strike"],"picked":"Body Slam","floor":11},{"not_picked":["Fire Breathing","Headbutt"],"picked":"Shockwave","floor":13}],"player_experience":841810,"relics_obtained":[{"floor":6.0,"key":"Red Skull"},{"floor":9,"key":"Omamori"}],"event_choices":[{"cards_removed":["Strike_R"],"damage_healed":0.0,"max_hp_gain":0.0,"max_hp_loss":0.0,"gold_gain":0.0,"event_name":"The Cleric","player_choice":"Card Removal","floor":2.0,"gold_loss":75.0,"damage_taken":0.0},{"damage_healed":0.0,"max_hp_gain":0.0,"max_hp_loss":0.0,"gold_gain":0.0,"event_name":"Upgrade Shrine","player_choice":"Upgraded","floor":4.0,"gold_loss":0.0,"damage_taken":0.0,"cards_upgraded":["Pommel Strike"]},{"damage_healed":0,"gold_gain":0,"player_choice":"Donut","damage_taken":0,"max_hp_gain":5,"max_hp_loss":0,"event_name":"Big Fish","floor":8,"gold_loss":0},{"cards_removed":["Clash"],"damage_healed":5,"gold_gain":0,"player_choice":"Offered Common","damage_taken":0,"max_hp_gain":0,"max_hp_loss":0,"event_name":"Bonfire Elementals","floor":10,"gold_loss":0},{"cards_removed":["Clash"],"damage_healed":5,"gold_gain":0,"player_choice":"Offered Special","damage_taken":0,"max_hp_gain":0,"max_hp_loss":0,"event_name":"Bonfire Elementals","floor":10,"gold_loss":0}],"is_beta":false,"boss_relics":[],"items_purged_floors":[12],"is_endless":false,"potions_floor_spawned":[3,5],"killed_by":"3 Sentries","ascension_level":20}