{"gold_per_floor":[118,134,9,21,21,21,47,72,72,104,34,53,79,91,91,195,195,213,4,4,4,21,49,64,64,115,115,115],"floor_reached":28,"playtime":2069,"items_purged":["Strike_B"],"score":298,"play_id":"c9ba6be0-e48c-4328-9e5f-5eab37cd4a31","local_time":"20190111151812","is_ascension_mode":true,"campfire_choices":[{"data":"Redo","floor":6.0,"key":"SMITH"},{"floor":15.0,"key":"REST"},{"floor":25.0,"key":"REST"},{"data":"Creative AI","floor":27.0,"key":"SMITH"}],"neow_cost":"NONE","seed_source_timestamp":493963659832172,"circlet_count":0,"master_deck":["Strike_B","Defend_B","Defend_B","Defend_B","Defend_B","Zap","Dualcast","Sweeping Beam","Rebound","Rebound","Redo+1","Loop","Defragment","Streamline","Gash","Coolheaded","Turbo","All For One","Creative AI+1","Conserve Battery+1","Sunder","Hologram","Gash","Storm","Fission","Multi-Cast","Capacitor","Aggregate+1","Self Repair"],"special_seed":0,"relics":["Cracked Core","NeowsBlessing","Meat on the Bone","Odd Mushroom","Kunai","FossilizedHelix","Regal Pillow","Black Star","Blood Vial","Bronze Scales","Boot"],"potions_floor_usage":[],"damage_taken":[{"damage":0.0,"enemies":"2 Louse","floor":1.0,"turns":1.0},{"damage":0.0,"enemies":"Jaw Worm","floor":2.0,"turns":1.0},{"damage":0.0,"enemies":"Cultist","floor":4.0,"turns":1.0},{"damage":35.0,"enemies":"Gremlin Nob","floor":7.0,"turns":4.0},{"damage":2.0,"enemies":"The Mushroom Lair","floor":8.0,"turns":3.0},{"damage":34.0,"enemies":"Lagavulin","floor":10.0,"turns":6.0},{"damage":1.0,"enemies":"Exordium Thugs","floor":12.0,"turns":3.0},{"damage":0.0,"enemies":"3 Louse","floor":14.0,"turns":2.0},{"damage":18.0,"enemies":"The Guardian","floor":16.0,"turns":11.0},{"damage":22.0,"enemies":"Spheric Guardian","floor":18.0,"turns":4.0},{"damage":17.0,"enemies":"2 Thieves","floor":22.0,"turns":4.0},{"damage":0.0,"enemies":"Gremlin Leader","floor":23.0,"turns":5.0},{"damage":26.0,"enemies":"Chosen and Byrds","floor":24.0,"turns":5.0},{"damage":77,"enemies":"Book of Stabbing","floor":28,"turns":6}],"seed_played":"4449078653271083108","potions_obtained":[{"floor":4.0,"key":"Explosive Potion"},{"floor":7.0,"key":"SkillPotion"},{"floor":8.0,"key":"PowerPotion"},{"floor":14.0,"key":"PowerPotion"},{"floor":16.0,"key":"FocusPotion"},{"floor":22.0,"key":"SneckoOil"}],"is_trial":false,"path_per_floor":["M","M","$","M","?","R","E","?","T","E","$","M","T","M","R","B",null,"M","$","?","?","M","E","M","R","T","R","E"],"character_chosen":"DEFECT","items_purchased":["Rebound","Gash","Coolheaded","Sunder","Hologram","Gash","Storm"],"campfire_rested":2,"item_purchase_floors":[3,11,11,19,19,19,19],"current_hp_per_floor":[75,75,75,75,75,75,40,38,38,16,16,27,27,39,75,57,75,53,53,53,75,58,58,46,75,75,75,0],"gold":115,"neow_bonus":"THREE_ENEMY_KILL","is_prod":false,"is_daily":false,"chose_seed":false,"campfire_upgraded":2,"win_rate":0,"timestamp":1547180292,"path_taken":["M","M","$","M","?","R","E","?","T","E","?","?","?","M","R","BOSS","M","$","?","?","M","E","M","R","T","R","E"],"build_version":"2019-01-10","purchased_purges":1,"victory":false,"max_hp_per_floor":[75,75,75,75,75,75,75,75,75,75,75,75,75,75,75,75,75,75,75,75,75,75,75,75,75,75,75,75],"card_choices":[{"not_picked":["Hologram","Stack"],"picked":"Sweeping Beam","floor":1.0},{"not_picked":["Compile Driver","Ball Lightning"],"picked":"Rebound","floor":2.0},{"not_picked":["Rebound","Ball Lightning"],"picked":"Redo","floor":4.0},{"not_picked":["Stack","Steam"],"picked":"Loop","floor":7.0},{"not_picked":["Leap","Compile Driver"],"picked":"Defragment","floor":8.0},{"not_picked":["Lockon","Darkness"],"picked":"Streamline","floor":10.0},{"not_picked":["Redo","Steam"],"picked":"Turbo","floor":12.0},{"not_picked":["Aggregate","Redo"],"picked":"All For One","floor":14.0},{"not_picked":["Thunder Strike","Multi-Cast"],"picked":"Creative AI","floor":16.0},{"not_picked":["Beam Cell","Chill"],"picked":"Conserve Battery+1","floor":18.0},{"not_picked":["Lockon","Leap"],"picked":"Capacitor","floor":22.0},{"not_picked":["Recycle","Steam"],"picked":"Aggregate+1","floor":23.0},{"not_picked":["Undo","Heatsinks"],"picked":"Self Repair","floor":24.0}],"player_experience":418530,"relics_obtained":[{"floor":7.0,"key":"Meat on the Bone"},{"floor":8.0,"key":"Odd Mushroom"},{"floor":9.0,"key":"Kunai"},{"floor":10.0,"key":"FossilizedHelix"},{"floor":13.0,"key":"Regal Pillow"},{"floor":23.0,"key":"Blood Vial"},{"floor":23.0,"key":"Bronze Scales"},{"floor":26.0,"key":"Boot"}],"event_choices":[{"damage_healed":0.0,"max_hp_gain":0.0,"max_hp_loss":0.0,"gold_gain":0.0,"event_name":"The Cleric","player_choice":"Leave","floor":5.0,"gold_loss":0.0,"damage_taken":0.0},{"damage_healed":0.0,"max_hp_gain":0.0,"max_hp_loss":0.0,"gold_gain":0.0,"event_name":"Mushrooms","player_choice":"Fought Mushrooms","floor":8.0,"gold_loss":0.0,"damage_taken":0.0},{"damage_healed":0.0,"max_hp_gain":0.0,"max_hp_loss":0.0,"gold_gain":0.0,"cards_transformed":["Strike_B","Strike_B"],"event_name":"Drug Dealer","player_choice":"Became Test Subject","floor":20.0,"gold_loss":0.0,"damage_taken":0.0,"cards_obtained":["Fission","Multi-Cast"]},{"damage_healed":25.0,"max_hp_gain":0.0,"max_hp_loss":0.0,"gold_gain":0.0,"event_name":"The Library","player_choice":"Heal","floor":21.0,"gold_loss":0.0,"damage_taken":0.0}],"is_beta":false,"boss_relics":[{"not_picked":["Eternal Feather","Sozu"],"picked":"Black Star"}],"items_purged_floors":[3],"is_endless":false,"potions_floor_spawned":[4,7,8,14,16,22],"killed_by":"Book of Stabbing","ascension_level":2}