{"gold_per_floor":[20,32,43,143,161,161,161,161,214,225,238,238,273,286,286,390,390,401,0,15,15,32,32,66,66,66,165,27,59,111,130,130,225,225,242,9,26,248,248,266,266,279,279,77,0,25,40,68,68,68],"floor_reached":51,"playtime":4307,"items_purged":["Strike_G","Strike_G"],"score":1279,"play_id":"6ac4f8e1-36bb-44fd-b7cd-77e7a54d817c","local_time":"20190807064200","is_ascension_mode":true,"campfire_choices":[{"data":"Predator","floor":6.0,"key":"SMITH"},{"data":"Blade Dance","floor":8.0,"key":"SMITH"},{"data":"Doppelganger","floor":12.0,"key":"SMITH"},{"floor":15.0,"key":"REST"},{"data":"Burst","floor":23.0,"key":"SMITH"},{"data":"A Thousand Cuts","floor":25.0,"key":"SMITH"},{"data":"Blade Dance","floor":32.0,"key":"SMITH"},{"data":"Malaise","floor":41.0,"key":"SMITH"},{"data":"Backstab","floor":49,"key":"SMITH"}],"neow_cost":"NO_GOLD","seed_source_timestamp":2362959222355000,"circlet_count":0,"master_deck":["AscendersBane","Strike_G","Strike_G","Strike_G","Defend_G","Defend_G+1","Defend_G+1","Defend_G","Defend_G","Survivor","Neutralize","Doppelganger+1","Blade Dance+1","Blade Dance+1","Predator+1","Burst+1","PiercingWail","A Thousand Cuts+1","Backstab+1","Malaise+1","Well Laid Plans+1","Bouncing Flask+1","Deadly Poison+1","Acrobatics+1","Ghostly+1","Ghostly+1","Ghostly+1","Ghostly+1","Ghostly+1","Distraction+1","Deflect+1","Bouncing Flask+1","Cloak And Dagger+1","Die Die Die","Distraction+1","PiercingWail+1","Expertise+1","Finisher+1","Setup+1","Tactician+1","Cloak And Dagger+1"],"special_seed":0,"relics":["Ring of the Snake","Snake Skull","Regal Pillow","WristBlade","Toxic Egg 2","Centennial Puzzle","Nunchaku","Red Mask","Potion Belt","Busted Crown","Orichalcum","Bag of Marbles","Chemical X","FossilizedHelix","War Paint"],"potions_floor_usage":[50,50,50],"damage_taken":[{"damage":8.0,"enemies":"2 Louse","floor":1.0,"turns":4.0},{"damage":3.0,"enemies":"Cultist","floor":2.0,"turns":4.0},{"damage":1.0,"enemies":"Jaw Worm","floor":3.0,"turns":3.0},{"damage":12.0,"enemies":"Exordium Wildlife","floor":5.0,"turns":5.0},{"damage":15.0,"enemies":"Large Slime","floor":10.0,"turns":5.0},{"damage":3.0,"enemies":"Blue Slaver","floor":11.0,"turns":5.0},{"damage":17.0,"enemies":"3 Sentries","floor":13.0,"turns":9.0},{"damage":7.0,"enemies":"3 Louse","floor":14.0,"turns":3.0},{"damage":40.0,"enemies":"Slime Boss","floor":16.0,"turns":10.0},{"damage":1.0,"enemies":"Spheric Guardian","floor":18.0,"turns":3.0},{"damage":21.0,"enemies":"2 Thieves","floor":20.0,"turns":4.0},{"damage":2.0,"enemies":"Sentry and Sphere","floor":22.0,"turns":5.0},{"damage":2.0,"enemies":"Book of Stabbing","floor":24.0,"turns":6.0},{"damage":5.0,"enemies":"Masked Bandits","floor":29.0,"turns":6.0},{"damage":4.0,"enemies":"Cultist and Chosen","floor":31.0,"turns":7.0},{"damage":3.0,"enemies":"Collector","floor":33.0,"turns":9.0},{"damage":0.0,"enemies":"Orb Walker","floor":35.0,"turns":5.0},{"damage":0.0,"enemies":"3 Darklings","floor":37.0,"turns":4.0},{"damage":0.0,"enemies":"Spire Growth","floor":40.0,"turns":5.0},{"damage":0.0,"enemies":"Writhing Mass","floor":42.0,"turns":6.0},{"damage":0.0,"enemies":"Nemesis","floor":46.0,"turns":5.0},{"damage":0.0,"enemies":"3 Darklings","floor":47.0,"turns":5.0},{"damage":0,"enemies":"Giant Head","floor":48,"turns":6},{"damage":0,"enemies":"Time Eater","floor":50,"turns":11}],"seed_played":"4038678525269165174","potions_obtained":[{"floor":2.0,"key":"GhostInAJar"},{"floor":3.0,"key":"FearPotion"},{"floor":20.0,"key":"Dexterity Potion"},{"floor":31.0,"key":"Energy Potion"},{"floor":37.0,"key":"Swift Potion"},{"floor":40.0,"key":"Block Potion"},{"floor":42.0,"key":"SpeedPotion"}],"is_trial":false,"path_per_floor":["M","M","M","?","M","R","?","R","T","M","M","R","E","M","R","B",null,"M","$","M","?","M","R","E","R","T","?","$","?","T","M","R","B",null,"M","$","M","?","?","M","R","M","T","$","$","E","M","E","R","B",null],"character_chosen":"THE_SILENT","items_purchased":["Toxic Egg 2","Bouncing Flask+1","Deadly Poison+1","Bouncing Flask+1","Orichalcum","Distraction+1","PiercingWail+1","Chemical X","Setup+1"],"campfire_rested":1,"item_purchase_floors":[19,19,19,28,36,36,36,44,45],"current_hp_per_floor":[55,52,51,51,39,39,62,62,62,47,44,44,27,20,56,16,57,56,56,35,35,33,33,31,31,31,31,31,26,26,22,22,19,31,31,31,31,31,31,31,31,31,31,31,31,31,31,31,31,31],"gold":68,"neow_bonus":"THREE_RARE_CARDS","is_prod":false,"is_daily":false,"chose_seed":false,"campfire_upgraded":8,"win_rate":0,"timestamp":1565181720,"path_taken":["M","M","M","?","?","R","?","R","T","M","M","R","E","M","R","BOSS","M","$","M","?","M","R","E","R","T","?","?","?","?","M","R","BOSS","M","$","M","?","?","M","R","M","T","?","$","E","?","E","R","BOSS"],"build_version":"2019-07-18","purchased_purges":2,"victory":true,"max_hp_per_floor":[70,70,70,70,70,70,70,70,70,70,70,70,70,70,70,70,70,70,70,70,35,35,35,35,35,35,35,35,35,35,35,35,35,35,35,35,35,35,33,33,33,33,33,33,33,33,33,33,33,33],"card_choices":[{"not_picked":["Bullet Time","Night Terror"],"picked":"Doppelganger","floor":0.0},{"not_picked":["PiercingWail","Flying Knee"],"picked":"Blade Dance","floor":1.0},{"not_picked":["Concentrate","Dodge and Roll"],"picked":"Blade Dance","floor":2.0},{"not_picked":["Concentrate","Bane","Setup"],"picked":"SKIP","floor":3.0},{"not_picked":["Backflip","Noxious Fumes"],"picked":"Predator","floor":5.0},{"not_picked":["Outmaneuver","Deflect"],"picked":"Burst","floor":10.0},{"not_picked":["Wraith Form v2","Outmaneuver"],"picked":"PiercingWail","floor":11.0},{"not_picked":["Crippling Poison","Flying Knee"],"picked":"A Thousand Cuts","floor":13.0},{"not_picked":["Reflex","Blade Dance"],"picked":"Backstab","floor":14.0},{"not_picked":["Tools of the Trade","Glass Knife"],"picked":"Malaise","floor":16.0},{"not_picked":["Quick Slash","Blur+1"],"picked":"Well Laid Plans+1","floor":18.0},{"not_picked":["Setup+1","Flying Knee"],"picked":"Acrobatics+1","floor":20.0},{"not_picked":["Blade Dance+1","Poisoned Stab+1"],"picked":"Distraction+1","floor":22.0},{"not_picked":["Unload","Bane+1"],"picked":"Deflect+1","floor":24.0},{"not_picked":["Footwork","Eviscerate"],"picked":"Cloak And Dagger+1","floor":29.0},{"not_picked":["Well Laid Plans","Heel Hook","Quick Slash+1"],"picked":"SKIP","floor":31.0},{"not_picked":["Storm of Steel+1","Glass Knife"],"picked":"Die Die Die","floor":33.0},{"not_picked":["Bane+1"],"picked":"SKIP","floor":35.0},{"not_picked":[],"picked":"Expertise+1","floor":37.0},{"not_picked":["Dagger Spray"],"picked":"SKIP","floor":40.0},{"not_picked":[],"picked":"Finisher+1","floor":42.0},{"not_picked":[],"picked":"Tactician+1","floor":46.0},{"not_picked":["Deadly Poison+1"],"picked":"SKIP","floor":47.0},{"not_picked":[],"picked":"Cloak And Dagger+1","floor":48}],"player_experience":222987,"relics_obtained":[{"floor":9.0,"key":"Snake Skull"},{"floor":13.0,"key":"Regal Pillow"},{"floor":24.0,"key":"Centennial Puzzle"},{"floor":26.0,"key":"Nunchaku"},{"floor":29.0,"key":"Red Mask"},{"floor":30.0,"key":"Potion Belt"},{"floor":43.0,"key":"Bag of Marbles"},{"floor":46.0,"key":"FossilizedHelix"},{"floor":48,"key":"War Paint"}],"event_choices":[{"damage_healed":0.0,"max_hp_gain":0.0,"max_hp_loss":0.0,"gold_gain":100.0,"event_name":"Golden Shrine","player_choice":"Pray","floor":4.0,"gold_loss":0.0,"damage_taken":0.0},{"damage_healed":23.0,"max_hp_gain":0.0,"max_hp_loss":0.0,"gold_gain":0.0,"event_name":"Big Fish","player_choice":"Banana","floor":7.0,"gold_loss":0.0,"damage_taken":0.0},{"damage_healed":0.0,"max_hp_gain":0.0,"max_hp_loss":35.0,"gold_gain":0.0,"event_name":"Ghosts","player_choice":"Became a Ghost","floor":21.0,"gold_loss":0.0,"damage_taken":0.0,"cards_obtained":["Ghostly","Ghostly","Ghostly","Ghostly","Ghostly"]},{"damage_healed":0.0,"max_hp_gain":0.0,"max_hp_loss":0.0,"gold_gain":99.0,"event_name":"Nest","player_choice":"Stole From Cult","floor":27.0,"gold_loss":0.0,"damage_taken":0.0},{"damage_healed":0.0,"max_hp_gain":0.0,"max_hp_loss":0.0,"gold_gain":0.0,"event_name":"Masked Bandits","player_choice":"Fought Bandits","floor":29.0,"gold_loss":0.0,"damage_taken":0.0},{"damage_healed":0.0,"max_hp_gain":0.0,"max_hp_loss":0.0,"gold_gain":222.0,"event_name":"Tomb of Lord Red Mask","player_choice":"Wore Mask","floor":38.0,"gold_loss":0.0,"damage_taken":0.0},{"damage_healed":0.0,"max_hp_gain":0.0,"max_hp_loss":2.0,"gold_gain":0.0,"event_name":"Winding Halls","player_choice":"Max HP","floor":39.0,"gold_loss":0.0,"damage_taken":0.0}],"is_beta":true,"boss_relics":[{"not_picked":["Runic Pyramid","Philosopher\u0027s Stone"],"picked":"WristBlade"},{"not_picked":["Runic Dome","Coffee Dripper"],"picked":"Busted Crown"}],"items_purged_floors":[19,28],"is_endless":false,"potions_floor_spawned":[2,3,20,31,37,40,42],"ascension_level":11}