{"gold_per_floor":[109,123,123,123,123,123,144,144,144,94,437,451,451,23,23,23],"floor_reached":16,"playtime":950,"items_purged":[],"score":108,"play_id":"474016ff-66c7-4517-9b33-418b36bd01b1","local_time":"20190607181305","is_ascension_mode":true,"campfire_choices":[{"data":"Survivor","floor":6,"key":"SMITH"},{"floor":13,"key":"REST"},{"data":"Burst","floor":15,"key":"SMITH"}],"neow_cost":"NONE","seed_source_timestamp":460159087205200,"circlet_count":0,"master_deck":["Defend_G","Defend_G","Defend_G","Defend_G+1","Defend_G+1","Strike_G+1","Strike_G","Strike_G","Strike_G","Strike_G","Survivor+1","Neutralize+1","Flechettes","Blade Dance","Bane","Poisoned Stab","Dagger Spray","Burst+1","Caltrops","Deadly Poison+1"],"relics":["Ring of the Snake","Lantern","Golden Idol","Bottled Lightning","Old Coin","Membership Card","War Paint"],"potions_floor_usage":[11,16],"damage_taken":[{"damage":0,"enemies":"2 Louse","floor":1,"turns":4},{"damage":3,"enemies":"Jaw Worm","floor":2,"turns":4},{"damage":1,"enemies":"Small Slimes","floor":7,"turns":4},{"damage":2,"enemies":"Gremlin Nob","floor":11,"turns":4},{"damage":9,"enemies":"3 Louse","floor":12,"turns":3},{"damage":73,"enemies":"Slime Boss","floor":16,"turns":13}],"seed_played":"-3524603839920948360","potions_obtained":[{"floor":1,"key":"Weak Potion"},{"floor":7,"key":"EssenceOfSteel"}],"is_trial":false,"path_per_floor":["M","M","?","T","?","R","M","?","T","?","E","M","R","$","R","B"],"character_chosen":"THE_SILENT","items_purchased":["Membership Card","Burst","Caltrops","Deadly Poison","War Paint"],"campfire_rested":1,"item_purchase_floors":[14,14,14,14,14],"current_hp_per_floor":[77,74,74,74,74,74,73,58,58,58,56,47,70,70,70,0],"gold":23,"neow_bonus":"TEN_PERCENT_HP_BONUS","is_prod":false,"is_daily":false,"chose_seed":false,"campfire_upgraded":2,"win_rate":0,"timestamp":1559956385,"path_taken":["M","M","?","?","?","R","M","?","T","?","E","M","R","?","R","BOSS"],"build_version":"2019-01-23","purchased_purges":0,"victory":false,"max_hp_per_floor":[77,77,77,77,77,77,77,77,77,77,77,77,77,77,77,77],"card_choices":[{"not_picked":["Dodge and Roll","Slice"],"picked":"Flechettes","floor":1},{"not_picked":["Flying Knee","Underhanded Strike"],"picked":"Blade Dance","floor":2},{"not_picked":["Riddle With Holes","Underhanded Strike"],"picked":"Bane","floor":7},{"not_picked":["Bullet Time","Riddle With Holes"],"picked":"Poisoned Stab","floor":11},{"not_picked":["Flying Knee","Backflip"],"picked":"Dagger Spray","floor":12}],"player_experience":544727,"relics_obtained":[{"floor":4,"key":"Lantern"},{"floor":9,"key":"Bottled Lightning"},{"floor":11,"key":"Old Coin"}],"event_choices":[{"damage_healed":0,"gold_gain":0,"player_choice":"Grow","damage_taken":0,"max_hp_gain":0,"max_hp_loss":0,"event_name":"Living Wall","floor":3,"gold_loss":0,"cards_upgraded":["Neutralize"]},{"damage_healed":0,"gold_gain":0,"player_choice":"Take Wound","damage_taken":0,"relics_obtained":["Golden Idol"],"max_hp_gain":0,"max_hp_loss":0,"event_name":"Golden Idol","floor":5,"gold_loss":0,"cards_obtained":["Injury"]},{"damage_healed":0,"gold_gain":0,"player_choice":"Entered Light","damage_taken":15,"max_hp_gain":0,"max_hp_loss":0,"event_name":"Shining Light","floor":8,"gold_loss":0,"cards_upgraded":["Strike_G","Defend_G"]},{"cards_removed":["Injury"],"damage_healed":0,"gold_gain":0,"player_choice":"Card Removal","damage_taken":0,"max_hp_gain":0,"max_hp_loss":0,"event_name":"The Cleric","floor":10,"gold_loss":50}],"is_beta":false,"boss_relics":[],"items_purged_floors":[],"is_endless":false,"potions_floor_spawned":[1,7],"killed_by":"Slime Boss","ascension_level":2}