{"gold_per_floor":[111,111,186,135,135,161,179,179,205,205,51,76,76,92,92,192,192,212,230,240,34,34,10,22,35,106,106,106],"floor_reached":28,"playtime":1626,"items_purged":[],"score":251,"play_id":"3e65512d-1105-4eb1-be5f-8c34fda53731","local_time":"20181229192806","is_ascension_mode":false,"campfire_choices":[{"floor":8,"key":"RECALL"},{"data":"Biased Cognition","floor":10,"key":"SMITH"},{"data":"Creative AI","floor":13,"key":"SMITH"},{"floor":15,"key":"REST"},{"floor":27,"key":"REST"}],"neow_cost":"NONE","seed_source_timestamp":0,"circlet_count":0,"master_deck":["Strike_B","Strike_B","Strike_B","Defend_B","Defend_B+1","Defend_B","Defend_B","Zap","Dualcast","Coolheaded","Coolheaded+1","Biased Cognition+1","Steam","Creative AI+1","Double Energy","Sunder","All For One","Gash","Turbo","Aggregate","Doom and Gloom","Machine Learning","Coolheaded+1","Rebound","Reinforced Body","Beam Cell","FTL","Redo"],"special_seed":0,"relics":["Cracked Core","NeowsBlessing","Pen Nib","War Paint","Happy Flower","Orrery","Strange Spoon","Molten Egg 2"],"potions_floor_usage":[18,28],"damage_taken":[{"damage":0.0,"enemies":"Small Slimes","floor":1.0,"turns":1.0},{"damage":0.0,"enemies":"3 Sentries","floor":6.0,"turns":1.0},{"damage":0,"enemies":"2 Louse","floor":7,"turns":1},{"damage":3,"enemies":"Lagavulin","floor":12,"turns":9},{"damage":1,"enemies":"Jaw Worm","floor":14,"turns":4},{"damage":79,"enemies":"Hexaghost","floor":16,"turns":13},{"damage":4,"enemies":"Chosen","floor":18,"turns":4},{"damage":8,"enemies":"Shell Parasite","floor":19,"turns":9},{"damage":13,"enemies":"3 Cultists","floor":20,"turns":4},{"damage":26,"enemies":"Snake Plant","floor":24,"turns":5},{"damage":24,"enemies":"Shelled Parasite and Fungi","floor":25,"turns":8},{"damage":31,"enemies":"Gremlin Leader","floor":28,"turns":2}],"seed_played":"6672802141339527770","potions_obtained":[{"floor":7,"key":"Fire Potion"},{"floor":25,"key":"Poison Potion"}],"is_trial":false,"path_per_floor":["M","?","?","$","?","E","E","M","R","T","R","$","E","R","M","R","B",null,"M","M","M","$","?","$","M","M","T","R","E"],"character_chosen":"DEFECT","items_purchased":["Coolheaded","Creative AI","Strange Spoon","Beam Cell"],"campfire_rested":2,"item_purchase_floors":[4,11,21,23],"current_hp_per_floor":[75,80,69,69,62,62,62,62,62,62,62,59,59,58,80,1,80,76,68,55,55,55,55,29,5,5,29,0],"gold":106,"neow_bonus":"THREE_ENEMY_KILL","is_prod":false,"is_daily":false,"chose_seed":false,"campfire_upgraded":2,"win_rate":0,"timestamp":1546072086,"path_taken":["M","?","?","$","?","E","M","R","T","R","$","E","R","M","R","BOSS","M","M","M","$","?","$","?","M","T","R","E"],"build_version":"2018-12-20","purchased_purges":0,"victory":false,"max_hp_per_floor":[75,80,80,80,80,80,80,80,80,80,80,80,80,80,80,80,80,80,80,80,80,80,80,80,80,80,80,80],"card_choices":[{"not_picked":["Go for the Eyes","Tempest"],"picked":"Coolheaded","floor":1.0},{"not_picked":["Sweeping Beam","Force Field"],"picked":"Biased Cognition","floor":6},{"not_picked":["Capacitor","Barrage"],"picked":"Steam","floor":7},{"not_picked":["Doom and Gloom","Barrage"],"picked":"Double Energy","floor":12},{"not_picked":["Cold Snap","Sweeping Beam"],"picked":"Sunder","floor":14},{"not_picked":["Biased Cognition","Multi-Cast"],"picked":"All For One","floor":16},{"not_picked":["Undo","Leap"],"picked":"Gash","floor":17},{"not_picked":["Hologram","Stack"],"picked":"Turbo","floor":17},{"not_picked":["Steam","Barrage"],"picked":"Aggregate","floor":17},{"not_picked":["Hologram","Beam Cell"],"picked":"Doom and Gloom","floor":17},{"not_picked":["Cold Snap","Turbo"],"picked":"Machine Learning","floor":17},{"not_picked":["Storm","Beam Cell"],"picked":"Coolheaded+1","floor":18},{"not_picked":["Undo","Conserve Battery"],"picked":"Rebound","floor":19},{"not_picked":["Ball Lightning+1","Go for the Eyes"],"picked":"Reinforced Body","floor":20},{"not_picked":["Steam","Compile Driver"],"picked":"FTL","floor":24},{"not_picked":["Defragment","Static Discharge"],"picked":"Redo","floor":25}],"player_experience":349275,"relics_obtained":[{"floor":6,"key":"Pen Nib"},{"floor":9,"key":"War Paint"},{"floor":12,"key":"Happy Flower"},{"floor":26,"key":"Molten Egg 2"}],"event_choices":[{"damage_healed":0.0,"max_hp_gain":5.0,"max_hp_loss":0.0,"gold_gain":0.0,"event_name":"Big Fish","player_choice":"Donut","floor":2.0,"gold_loss":0.0,"damage_taken":0.0},{"damage_healed":0.0,"max_hp_gain":0.0,"max_hp_loss":0.0,"gold_gain":75.0,"event_name":"World of Goop","player_choice":"Gather Gold","floor":3.0,"gold_loss":0.0,"damage_taken":11.0},{"cards_removed":["Strike_B"],"damage_healed":0.0,"max_hp_gain":0.0,"max_hp_loss":0.0,"gold_gain":0.0,"event_name":"Golden Wing","player_choice":"Card Removal","floor":5.0,"gold_loss":0.0,"damage_taken":7.0},{"damage_healed":0,"gold_gain":0,"player_choice":"Ignored","damage_taken":0,"max_hp_gain":0,"max_hp_loss":0,"event_name":"N\u0027loth","floor":22,"gold_loss":0}],"is_beta":false,"boss_relics":[{"not_picked":["Cursed Key","Busted Crown"],"picked":"Orrery"}],"items_purged_floors":[],"is_endless":false,"potions_floor_spawned":[7,25],"killed_by":"Gremlin Leader","ascension_level":0}