{"gold_per_floor":[115,126,5,23,43,72,72,107,107,107,62,75,91,103,103,199,199,215,314,2,2,2,34,34,61,88,101,114,33,67,67],"floor_reached":31,"playtime":2127,"items_purged":[],"score":431,"play_id":"a72b683f-e0c7-44a5-871a-d13cfd8ca011","local_time":"20190705174819","is_ascension_mode":true,"campfire_choices":[{"floor":15.0,"key":"REST"},{"floor":24.0,"key":"REST"}],"neow_cost":"NONE","seed_source_timestamp":0,"circlet_count":0,"master_deck":["Strike_B","Strike_B","Strike_B","Strike_B","Defend_B","Defend_B+1","Defend_B+1","Defend_B","Zap","Dualcast","Panacea","Conserve Battery","Lockon+1","Coolheaded","Loop","Sweeping Beam","Chill","Seek","Capacitor","Leap+1","Conserve Battery+1","Capacitor","Cold Snap+1","Echo Form","Doom and Gloom+1","Apotheosis+1","Madness+1","Coolheaded+1","Shame","BootSequence+1","Hologram+1","Defragment","Stack+1","Force Field+1","Conserve Battery+1"],"special_seed":0,"relics":["Cracked Core","Letter Opener","Toxic Egg 2","Singing Bowl","Sundial","Eternal Feather","Mummified Hand","Strawberry","Pear","DataDisk","Whetstone"],"potions_floor_usage":[28,30],"damage_taken":[{"damage":1.0,"enemies":"Cultist","floor":1.0,"turns":3.0},{"damage":7.0,"enemies":"Small Slimes","floor":2.0,"turns":3.0},{"damage":0.0,"enemies":"2 Louse","floor":4.0,"turns":3.0},{"damage":8.0,"enemies":"Blue Slaver","floor":5.0,"turns":3.0},{"damage":15.0,"enemies":"Lagavulin","floor":6.0,"turns":7.0},{"damage":20.0,"enemies":"Gremlin Nob","floor":8.0,"turns":4.0},{"damage":0.0,"enemies":"Exordium Wildlife","floor":12.0,"turns":3.0},{"damage":0.0,"enemies":"Gremlin Gang","floor":13.0,"turns":4.0},{"damage":0.0,"enemies":"2 Fungi Beasts","floor":14.0,"turns":2.0},{"damage":18.0,"enemies":"Slime Boss","floor":16.0,"turns":12.0},{"damage":25.0,"enemies":"Spheric Guardian","floor":18.0,"turns":6.0},{"damage":23.0,"enemies":"Slavers","floor":23.0,"turns":3.0},{"damage":17,"enemies":"Book of Stabbing","floor":25,"turns":8},{"damage":7,"enemies":"3 Byrds","floor":27,"turns":3},{"damage":0,"enemies":"Sentry and Sphere","floor":28,"turns":6},{"damage":34,"enemies":"Gremlin Leader","floor":30,"turns":6},{"damage":16,"enemies":"Snecko","floor":31,"turns":6}],"seed_played":"-203700474832024816","potions_obtained":[{"floor":2.0,"key":"Energy Potion"},{"floor":5.0,"key":"Poison Potion"},{"floor":8.0,"key":"AttackPotion"},{"floor":16.0,"key":"FearPotion"},{"floor":18.0,"key":"LiquidBronze"},{"floor":25,"key":"Block Potion"},{"floor":30,"key":"Dexterity Potion"}],"is_trial":false,"path_per_floor":["M","M","$","M","M","E","?","E","T","?","$","M","M","M","R","B",null,"M","?","$","?","?","E","R","E","T","M","M","$","E","M"],"character_chosen":"DEFECT","items_purchased":["Coolheaded","Loop","Leap+1","Apotheosis+1","Madness+1","Coolheaded+1","Force Field+1"],"campfire_rested":2,"item_purchase_floors":[3,3,11,20,20,20,29],"current_hp_per_floor":[74,67,67,67,59,44,29,9,9,6,6,6,6,6,28,10,59,34,34,34,34,34,18,60,53,53,46,46,46,12,0],"gold":67,"neow_bonus":"RANDOM_COLORLESS","is_prod":false,"is_daily":false,"chose_seed":false,"campfire_upgraded":0,"win_rate":0,"timestamp":1562363299,"path_taken":["M","M","?","M","M","E","?","E","T","?","$","M","M","M","R","BOSS","M","?","$","?","?","E","R","E","T","M","M","?","E","?"],"build_version":"2019-07-05","purchased_purges":0,"victory":false,"max_hp_per_floor":[75,75,75,75,75,75,75,75,75,75,75,75,75,75,75,75,75,75,75,75,75,75,82,82,92,92,92,92,92,92,92],"card_choices":[{"not_picked":["Doom and Gloom","Hologram"],"picked":"Conserve Battery","floor":1.0},{"not_picked":["Hologram","Cold Snap"],"picked":"Lockon","floor":2.0},{"not_picked":["Barrage","Stack"],"picked":"Sweeping Beam","floor":4.0},{"not_picked":["Compile Driver","Ball Lightning"],"picked":"Chill","floor":5.0},{"not_picked":["Turbo","Beam Cell"],"picked":"Seek","floor":6.0},{"not_picked":["FTL","Coolheaded"],"picked":"Capacitor","floor":8.0},{"not_picked":["Rip and Tear","Lockon"],"picked":"Conserve Battery+1","floor":12.0},{"not_picked":["Leap+1","White Noise+1"],"picked":"Capacitor","floor":13.0},{"not_picked":["Streamline","All For One"],"picked":"Cold Snap","floor":14.0},{"not_picked":["Amplify+1","Core Surge"],"picked":"Echo Form","floor":16.0},{"not_picked":["Barrage","Chill+1"],"picked":"Doom and Gloom+1","floor":18.0},{"not_picked":["Meteor Strike","Hologram+1"],"picked":"BootSequence+1","floor":23.0},{"not_picked":["Rip and Tear","Rebound"],"picked":"Hologram+1","floor":25},{"not_picked":["Barrage","Rebound+1"],"picked":"Defragment","floor":27},{"not_picked":["Capacitor","Hologram+1"],"picked":"Stack+1","floor":28},{"not_picked":["Redo+1","Turbo+1"],"picked":"Conserve Battery+1","floor":30}],"player_experience":357402,"relics_obtained":[{"floor":6.0,"key":"Letter Opener"},{"floor":8.0,"key":"Toxic Egg 2"},{"floor":9.0,"key":"Singing Bowl"},{"floor":23.0,"key":"Strawberry"},{"floor":25,"key":"Pear"},{"floor":26,"key":"DataDisk"},{"floor":30,"key":"Whetstone"}],"event_choices":[{"damage_healed":0.0,"max_hp_gain":0.0,"max_hp_loss":0.0,"gold_gain":0.0,"event_name":"Shining Light","player_choice":"Entered Light","floor":7.0,"gold_loss":0.0,"damage_taken":15.0,"cards_upgraded":["Defend_B","Defend_B"]},{"damage_healed":0.0,"max_hp_gain":0.0,"max_hp_loss":0.0,"gold_gain":0.0,"event_name":"Scrap Ooze","player_choice":"Success","floor":10.0,"gold_loss":0.0,"damage_taken":3.0,"relics_obtained":["Sundial"]},{"damage_healed":0.0,"max_hp_gain":0.0,"max_hp_loss":0.0,"gold_gain":99.0,"event_name":"Nest","player_choice":"Stole From Cult","floor":19.0,"gold_loss":0.0,"damage_taken":0.0},{"damage_healed":0.0,"max_hp_gain":0.0,"max_hp_loss":0.0,"gold_gain":0.0,"event_name":"Addict","player_choice":"Stole Relic","floor":21.0,"gold_loss":0.0,"damage_taken":0.0,"relics_obtained":["Mummified Hand"],"cards_obtained":["Shame"]},{"damage_healed":0.0,"max_hp_gain":0.0,"max_hp_loss":0.0,"gold_gain":0.0,"event_name":"Vampires","player_choice":"Ignored","floor":22.0,"gold_loss":0.0,"damage_taken":0.0}],"is_beta":false,"boss_relics":[{"not_picked":["Tiny House","Pandora\u0027s Box"],"picked":"Eternal Feather"}],"items_purged_floors":[],"is_endless":false,"potions_floor_spawned":[2,5,8,16,18,25,30],"killed_by":"Snecko","ascension_level":5}