{"gold_per_floor":[113,113,131,142,158,189,206,206,206,206,219,219,88,105,105,181,231,243,143,143],"floor_reached":20,"playtime":546,"items_purged":["Strike_R","Strike_R"],"score":352,"play_id":"c6948da7-bd83-4ef1-9446-ed289196a9bf","local_time":"20190518192114","is_ascension_mode":true,"campfire_choices":[{"data":"Armaments","floor":8.0,"key":"SMITH"},{"data":"Whirlwind","floor":10.0,"key":"SMITH"},{"data":"Spot Weakness","floor":12.0,"key":"SMITH"},{"data":"True Grit","floor":15.0,"key":"SMITH"}],"neow_cost":"NONE","seed_source_timestamp":158513776235456,"circlet_count":0,"master_deck":["AscendersBane","Strike_R","Strike_R","Strike_R","Defend_R","Defend_R","Defend_R","Defend_R","Bash","Cleave","Whirlwind+1","Power Through","Spot Weakness+1","Armaments+1","True Grit+1","Barricade+1","Offering+1","Flame Barrier"],"special_seed":0,"relics":["Burning Blood","NeowsBlessing","Vajra","Frozen Egg 2","Tiny House"],"potions_floor_usage":[18,18],"damage_taken":[{"damage":0.0,"enemies":"Jaw Worm","floor":1.0,"turns":1.0},{"damage":0.0,"enemies":"Cultist","floor":3.0,"turns":1.0},{"damage":0.0,"enemies":"2 Louse","floor":4.0,"turns":1.0},{"damage":30.0,"enemies":"Gremlin Gang","floor":5.0,"turns":3.0},{"damage":30.0,"enemies":"Lagavulin","floor":6.0,"turns":8.0},{"damage":10.0,"enemies":"3 Louse","floor":7.0,"turns":2.0},{"damage":1.0,"enemies":"2 Fungi Beasts","floor":11.0,"turns":4.0},{"damage":9.0,"enemies":"Looter","floor":14.0,"turns":4.0},{"damage":11.0,"enemies":"The Guardian","floor":16.0,"turns":13.0},{"damage":19,"enemies":"Spheric Guardian","floor":18,"turns":5},{"damage":6,"enemies":"Chosen","floor":20,"turns":4}],"seed_played":"4650007168309030803","potions_obtained":[{"floor":2.0,"key":"LiquidBronze"},{"floor":2.0,"key":"GamblersBrew"},{"floor":5.0,"key":"Block Potion"},{"floor":7.0,"key":"Explosive Potion"},{"floor":11.0,"key":"SteroidPotion"},{"floor":17.0,"key":"Block Potion"}],"is_trial":false,"path_per_floor":["M","?","M","M","M","E","M","R","T","R","M","R","$","M","R","B",null,"M","$","M"],"character_chosen":"IRONCLAD","items_purchased":["True Grit"],"campfire_rested":0,"item_purchase_floors":[13],"current_hp_per_floor":[74,74,75,75,51,27,23,23,23,23,28,28,28,25,25,20,66,53,53,47],"gold":143,"neow_bonus":"THREE_ENEMY_KILL","is_prod":false,"is_daily":false,"chose_seed":false,"campfire_upgraded":4,"win_rate":0,"timestamp":1558178474,"path_taken":["M","?","?","M","?","E","M","R","T","R","M","R","$","M","R","BOSS","M","$","M"],"build_version":"2019-01-23","purchased_purges":2,"victory":false,"max_hp_per_floor":[75,75,75,75,75,75,75,75,75,75,75,75,75,75,75,75,80,80,80,80],"card_choices":[{"not_picked":["Perfected Strike","Clothesline"],"picked":"Cleave","floor":1.0},{"not_picked":["Intimidate","Disarm"],"picked":"Whirlwind","floor":3.0},{"not_picked":["Wild Strike","Ghostly Armor"],"picked":"Power Through","floor":4.0},{"not_picked":["Whirlwind","True Grit"],"picked":"Spot Weakness","floor":5.0},{"not_picked":["Metallicize","Pommel Strike","Sentinel"],"picked":"SKIP","floor":6.0},{"not_picked":["Metallicize","Wild Strike"],"picked":"Armaments","floor":7.0},{"not_picked":["Bloodletting","Pummel","Infernal Blade"],"picked":"SKIP","floor":11.0},{"not_picked":["Armaments","Pummel"],"picked":"Barricade+1","floor":14.0},{"not_picked":["Feed","Double Tap"],"picked":"Offering","floor":16.0},{"not_picked":["Flex","Pommel Strike"],"picked":"Flame Barrier","floor":17.0},{"not_picked":["Searing Blow","Infernal Blade","Bloodletting"],"picked":"SKIP","floor":18}],"player_experience":877020,"relics_obtained":[{"floor":6.0,"key":"Vajra"},{"floor":9.0,"key":"Frozen Egg 2"}],"event_choices":[{"damage_healed":0.0,"max_hp_gain":0.0,"max_hp_loss":0.0,"gold_gain":0.0,"event_name":"Lab","player_choice":"Got Potions","floor":2.0,"gold_loss":0.0,"damage_taken":0.0}],"is_beta":false,"boss_relics":[{"not_picked":["Calling Bell","Ectoplasm"],"picked":"Tiny House"}],"items_purged_floors":[13,19],"is_endless":false,"potions_floor_spawned":[5,7,11,16],"killed_by":"Chosen","ascension_level":20}