{"gold_per_floor":[114,114,128,1,13,48,60,87,123,135,160,184,215,227,239,353,365,393,418,31,31,31],"floor_reached":22,"playtime":3145,"items_purged":[],"score":188,"play_id":"b29f8b40-909e-4c18-9474-a6813cc682ae","local_time":"20190223204830","is_ascension_mode":false,"campfire_choices":[{"data":"Armaments","floor":7,"key":"SMITH"},{"data":"Rage","floor":10,"key":"SMITH"},{"data":"Juggernaut","floor":15,"key":"SMITH"}],"neow_cost":"NONE","seed_source_timestamp":0,"circlet_count":0,"master_deck":["Strike_R","Strike_R","Strike_R","Strike_R","Strike_R","Defend_R","Defend_R","Defend_R","Defend_R","Bash","Warcry+1","Sever Soul","Cleave","Rage+1","Body Slam","Perfected Strike","Armaments+1","Juggernaut+1","Battle Trance","Clothesline","Twin Strike","Reaper","Ghostly Armor","Flex+1","Magnetism"],"special_seed":0,"relics":["Burning Blood","MawBank","Blood Vial","Black Star","ClockworkSouvenir"],"potions_floor_usage":[16,16,16],"damage_taken":[{"damage":1.0,"enemies":"2 Louse","floor":1.0,"turns":4.0},{"damage":1.0,"enemies":"Small Slimes","floor":3.0,"turns":4.0},{"damage":1.0,"enemies":"Cultist","floor":5.0,"turns":3.0},{"damage":30,"enemies":"3 Sentries","floor":6,"turns":8},{"damage":7,"enemies":"Exordium Thugs","floor":8,"turns":5},{"damage":7,"enemies":"Looter","floor":11,"turns":4},{"damage":12,"enemies":"Exordium Wildlife","floor":12,"turns":4},{"damage":12,"enemies":"2 Fungi Beasts","floor":13,"turns":5},{"damage":29,"enemies":"The Guardian","floor":16,"turns":9},{"damage":38,"enemies":"3 Byrds","floor":18,"turns":6},{"damage":17,"enemies":"Chosen","floor":19,"turns":6},{"damage":33,"enemies":"Colosseum Slavers","floor":21,"turns":6},{"damage":44,"enemies":"Centurion and Healer","floor":22,"turns":5}],"seed_played":"1052994519856302939","potions_obtained":[{"floor":1.0,"key":"Fire Potion"},{"floor":6,"key":"SkillPotion"},{"floor":11,"key":"EssenceOfSteel"},{"floor":12,"key":"Regen Potion"},{"floor":16,"key":"Dexterity Potion"}],"is_trial":false,"path_per_floor":["M","?","M","$","M","E","R","M","T","R","M","M","M","?","R","B",null,"M","M","$","?","M"],"character_chosen":"IRONCLAD","items_purchased":["Rage","Body Slam","Magnetism","ClockworkSouvenir"],"campfire_rested":0,"item_purchase_floors":[4,4,20,20],"current_hp_per_floor":[80,80,80,80,80,56,56,55,55,55,56,52,48,74,74,68,80,48,39,39,30,0],"gold":31,"neow_bonus":"THREE_CARDS","is_prod":false,"is_daily":false,"chose_seed":false,"campfire_upgraded":3,"win_rate":0.0,"timestamp":1550980110,"path_taken":["M","?","M","$","M","E","R","M","T","R","M","M","M","?","R","BOSS","M","M","$","?","M"],"build_version":"2019-01-23","purchased_purges":0,"victory":false,"max_hp_per_floor":[80,80,80,80,80,80,80,80,80,80,80,80,80,80,80,80,80,80,80,80,80,80],"card_choices":[{"not_picked":["Thunderclap","Uppercut"],"picked":"Warcry","floor":0.0},{"not_picked":["Clothesline","Headbutt"],"picked":"Sever Soul","floor":1.0},{"not_picked":["Warcry","Carnage"],"picked":"Cleave","floor":3.0},{"not_picked":["Body Slam","True Grit"],"picked":"Perfected Strike","floor":5.0},{"not_picked":["Uppercut","Pommel Strike"],"picked":"Armaments","floor":6},{"not_picked":["Armaments","True Grit"],"picked":"Juggernaut","floor":8},{"not_picked":["Anger","Intimidate"],"picked":"Battle Trance","floor":11},{"not_picked":["Cleave","Dropkick"],"picked":"Clothesline","floor":12},{"not_picked":["Burning Pact","Pummel"],"picked":"Twin Strike","floor":13},{"not_picked":["Feed","Limit Break"],"picked":"Reaper","floor":16},{"not_picked":["Perfected Strike+1","Heavy Blade"],"picked":"Ghostly Armor","floor":18},{"not_picked":["Intimidate","Body Slam"],"picked":"Flex+1","floor":19}],"player_experience":29008,"relics_obtained":[{"floor":6,"key":"MawBank"},{"floor":9,"key":"Blood Vial"}],"event_choices":[{"damage_healed":0.0,"max_hp_gain":0.0,"max_hp_loss":0.0,"gold_gain":0.0,"event_name":"Living Wall","player_choice":"Grow","floor":2.0,"gold_loss":0.0,"damage_taken":0.0,"cards_upgraded":["Warcry"]},{"damage_healed":26,"gold_gain":0,"player_choice":"Banana","damage_taken":0,"max_hp_gain":0,"max_hp_loss":0,"event_name":"Big Fish","floor":14,"gold_loss":0},{"damage_healed":0,"gold_gain":0,"player_choice":"Fight","damage_taken":0,"max_hp_gain":0,"max_hp_loss":0,"event_name":"Colosseum","floor":21,"gold_loss":0},{"damage_healed":0,"gold_gain":0,"player_choice":"Fled From Nobs","damage_taken":0,"max_hp_gain":0,"max_hp_loss":0,"event_name":"Colosseum","floor":21,"gold_loss":0}],"is_beta":false,"boss_relics":[{"not_picked":["Coffee Dripper","Runic Cube"],"picked":"Black Star"}],"items_purged_floors":[],"is_endless":false,"potions_floor_spawned":[1,6,11,12,16,21],"killed_by":"Centurion and Healer","ascension_level":0}