{"gold_per_floor":[116,136,150,100,116,116,116,146,146,179,196,196,253,273,273,375,425,445,462,73,89,89,119,119,182,252,267,267,267,285,298,298,398,398,415,125,138,238,0,13,13,37,111,121,121,41,53,80,80,80,80,80,3,36,36],"floor_reached":55,"playtime":4993,"items_purged":["Defend_B","Defend_B"],"score":719,"play_id":"ac952716-0284-43d2-8356-8cc7f3189cb7","local_time":"20190809194615","is_ascension_mode":false,"campfire_choices":[{"data":"Glacier","floor":7.0,"key":"SMITH"},{"floor":12.0,"key":"REST"},{"data":"Zap","floor":15.0,"key":"SMITH"},{"data":"Echo Form","floor":24.0,"key":"SMITH"},{"floor":28.0,"key":"REST"},{"floor":32.0,"key":"REST"},{"floor":41.0,"key":"RECALL"},{"data":"Static Discharge","floor":45.0,"key":"SMITH"},{"data":"Glacier","floor":49.0,"key":"SMITH"},{"data":"Coolheaded","floor":52,"key":"SMITH"}],"neow_cost":"NONE","seed_source_timestamp":0,"circlet_count":0,"master_deck":["Defend_B+1","Zap+1","Dualcast","Melter","Conserve Battery","Glacier+1","Ball Lightning","Consume","Beam Cell","Go for the Eyes","Gash","Go for the Eyes+1","Echo Form+1","Loop","Ball Lightning","Coolheaded+1","Gash","Bite","Bite","Bite","Bite","Bite","Auto Shields","Beam Cell","Gash","Machine Learning","Static Discharge+1","Redo+1","Glacier+1","Reinforced Body+1","Static Discharge","Hello World+1"],"special_seed":0,"relics":["Cracked Core","Boot","Shuriken","Ornamental Fan","Omamori","Tiny House","Pantograph","Pen Nib","Tiny Chest","Bottled Tornado","Enchiridion","Nuclear Battery","Lantern","Bird Faced Urn","Red Mask","Symbiotic Virus","Bag of Marbles","Kunai"],"potions_floor_usage":[54,55],"damage_taken":[{"damage":0.0,"enemies":"2 Louse","floor":1.0,"turns":3.0},{"damage":5.0,"enemies":"Small Slimes","floor":2.0,"turns":2.0},{"damage":1.0,"enemies":"Jaw Worm","floor":3.0,"turns":4.0},{"damage":1.0,"enemies":"Large Slime","floor":5.0,"turns":7.0},{"damage":18.0,"enemies":"Gremlin Nob","floor":8.0,"turns":4.0},{"damage":2.0,"enemies":"3 Sentries","floor":10.0,"turns":9.0},{"damage":3.0,"enemies":"3 Louse","floor":11.0,"turns":2.0},{"damage":0.0,"enemies":"Gremlin Nob","floor":13.0,"turns":4.0},{"damage":7.0,"enemies":"Looter","floor":14.0,"turns":3.0},{"damage":32.0,"enemies":"Hexaghost","floor":16.0,"turns":10.0},{"damage":17.0,"enemies":"2 Thieves","floor":18.0,"turns":4.0},{"damage":16.0,"enemies":"Spheric Guardian","floor":19.0,"turns":4.0},{"damage":4.0,"enemies":"Chosen and Byrds","floor":21.0,"turns":6.0},{"damage":23.0,"enemies":"Book of Stabbing","floor":23.0,"turns":6.0},{"damage":39.0,"enemies":"Slavers","floor":25.0,"turns":7.0},{"damage":12.0,"enemies":"Centurion and Healer","floor":27.0,"turns":6.0},{"damage":1.0,"enemies":"Shelled Parasite and Fungi","floor":30.0,"turns":4.0},{"damage":0.0,"enemies":"Snecko","floor":31.0,"turns":7.0},{"damage":18.0,"enemies":"Collector","floor":33.0,"turns":11.0},{"damage":0.0,"enemies":"3 Shapes","floor":35.0,"turns":4.0},{"damage":30.0,"enemies":"Orb Walker","floor":37.0,"turns":4.0},{"damage":1.0,"enemies":"Mind Bloom Boss Battle","floor":38.0,"turns":6.0},{"damage":9.0,"enemies":"Maw","floor":40.0,"turns":6.0},{"damage":3.0,"enemies":"Sphere and 2 Shapes","floor":44.0,"turns":2.0},{"damage":0.0,"enemies":"Transient","floor":47.0,"turns":5.0},{"damage":51,"enemies":"Donu and Deca","floor":50,"turns":7},{"damage":41,"enemies":"Shield and Spear","floor":54,"turns":6},{"damage":65,"enemies":"The Heart","floor":55,"turns":2}],"seed_played":"5243867260488463000","potions_obtained":[{"floor":5.0,"key":"SkillPotion"},{"floor":10.0,"key":"SpeedPotion"},{"floor":11.0,"key":"SteroidPotion"},{"floor":19.0,"key":"EssenceOfSteel"},{"floor":37.0,"key":"FocusPotion"}],"is_trial":false,"path_per_floor":["M","M","M","?","M","?","R","E","T","E","M","R","?","M","R","B",null,"M","M","$","M","?","E","R","E","T","M","R","?","M","M","R","B",null,"M","$","M","?","?","M","R","T","T","M","R","$","M","T","R","B",null,"R","$","E","B"],"character_chosen":"DEFECT","items_purchased":["Pantograph","Coolheaded","Lantern","Static Discharge","Glacier","Static Discharge"],"campfire_rested":3,"item_purchase_floors":[20,20,36,36,46,53],"current_hp_per_floor":[75,70,69,69,68,53,53,35,35,33,30,52,52,45,45,13,80,63,47,47,43,43,32,32,5,5,5,21,5,12,22,38,56,56,56,56,30,56,56,56,56,56,56,56,56,56,56,56,56,15,56,56,56,29,0],"gold":36,"neow_bonus":"REMOVE_CARD","is_prod":false,"is_daily":false,"chose_seed":false,"campfire_upgraded":6,"win_rate":0,"timestamp":1565372775,"path_taken":["M","M","M","?","M","?","R","E","T","E","M","R","?","M","R","BOSS","M","M","$","M","?","E","R","E","T","M","R","?","M","M","R","BOSS","M","$","M","?","?","M","R","?","T","M","R","$","M","?","R","BOSS","R","$","E","BOSS"],"build_version":"2019-07-17","purchased_purges":2,"victory":false,"max_hp_per_floor":[75,75,75,75,75,75,75,75,75,75,75,75,75,75,75,75,80,80,80,80,80,56,56,56,56,56,56,56,56,56,56,56,56,56,56,56,56,56,56,56,56,56,56,56,56,56,56,56,56,56,56,56,56,56,56],"card_choices":[{"not_picked":["Conserve Battery","Steam"],"picked":"Melter","floor":1.0},{"not_picked":["Double Energy","Stack"],"picked":"Conserve Battery","floor":2.0},{"not_picked":["Sweeping Beam","Compile Driver"],"picked":"Glacier","floor":3.0},{"not_picked":["Leap","Stack"],"picked":"Ball Lightning","floor":5.0},{"not_picked":["Coolheaded","Darkness"],"picked":"Consume","floor":8.0},{"not_picked":["Stack","Rebound"],"picked":"Beam Cell","floor":10.0},{"not_picked":["Stack","Conserve Battery"],"picked":"Go for the Eyes","floor":11.0},{"not_picked":["Hyperbeam","Go for the Eyes"],"picked":"Gash","floor":13.0},{"not_picked":["Darkness","Rebound"],"picked":"Go for the Eyes","floor":14.0},{"not_picked":["Biased Cognition","Machine Learning"],"picked":"Echo Form","floor":16.0},{"not_picked":["Stack","Ball Lightning"],"picked":"Loop","floor":17.0},{"not_picked":["Force Field+1","Tempest"],"picked":"Ball Lightning","floor":18.0},{"not_picked":["Turbo","Conserve Battery","Blizzard"],"picked":"SKIP","floor":19.0},{"not_picked":["Chaos","Streamline"],"picked":"Gash","floor":21.0},{"not_picked":["Echo Form","Skim"],"picked":"Auto Shields","floor":23.0},{"not_picked":["Turbo+1","Steam Power","Darkness"],"picked":"SKIP","floor":25.0},{"not_picked":["Rip and Tear","Hologram","Lockon"],"picked":"SKIP","floor":27.0},{"not_picked":["Sweeping Beam","Compile Driver"],"picked":"Beam Cell","floor":30.0},{"not_picked":["Beam Cell+1","Barrage"],"picked":"Gash","floor":31.0},{"not_picked":["Multi-Cast","Meteor Strike"],"picked":"Machine Learning","floor":33.0},{"not_picked":["Leap+1","Ball Lightning+1","Streamline+1"],"picked":"SKIP","floor":35.0},{"not_picked":["Barrage","Coolheaded"],"picked":"Redo+1","floor":37.0},{"not_picked":["Ball Lightning","Skim","Turbo+1"],"picked":"SKIP","floor":40.0},{"not_picked":["Double Energy+1","Rebound","Leap"],"picked":"SKIP","floor":44.0},{"not_picked":["Compile Driver","Melter"],"picked":"Reinforced Body+1","floor":47.0},{"not_picked":["Cold Snap","Sweeping Beam"],"picked":"Hello World+1","floor":54}],"player_experience":207684,"relics_obtained":[{"floor":8.0,"key":"Boot"},{"floor":9.0,"key":"Shuriken"},{"floor":10.0,"key":"Ornamental Fan"},{"floor":23.0,"key":"Pen Nib"},{"floor":25.0,"key":"Tiny Chest"},{"floor":26.0,"key":"Bottled Tornado"},{"floor":29.0,"key":"Enchiridion"},{"floor":38.0,"key":"Bird Faced Urn"},{"floor":43.0,"key":"Symbiotic Virus"},{"floor":48.0,"key":"Bag of Marbles"},{"floor":54,"key":"Kunai"}],"event_choices":[{"cards_removed":["Defend_B"],"damage_healed":0.0,"max_hp_gain":0.0,"max_hp_loss":0.0,"gold_gain":0.0,"event_name":"The Cleric","player_choice":"Card Removal","floor":4.0,"gold_loss":50.0,"damage_taken":0.0},{"damage_healed":0.0,"max_hp_gain":0.0,"max_hp_loss":0.0,"gold_gain":0.0,"event_name":"Shining Light","player_choice":"Entered Light","floor":6.0,"gold_loss":0.0,"damage_taken":15.0,"cards_upgraded":["Defend_B","Strike_B"]},{"damage_healed":0.0,"max_hp_gain":0.0,"max_hp_loss":0.0,"gold_gain":30.0,"event_name":"Dead Adventurer","player_choice":"Searched \u00273\u0027 times","floor":13.0,"gold_loss":0.0,"damage_taken":0.0,"relics_obtained":["Omamori"]},{"damage_healed":0.0,"max_hp_gain":0.0,"max_hp_loss":24.0,"gold_gain":0.0,"event_name":"Vampires","player_choice":"Became a vampire","floor":22.0,"gold_loss":0.0,"damage_taken":0.0,"cards_obtained":["Bite","Bite","Bite","Bite","Bite"]},{"damage_healed":0.0,"max_hp_gain":0.0,"max_hp_loss":0.0,"gold_gain":0.0,"event_name":"Cursed Tome","player_choice":"Obtained Book","floor":29.0,"gold_loss":0.0,"damage_taken":16.0},{"damage_healed":0.0,"max_hp_gain":0.0,"max_hp_loss":0.0,"gold_gain":0.0,"event_name":"MindBloom","player_choice":"Fight","floor":38.0,"gold_loss":0.0,"damage_taken":0.0},{"damage_healed":0.0,"max_hp_gain":0.0,"max_hp_loss":0.0,"gold_gain":0.0,"event_name":"Tomb of Lord Red Mask","player_choice":"Paid","floor":39.0,"gold_loss":238.0,"damage_taken":0.0,"relics_obtained":["Red Mask"]}],"is_beta":false,"boss_relics":[{"not_picked":["Lizard Tail","White Beast Statue"],"picked":"Tiny House"},{"not_picked":["Fusion Hammer","Astrolabe"],"picked":"Nuclear Battery"}],"items_purged_floors":[20,36],"is_endless":false,"potions_floor_spawned":[5,10,11,18,19,23,31,33,37,40],"killed_by":"The Heart","ascension_level":0}