{"gold_per_floor":[118,43,58,72,91,91,124,124,150,150],"floor_reached":10,"playtime":555,"items_purged":["Strike_G"],"score":68,"play_id":"84ba5924-2ac6-4699-a72f-c41eea8754dc","local_time":"20181227015140","is_ascension_mode":false,"campfire_choices":[{"floor":6,"key":"RECALL"}],"neow_cost":"NONE","seed_source_timestamp":2212957978616579,"circlet_count":0,"master_deck":["Defend_G","Defend_G","Defend_G","Defend_G","Defend_G","Strike_G","Strike_G","Strike_G","Survivor","Neutralize","Outmaneuver+1","Bouncing Flask+1","Acrobatics","Slice","Wraith Form v2"],"relics":["Ring of the Snake","War Paint"],"potions_floor_usage":[5],"damage_taken":[{"damage":5,"enemies":"Small Slimes","floor":1,"turns":4},{"damage":3,"enemies":"Jaw Worm","floor":3,"turns":6},{"damage":0,"enemies":"2 Louse","floor":4,"turns":4},{"damage":5,"enemies":"2 Fungi Beasts","floor":5,"turns":3},{"damage":46,"enemies":"3 Sentries","floor":7,"turns":12},{"damage":13,"enemies":"The Mushroom Lair","floor":10,"turns":4}],"seed_played":"-4619263389174342164","potions_obtained":[{"floor":1,"key":"SpeedPotion"},{"floor":3,"key":"Poison Potion"}],"is_trial":false,"path_per_floor":["M","$","M","M","M","R","E","?","T","?"],"character_chosen":"THE_SILENT","items_purchased":[],"campfire_rested":0,"item_purchase_floors":[],"current_hp_per_floor":[72,72,69,69,64,64,18,11,11,0],"gold":150,"neow_bonus":"TEN_PERCENT_HP_BONUS","is_prod":false,"is_daily":false,"chose_seed":false,"campfire_upgraded":0,"win_rate":0,"timestamp":1545835900,"path_taken":["M","$","M","M","M","R","E","?","T","?"],"build_version":"2018-12-20","purchased_purges":1,"victory":false,"max_hp_per_floor":[77,77,77,77,77,77,77,77,77,77],"card_choices":[{"not_picked":["Masterful Stab","Underhanded Strike"],"picked":"Outmaneuver","floor":1},{"not_picked":["Sucker Punch","Masterful Stab"],"picked":"Bouncing Flask","floor":3},{"not_picked":["Slice","Expertise"],"picked":"Acrobatics","floor":4},{"not_picked":["Flechettes","Outmaneuver"],"picked":"Slice","floor":5},{"not_picked":["Flechettes","Glass Knife"],"picked":"Wraith Form v2","floor":7}],"player_experience":329296,"relics_obtained":[{"floor":7,"key":"War Paint"}],"event_choices":[{"cards_removed":["Strike_G"],"damage_healed":0,"gold_gain":0,"player_choice":"Card Removal","damage_taken":7,"max_hp_gain":0,"max_hp_loss":0,"event_name":"Golden Wing","floor":8,"gold_loss":0},{"damage_healed":0,"gold_gain":0,"player_choice":"Fought Mushrooms","damage_taken":0,"max_hp_gain":0,"max_hp_loss":0,"event_name":"Mushrooms","floor":10,"gold_loss":0}],"is_beta":false,"boss_relics":[],"items_purged_floors":[2],"is_endless":false,"potions_floor_spawned":[1,3],"killed_by":"The Mushroom Lair","ascension_level":0}