{"gold_per_floor":[14,27,27,27,52,52,72,72,123,141,141,141,160,160],"floor_reached":14,"playtime":379,"items_purged":[],"score":164,"play_id":"9c9db3d7-1658-47d8-93ea-4a370bc3ec94","local_time":"20190709161859","is_ascension_mode":true,"campfire_choices":[{"data":"Caltrops","floor":6.0,"key":"SMITH"},{"data":"Crippling Poison","floor":12,"key":"SMITH"}],"neow_cost":"NO_GOLD","seed_source_timestamp":87542132052007,"circlet_count":0,"master_deck":["AscendersBane","Strike_G","Strike_G","Strike_G","Strike_G","Strike_G","Defend_G","Defend_G","Defend_G","Defend_G","Defend_G","Survivor","Neutralize","Caltrops+1","Pain","Acrobatics","Crippling Poison+1","Well Laid Plans"],"special_seed":0,"relics":["Ring of the Snake","Mango","Golden Idol","WarpedTongs","PreservedInsect","Pen Nib"],"potions_floor_usage":[],"damage_taken":[{"damage":1.0,"enemies":"Jaw Worm","floor":1.0,"turns":5.0},{"damage":1.0,"enemies":"Small Slimes","floor":2.0,"turns":5.0},{"damage":3.0,"enemies":"Cultist","floor":5.0,"turns":4.0},{"damage":5.0,"enemies":"2 Fungi Beasts","floor":7.0,"turns":5.0},{"damage":1.0,"enemies":"Lots of Slimes","floor":10.0,"turns":2.0},{"damage":17,"enemies":"Large Slime","floor":13,"turns":8},{"damage":9,"enemies":"Gremlin Nob","floor":14,"turns":3}],"seed_played":"-1149912636204535312","potions_obtained":[{"floor":1.0,"key":"GamblersBrew"},{"floor":2.0,"key":"Explosive Potion"}],"is_trial":false,"path_per_floor":["M","M","?","?","M","R","M","?","T","M","?","R","M","E"],"character_chosen":"THE_SILENT","items_purchased":[],"campfire_rested":0,"item_purchase_floors":[],"current_hp_per_floor":[72,71,43,43,40,40,35,35,35,34,34,34,17,8],"gold":160,"neow_bonus":"ONE_RARE_RELIC","is_prod":false,"is_daily":false,"chose_seed":false,"campfire_upgraded":2,"win_rate":0,"timestamp":1562660339,"path_taken":["M","M","?","?","?","R","M","?","T","?","?","R","M","E"],"build_version":"2019-07-05","purchased_purges":0,"victory":false,"max_hp_per_floor":[80,80,80,80,80,80,80,80,80,80,80,80,80,80],"card_choices":[{"not_picked":["Finisher","Accuracy","Dagger Spray"],"picked":"SKIP","floor":1.0},{"not_picked":["Quick Slash","Dodge and Roll"],"picked":"Caltrops","floor":2.0},{"not_picked":["Eviscerate","Flechettes"],"picked":"Acrobatics","floor":5.0},{"not_picked":["Reflex","Backflip"],"picked":"Crippling Poison","floor":7.0},{"not_picked":["Acrobatics","Quick Slash","Envenom"],"picked":"SKIP","floor":10.0},{"not_picked":["Slice","Cloak And Dagger"],"picked":"Well Laid Plans","floor":13}],"player_experience":1077233,"relics_obtained":[{"floor":9.0,"key":"Pen Nib"}],"event_choices":[{"damage_healed":0.0,"max_hp_gain":0.0,"max_hp_loss":0.0,"gold_gain":0.0,"event_name":"Golden Idol","player_choice":"Take Damage","floor":3.0,"gold_loss":0.0,"damage_taken":28.0,"relics_obtained":["Golden Idol"]},{"damage_healed":0.0,"max_hp_gain":0.0,"max_hp_loss":0.0,"gold_gain":0.0,"event_name":"Accursed Blacksmith","player_choice":"Rummage","floor":4.0,"gold_loss":0.0,"damage_taken":0.0,"relics_obtained":["WarpedTongs"],"cards_obtained":["Pain"]},{"damage_healed":0.0,"max_hp_gain":0.0,"max_hp_loss":0.0,"gold_gain":0.0,"event_name":"WeMeetAgain","player_choice":"Gave Potion","floor":8.0,"gold_loss":0.0,"damage_taken":0.0,"relics_obtained":["PreservedInsect"]},{"damage_healed":0,"gold_gain":0,"player_choice":"Fled","damage_taken":0,"max_hp_gain":0,"max_hp_loss":0,"event_name":"Scrap Ooze","floor":11,"gold_loss":0}],"is_beta":false,"boss_relics":[],"items_purged_floors":[],"is_endless":false,"potions_floor_spawned":[1,2],"killed_by":"Gremlin Nob","ascension_level":20}