{"gold_per_floor":[365,262,277,277,277,277,307,332,383,453,403,379,379,393,393,393],"floor_reached":16,"playtime":708,"items_purged":["Pain"],"score":182,"play_id":"f2b4c65a-720a-4e0a-a91d-46fc260c9fd6","local_time":"20190312144316","is_ascension_mode":true,"campfire_choices":[{"data":"True Grit","floor":6,"key":"SMITH"},{"data":"True Grit","floor":13,"key":"SMITH"},{"floor":15,"key":"REST"}],"neow_cost":"CURSE","seed_source_timestamp":232824692877791,"circlet_count":0,"master_deck":["AscendersBane","Strike_R","Strike_R","Strike_R","Strike_R","Defend_R","Defend_R","Defend_R","Defend_R","Bash","True Grit+1","Clothesline","Feel No Pain","Double Tap","Anger","True Grit+1","Shrug It Off","True Grit"],"relics":["Burning Blood","Tiny Chest","Calipers","Happy Flower","Frozen Egg 2"],"potions_floor_usage":[16],"damage_taken":[{"damage":10,"enemies":"Small Slimes","floor":1,"turns":4},{"damage":3,"enemies":"2 Louse","floor":3,"turns":3},{"damage":48,"enemies":"Gremlin Nob","floor":8,"turns":6},{"damage":0,"enemies":"Cultist","floor":14,"turns":4},{"damage":56,"enemies":"Slime Boss","floor":16,"turns":11}],"seed_played":"-6794023555906868007","potions_obtained":[{"floor":3,"key":"Ancient Potion"},{"floor":14,"key":"Swift Potion"}],"is_trial":false,"path_per_floor":["M","$","M","?","?","R","?","E","T","T","$","$","R","M","R","B"],"character_chosen":"IRONCLAD","items_purchased":["Clothesline","True Grit","Shrug It Off"],"campfire_rested":1,"item_purchase_floors":[2,11,12],"current_hp_per_floor":[64,64,67,67,67,67,62,20,20,20,20,20,20,26,48,0],"gold":393,"neow_bonus":"TWO_FIFTY_GOLD","is_prod":false,"is_daily":false,"chose_seed":false,"campfire_upgraded":2,"win_rate":0,"timestamp":1552362196,"path_taken":["M","$","M","?","?","R","?","E","T","?","?","$","R","?","R","BOSS"],"build_version":"2019-01-23","purchased_purges":1,"victory":false,"max_hp_per_floor":[75,75,75,75,75,75,75,75,75,75,75,75,75,75,75,75],"card_choices":[{"not_picked":["Warcry","Fire Breathing"],"picked":"True Grit","floor":1},{"not_picked":["Power Through","Warcry"],"picked":"Feel No Pain","floor":3},{"not_picked":["Headbutt","Intimidate"],"picked":"Anger","floor":8},{"not_picked":["Flex","Sword Boomerang"],"picked":"True Grit","floor":14}],"player_experience":831789,"relics_obtained":[{"floor":8,"key":"Calipers"},{"floor":9,"key":"Happy Flower"},{"floor":10,"key":"Frozen Egg 2"}],"event_choices":[{"damage_healed":0,"gold_gain":0,"cards_transformed":["Strike_R"],"player_choice":"Change","damage_taken":0,"max_hp_gain":0,"max_hp_loss":0,"event_name":"Living Wall","floor":4,"gold_loss":0,"cards_obtained":["Double Tap"]},{"damage_healed":0,"gold_gain":0,"player_choice":"Ignored","damage_taken":0,"max_hp_gain":0,"max_hp_loss":0,"event_name":"Shining Light","floor":5,"gold_loss":0},{"damage_healed":0,"gold_gain":0,"player_choice":"Success","damage_taken":5,"relics_obtained":["Tiny Chest"],"max_hp_gain":0,"max_hp_loss":0,"event_name":"Scrap Ooze","floor":7,"gold_loss":0}],"is_beta":false,"boss_relics":[],"items_purged_floors":[2],"is_endless":false,"potions_floor_spawned":[3,14],"killed_by":"Slime Boss","ascension_level":18}