{"gold_per_floor":[117,117,132,146,158,158,190,202,214,226,10,25,25,38,38,138,138,157,169,186,101,101],"floor_reached":22,"playtime":1218,"items_purged":["Strike_B"],"score":263,"play_id":"91358ae4-d405-4103-8d80-bade953397f0","local_time":"20190524074345","is_ascension_mode":true,"campfire_choices":[{"data":"Barrage","floor":6.0,"key":"SMITH"},{"data":"Echo Form","floor":8.0,"key":"SMITH"},{"data":"Loop","floor":13.0,"key":"SMITH"},{"floor":15.0,"key":"REST"}],"neow_cost":"TEN_PERCENT_HP_LOSS","seed_source_timestamp":0,"circlet_count":0,"master_deck":["Defend_B","Defend_B","Defend_B","Defend_B","Zap","Dualcast","Hello World","Storm","Go for the Eyes","Glacier","Barrage+1","Loop+1","Echo Form+1","Coolheaded","Defragment","Reboot"],"special_seed":0,"relics":["Cracked Core","MawBank","Gremlin Horn","Vajra","Inserter","Girya"],"potions_floor_usage":[22],"damage_taken":[{"damage":1.0,"enemies":"Cultist","floor":1.0,"turns":4.0},{"damage":2.0,"enemies":"2 Louse","floor":3.0,"turns":4.0},{"damage":0.0,"enemies":"Jaw Worm","floor":4.0,"turns":8.0},{"damage":1.0,"enemies":"Blue Slaver","floor":5.0,"turns":6.0},{"damage":16.0,"enemies":"Lagavulin","floor":7.0,"turns":7.0},{"damage":15.0,"enemies":"Lots of Slimes","floor":12.0,"turns":5.0},{"damage":20.0,"enemies":"Exordium Thugs","floor":14.0,"turns":4.0},{"damage":4.0,"enemies":"Hexaghost","floor":16.0,"turns":9.0},{"damage":11.0,"enemies":"Chosen","floor":18.0,"turns":5.0},{"damage":10.0,"enemies":"Spheric Guardian","floor":19.0,"turns":5.0},{"damage":21,"enemies":"Centurion and Healer","floor":20,"turns":9},{"damage":17,"enemies":"Colosseum Slavers","floor":22,"turns":3}],"seed_played":"7941041826600296687","potions_obtained":[{"floor":3.0,"key":"PowerPotion"},{"floor":4.0,"key":"SneckoOil"},{"floor":7.0,"key":"Dexterity Potion"},{"floor":16.0,"key":"Fire Potion"},{"floor":20,"key":"Strength Potion"}],"is_trial":false,"path_per_floor":["M","?","M","M","M","R","E","R","T","?","$","M","R","M","R","B",null,"M","M","M","?","?"],"character_chosen":"DEFECT","items_purchased":["Vajra"],"campfire_rested":1,"item_purchase_floors":[11],"current_hp_per_floor":[67,67,65,65,64,64,48,48,48,48,48,33,33,13,33,29,58,47,37,16,16,0],"gold":101,"neow_bonus":"TRANSFORM_TWO_CARDS","is_prod":false,"is_daily":false,"chose_seed":false,"campfire_upgraded":3,"win_rate":0,"timestamp":1558698225,"path_taken":["M","?","M","M","M","R","E","R","T","?","$","M","R","M","R","BOSS","M","M","M","?","?"],"build_version":"2019-01-23","purchased_purges":1,"victory":false,"max_hp_per_floor":[68,68,68,68,68,68,68,68,68,68,68,68,68,68,68,68,68,68,68,68,68,68],"card_choices":[{"not_picked":["Sweeping Beam","Auto Shields"],"picked":"Go for the Eyes","floor":1.0},{"not_picked":["Darkness","Coolheaded"],"picked":"Glacier","floor":3.0},{"not_picked":["Go for the Eyes","FTL"],"picked":"Barrage","floor":4.0},{"not_picked":["Conserve Battery","Beam Cell"],"picked":"Loop","floor":5.0},{"not_picked":["Compile Driver","Gash"],"picked":"Echo Form","floor":7.0},{"not_picked":["All For One","Hello World"],"picked":"Coolheaded","floor":12.0},{"not_picked":["Tempest","Sunder"],"picked":"Defragment","floor":14.0},{"not_picked":["Multi-Cast","Core Surge"],"picked":"Reboot","floor":16.0},{"not_picked":["Leap+1","Rebound","Beam Cell+1"],"picked":"SKIP","floor":18.0},{"not_picked":["Turbo+1","Stack","Auto Shields"],"picked":"SKIP","floor":19.0},{"not_picked":["Sunder","Cold Snap+1","Compile Driver"],"picked":"SKIP","floor":20}],"player_experience":490404,"relics_obtained":[{"floor":7.0,"key":"MawBank"},{"floor":9.0,"key":"Gremlin Horn"}],"event_choices":[{"cards_removed":["Strike_B"],"damage_healed":0.0,"max_hp_gain":0.0,"max_hp_loss":0.0,"gold_gain":0.0,"event_name":"Living Wall","player_choice":"Forget","floor":2.0,"gold_loss":0.0,"damage_taken":0.0},{"damage_healed":0.0,"max_hp_gain":0.0,"max_hp_loss":0.0,"gold_gain":0.0,"event_name":"The Woman in Blue","player_choice":"Bought 0 Potions","floor":10.0,"gold_loss":0.0,"damage_taken":0.0},{"damage_healed":0,"gold_gain":0,"player_choice":"Obtained Relic","damage_taken":0,"relics_obtained":["Girya"],"max_hp_gain":0,"max_hp_loss":0,"event_name":"Addict","floor":21,"gold_loss":85},{"damage_healed":0,"gold_gain":0,"player_choice":"Fight","damage_taken":0,"max_hp_gain":0,"max_hp_loss":0,"event_name":"Colosseum","floor":22,"gold_loss":0}],"is_beta":false,"boss_relics":[{"not_picked":["Tiny House","Calling Bell"],"picked":"Inserter"}],"items_purged_floors":[11],"is_endless":false,"potions_floor_spawned":[3,4,7,16,20],"killed_by":"Colosseum Slavers","ascension_level":8}