{"gold_per_floor":[112,112,132,151,163,193,193,193,193,193,49,64,64,90,90,190,190,208,227,227,245,256,283,283,58,140,140,157,457,457,475,475,475],"floor_reached":33,"playtime":1643,"items_purged":["Strike_R+1"],"score":416,"play_id":"352f2eff-f94c-489a-a804-bec474340fd8","local_time":"20190423224709","is_ascension_mode":true,"campfire_choices":[{"data":"Bludgeon","floor":7,"key":"SMITH"},{"data":"Metallicize","floor":10,"key":"SMITH"},{"data":"Rampage","floor":13,"key":"SMITH"},{"data":"Disarm","floor":15,"key":"SMITH"},{"floor":24,"key":"REST"},{"data":"Pommel Strike","floor":27,"key":"SMITH"},{"data":"Limit Break","floor":30,"key":"SMITH"},{"data":"Clothesline","floor":32,"key":"SMITH"}],"neow_cost":"NONE","seed_source_timestamp":466267030581461,"circlet_count":0,"master_deck":["AscendersBane","Strike_R+1","Defend_R","Defend_R","Defend_R","Bash","Clothesline+1","Metallicize+1","Bludgeon+1","Pommel Strike+1","Rampage+1","Disarm+1","Demon Form+1","Seeing Red+1","Armaments+1","Clothesline+1","Shrug It Off+1","Limit Break+1","Shockwave","True Grit+1","Dual Wield+1"],"relics":["Burning Blood","NeowsBlessing","Frozen Egg 2","Singing Bowl","Meat on the Bone","Whetstone","Boot","Astrolabe","Centennial Puzzle","Art of War","Bottled Lightning","Old Coin"],"potions_floor_usage":[19,21,22,22,33],"damage_taken":[{"damage":0,"enemies":"Jaw Worm","floor":1,"turns":1},{"damage":0,"enemies":"Cultist","floor":3,"turns":1},{"damage":0,"enemies":"2 Louse","floor":4,"turns":1},{"damage":15,"enemies":"Red Slaver","floor":5,"turns":5},{"damage":18,"enemies":"Gremlin Nob","floor":6,"turns":5},{"damage":22,"enemies":"Large Slime","floor":12,"turns":8},{"damage":24,"enemies":"3 Sentries","floor":14,"turns":9},{"damage":47,"enemies":"The Guardian","floor":16,"turns":16},{"damage":36,"enemies":"3 Byrds","floor":18,"turns":7},{"damage":10,"enemies":"Shell Parasite","floor":19,"turns":9},{"damage":12,"enemies":"Snake Plant","floor":21,"turns":4},{"damage":13,"enemies":"Snecko","floor":22,"turns":6},{"damage":55,"enemies":"Slavers","floor":23,"turns":13},{"damage":5,"enemies":"Centurion and Healer","floor":28,"turns":6},{"damage":11,"enemies":"Snake Plant","floor":31,"turns":7},{"damage":64,"enemies":"Collector","floor":33,"turns":7}],"seed_played":"5552314558383473011","potions_obtained":[{"floor":6,"key":"Dexterity Potion"},{"floor":16,"key":"Swift Potion"},{"floor":18,"key":"EssenceOfSteel"},{"floor":19,"key":"EssenceOfSteel"},{"floor":23,"key":"Poison Potion"},{"floor":28,"key":"BloodPotion"}],"is_trial":false,"path_per_floor":["M","?","M","M","M","E","R","T","T","R","$","M","R","E","R","B",null,"M","M","?","M","M","E","R","$","T","R","M","?","R","M","R","B"],"character_chosen":"IRONCLAD","items_purchased":["Whetstone","Art of War"],"campfire_rested":1,"item_purchase_floors":[11,25],"current_hp_per_floor":[78,78,80,80,71,59,59,59,59,59,59,55,55,49,49,20,65,49,57,57,51,56,21,46,46,46,46,59,59,59,56,56,0],"gold":475,"neow_bonus":"THREE_ENEMY_KILL","is_prod":false,"is_daily":false,"chose_seed":false,"campfire_upgraded":7,"win_rate":0,"timestamp":1556074029,"path_taken":["M","?","M","?","?","E","R","?","T","R","?","M","R","E","R","BOSS","M","M","?","?","M","E","R","$","T","R","M","?","R","?","R","BOSS"],"build_version":"2019-01-23","purchased_purges":1,"victory":false,"max_hp_per_floor":[80,80,80,80,80,80,80,80,80,80,80,80,80,80,80,80,80,82,82,82,82,82,84,84,84,84,84,84,84,84,86,86,86],"card_choices":[{"not_picked":["Clash","Headbutt"],"picked":"Clothesline","floor":1},{"not_picked":["Wild Strike","Sword Boomerang"],"picked":"Metallicize","floor":3},{"not_picked":["Entrench","Clothesline"],"picked":"Bludgeon","floor":4},{"not_picked":["Perfected Strike","Iron Wave"],"picked":"Pommel Strike","floor":5},{"not_picked":["Clothesline","Brutality","Dark Embrace"],"picked":"SKIP","floor":6},{"not_picked":["Clothesline","Havoc"],"picked":"Rampage","floor":12},{"not_picked":["Burning Pact","Twin Strike"],"picked":"Disarm","floor":14},{"not_picked":["Feed","Brutality+1"],"picked":"Demon Form+1","floor":16},{"not_picked":["Reckless Charge","Perfected Strike","Dropkick+1"],"picked":"Singing Bowl","floor":18},{"not_picked":["Pommel Strike","Hemokinesis"],"picked":"Shrug It Off+1","floor":19},{"not_picked":["Blood for Blood","Rampage"],"picked":"Shockwave","floor":21},{"not_picked":["Clothesline","Feel No Pain+1"],"picked":"True Grit+1","floor":22},{"not_picked":["Clash","Sentinel","Blood for Blood"],"picked":"Singing Bowl","floor":23},{"not_picked":["Infernal Blade","Carnage+1"],"picked":"Dual Wield+1","floor":28},{"not_picked":["Feel No Pain+1","Burning Pact","Anger"],"picked":"Singing Bowl","floor":31}],"player_experience":283725,"relics_obtained":[{"floor":6,"key":"Frozen Egg 2"},{"floor":8,"key":"Singing Bowl"},{"floor":9,"key":"Meat on the Bone"},{"floor":14,"key":"Boot"},{"floor":23,"key":"Centennial Puzzle"},{"floor":26,"key":"Bottled Lightning"}],"event_choices":[{"damage_healed":0,"gold_gain":0,"cards_transformed":["Strike_R"],"player_choice":"Transformed","damage_taken":0,"max_hp_gain":0,"max_hp_loss":0,"event_name":"Transmorgrifier","floor":2,"gold_loss":0,"cards_obtained":["Dark Embrace"]},{"damage_healed":0,"gold_gain":0,"cards_transformed":["Defend_R"],"player_choice":"Transformed","damage_taken":0,"max_hp_gain":0,"max_hp_loss":0,"event_name":"Transmorgrifier","floor":20,"gold_loss":0,"cards_obtained":["Limit Break"]},{"damage_healed":0,"gold_gain":0,"player_choice":"Gave Potion","damage_taken":0,"relics_obtained":["Old Coin"],"max_hp_gain":0,"max_hp_loss":0,"event_name":"WeMeetAgain","floor":29,"gold_loss":0}],"is_beta":false,"boss_relics":[{"not_picked":["Tiny House","Black Star"],"picked":"Astrolabe"}],"items_purged_floors":[25],"is_endless":false,"potions_floor_spawned":[6,16,18,19,23,28],"killed_by":"Collector","ascension_level":10}