{"gold_per_floor":[11,11,27,44,63,63,88,88,88,122,122,140,151,184,184,261,261,277,293,243,243],"floor_reached":21,"playtime":745,"items_purged":[],"score":342,"play_id":"38e56d95-6ef6-4d65-a450-f650b3786b40","local_time":"20190428185858","is_ascension_mode":true,"campfire_choices":[{"data":"Uppercut","floor":6,"key":"SMITH"},{"data":"Pommel Strike","floor":8,"key":"SMITH"},{"floor":11,"key":"REST"},{"floor":15,"key":"REST"}],"neow_cost":"NO_GOLD","seed_source_timestamp":640255328922107,"circlet_count":0,"master_deck":["AscendersBane","Strike_R","Strike_R","Strike_R","Strike_R","Strike_R","Defend_R","Defend_R","Defend_R","Defend_R","Bash","Uppercut+1","True Grit","Pommel Strike+1","Inflame","Havoc","Seeing Red","Disarm","Immolate","Clothesline"],"relics":["Burning Blood","Nunchaku","Strawberry","Bottled Lightning","StoneCalendar","Peace Pipe","Busted Crown"],"potions_floor_usage":[7,14,14,16],"damage_taken":[{"damage":6,"enemies":"Cultist","floor":1,"turns":3},{"damage":6,"enemies":"2 Louse","floor":3,"turns":3},{"damage":4,"enemies":"Small Slimes","floor":4,"turns":4},{"damage":19,"enemies":"Exordium Wildlife","floor":5,"turns":6},{"damage":42,"enemies":"Lagavulin","floor":7,"turns":6},{"damage":24,"enemies":"Gremlin Nob","floor":10,"turns":4},{"damage":24,"enemies":"Exordium Thugs","floor":12,"turns":4},{"damage":10,"enemies":"3 Louse","floor":13,"turns":3},{"damage":3,"enemies":"Lagavulin","floor":14,"turns":7},{"damage":13,"enemies":"Hexaghost","floor":16,"turns":9},{"damage":17,"enemies":"Shell Parasite","floor":18,"turns":7},{"damage":30,"enemies":"2 Thieves","floor":19,"turns":3},{"damage":40,"enemies":"Sentry and Sphere","floor":21,"turns":5}],"seed_played":"8178345031861208826","potions_obtained":[{"floor":1,"key":"Swift Potion"},{"floor":4,"key":"SpeedPotion"},{"floor":13,"key":"Block Potion"},{"floor":14,"key":"FearPotion"}],"is_trial":false,"path_per_floor":["M","$","M","M","M","R","E","R","T","E","R","M","M","E","R","B",null,"M","M","?","M"],"character_chosen":"IRONCLAD","items_purchased":[],"campfire_rested":2,"item_purchase_floors":[],"current_hp_per_floor":[68,68,68,70,57,57,28,28,28,10,34,16,12,15,39,32,70,59,35,35,0],"gold":243,"neow_bonus":"ONE_RARE_RELIC","is_prod":false,"is_daily":false,"chose_seed":false,"campfire_upgraded":2,"win_rate":0,"timestamp":1556492338,"path_taken":["M","?","?","M","M","R","E","R","T","E","R","M","M","E","R","BOSS","M","M","?","M"],"build_version":"2019-01-23","purchased_purges":0,"victory":false,"max_hp_per_floor":[75,75,75,75,75,75,82,82,82,82,82,82,82,82,82,82,82,82,82,82,82],"card_choices":[{"not_picked":["Disarm","Havoc"],"picked":"Uppercut","floor":1},{"not_picked":["Wild Strike","Heavy Blade","Thunderclap"],"picked":"SKIP","floor":3},{"not_picked":["Iron Wave","Wild Strike","Second Wind"],"picked":"SKIP","floor":4},{"not_picked":["Perfected Strike","Havoc"],"picked":"True Grit","floor":5},{"not_picked":["Twin Strike","Infernal Blade"],"picked":"Pommel Strike","floor":7},{"not_picked":["Body Slam","Wild Strike"],"picked":"Inflame","floor":10},{"not_picked":["Sword Boomerang","Dark Embrace"],"picked":"Havoc","floor":12},{"not_picked":["Anger","Blood for Blood"],"picked":"Seeing Red","floor":13},{"not_picked":["Perfected Strike","Sever Soul"],"picked":"Disarm","floor":14},{"not_picked":["Barricade","Juggernaut"],"picked":"Immolate","floor":16},{"not_picked":[],"picked":"Clothesline","floor":18},{"not_picked":["Havoc+1"],"picked":"SKIP","floor":19}],"player_experience":337397,"relics_obtained":[{"floor":7,"key":"Strawberry"},{"floor":9,"key":"Bottled Lightning"},{"floor":10,"key":"StoneCalendar"},{"floor":14,"key":"Peace Pipe"}],"event_choices":[{"damage_healed":0,"gold_gain":0,"player_choice":"Bet on Owner","damage_taken":0,"max_hp_gain":0,"max_hp_loss":0,"event_name":"The Joust","floor":20,"gold_loss":50}],"is_beta":false,"boss_relics":[{"not_picked":["Calling Bell","Astrolabe"],"picked":"Busted Crown"}],"items_purged_floors":[],"is_endless":false,"potions_floor_spawned":[1,4,5,13,14],"killed_by":"Sentry and Sphere","ascension_level":14}