{"gold_per_floor":[117,217,233,243,243,287,287,287,287,178,198,198,221,255,255,376,376,392,491,509,64,64,64,83,183,207,82,82,95,95,111,111,209,209,224,244,244,259,275,275,306,306,306,335,335,346,346,124,124,124],"floor_reached":51,"playtime":2885,"items_purged":["Strike_G","Strike_G","Strike_G","Bane"],"score":775,"play_id":"72a05f36-cdf5-4d84-8c6e-4794df0b7aeb","local_time":"20190417234105","is_ascension_mode":true,"campfire_choices":[{"data":"Acrobatics","floor":7.0,"key":"SMITH"},{"data":"Footwork","floor":12.0,"key":"SMITH"},{"data":"Neutralize","floor":15.0,"key":"SMITH"},{"data":"Crippling Poison","floor":23.0,"key":"SMITH"},{"floor":30.0,"key":"REST"},{"data":"Catalyst","floor":32.0,"key":"SMITH"},{"data":"Footwork","floor":40,"key":"SMITH"},{"data":"Night Terror","floor":42,"key":"SMITH"},{"floor":47,"key":"REST"},{"floor":49,"key":"REST"}],"neow_cost":"NONE","seed_source_timestamp":0,"circlet_count":0,"master_deck":["Defend_G","Defend_G","Defend_G","Defend_G","Defend_G","Survivor","Neutralize+1","Corpse Explosion","Quick Slash","Backflip","Acrobatics+1","Footwork+1","Backflip","Backflip+1","Crippling Poison+1","Dodge and Roll","Footwork+1","Catalyst+1","Night Terror+1","Footwork+1","PiercingWail+1","Well Laid Plans"],"special_seed":0,"relics":["Ring of the Snake","Bloody Idol","Pantograph","Pen Nib","Mango","White Beast Statue","Calipers","StoneCalendar","Blue Candle","Anchor","Sozu","Tingsha","Oddly Smooth Stone","Peace Pipe"],"potions_floor_usage":[39,50],"damage_taken":[{"damage":1.0,"enemies":"2 Louse","floor":1.0,"turns":3.0},{"damage":1.0,"enemies":"Cultist","floor":3.0,"turns":3.0},{"damage":1.0,"enemies":"Jaw Worm","floor":4.0,"turns":4.0},{"damage":22.0,"enemies":"Gremlin Nob","floor":6.0,"turns":4.0},{"damage":0.0,"enemies":"3 Louse","floor":11.0,"turns":2.0},{"damage":6.0,"enemies":"Lots of Slimes","floor":13.0,"turns":2.0},{"damage":3.0,"enemies":"Lagavulin","floor":14.0,"turns":9.0},{"damage":20.0,"enemies":"Hexaghost","floor":16.0,"turns":10.0},{"damage":12.0,"enemies":"Spheric Guardian","floor":18.0,"turns":9.0},{"damage":10.0,"enemies":"3 Byrds","floor":20.0,"turns":3.0},{"damage":11.0,"enemies":"Snake Plant","floor":24.0,"turns":7.0},{"damage":17.0,"enemies":"Colosseum Slavers","floor":25.0,"turns":6.0},{"damage":37.0,"enemies":"Colosseum Nobs","floor":25.0,"turns":5.0},{"damage":0.0,"enemies":"Centurion and Healer","floor":29.0,"turns":7.0},{"damage":0.0,"enemies":"Snecko","floor":31.0,"turns":5.0},{"damage":44.0,"enemies":"Collector","floor":33.0,"turns":9.0},{"damage":0,"enemies":"Orb Walker","floor":35,"turns":4},{"damage":0,"enemies":"3 Shapes","floor":36,"turns":5},{"damage":22,"enemies":"3 Darklings","floor":38,"turns":3},{"damage":7,"enemies":"Transient","floor":39,"turns":5},{"damage":8,"enemies":"Nemesis","floor":41,"turns":13},{"damage":10,"enemies":"Reptomancer","floor":44,"turns":7},{"damage":33,"enemies":"Sphere and 2 Shapes","floor":46,"turns":7},{"damage":10,"enemies":"Donu and Deca","floor":50,"turns":5}],"seed_played":"1058644972011284376","potions_obtained":[{"floor":0.0,"key":"PowerPotion"},{"floor":0.0,"key":"PowerPotion"},{"floor":0.0,"key":"Fruit Juice"},{"floor":1.0,"key":"SteroidPotion"},{"floor":11.0,"key":"Strength Potion"},{"floor":14.0,"key":"FearPotion"},{"floor":16.0,"key":"GhostInAJar"},{"floor":18.0,"key":"FairyPotion"},{"floor":20.0,"key":"Poison Potion"},{"floor":25.0,"key":"SteroidPotion"},{"floor":29.0,"key":"FearPotion"},{"floor":31.0,"key":"SkillPotion"},{"floor":33.0,"key":"AttackPotion"}],"is_trial":false,"path_per_floor":["M","?","M","M","?","E","R","?","T","$","M","R","M","E","R","B",null,"M","?","M","$","?","R","M","?","T","$","?","M","R","M","R","B",null,"M","M","?","M","M","R","E","R","T","E","?","M","R","$","R","B",null],"character_chosen":"THE_SILENT","items_purchased":["Footwork","Dodge and Roll","Calipers","Well Laid Plans"],"campfire_rested":3,"item_purchase_floors":[10,21,21,48],"current_hp_per_floor":[74,74,73,72,54,32,32,32,32,32,32,32,26,37,37,42,89,77,77,67,67,67,67,61,12,17,17,17,22,48,53,53,39,89,89,89,89,72,70,70,67,67,67,62,62,34,59,59,84,75],"gold":124,"neow_bonus":"THREE_SMALL_POTIONS","is_prod":false,"is_daily":false,"chose_seed":false,"campfire_upgraded":7,"win_rate":0,"timestamp":1555558865,"path_taken":["M","?","?","M","?","E","R","?","T","$","M","R","?","E","R","BOSS","M","?","M","$","?","R","M","?","T","$","?","M","R","M","R","BOSS","M","M","?","M","M","R","E","R","T","E","?","M","R","$","R","BOSS"],"build_version":"2019-01-23","purchased_purges":4,"victory":true,"max_hp_per_floor":[75,75,75,75,75,75,75,75,75,75,75,75,75,89,89,89,89,89,89,89,89,89,89,89,89,89,89,89,89,89,89,89,89,89,89,89,89,89,89,89,89,89,89,89,85,85,85,85,85,85],"card_choices":[{"not_picked":["Cloak And Dagger","Acrobatics"],"picked":"Corpse Explosion","floor":1.0},{"not_picked":["PiercingWail","Slice"],"picked":"Quick Slash","floor":3.0},{"not_picked":["PiercingWail","Bane"],"picked":"Backflip","floor":4.0},{"not_picked":["Cloak And Dagger","Masterful Stab"],"picked":"Acrobatics","floor":6.0},{"not_picked":["Slice","Prepared","Wraith Form v2"],"picked":"SKIP","floor":11.0},{"not_picked":["Terror","Prepared","Flying Knee"],"picked":"SKIP","floor":13.0},{"not_picked":["Underhanded Strike","Reflex"],"picked":"Backflip","floor":14.0},{"not_picked":["Infinite Blades","Riddle With Holes"],"picked":"Backflip+1","floor":18.0},{"not_picked":["Acrobatics+1","Underhanded Strike"],"picked":"Crippling Poison","floor":20.0},{"not_picked":["Riddle With Holes","Sucker Punch"],"picked":"Bane","floor":24.0},{"not_picked":["Bouncing Flask","Sucker Punch+1"],"picked":"Footwork+1","floor":25.0},{"not_picked":["Bouncing Flask","PiercingWail"],"picked":"Catalyst","floor":29.0},{"not_picked":["Underhanded Strike","Dagger Spray","Deflect"],"picked":"SKIP","floor":31.0},{"not_picked":["Venomology","Phantasmal Killer"],"picked":"Night Terror","floor":33.0},{"not_picked":["Bane+1","Deadly Poison+1","Deflect+1"],"picked":"SKIP","floor":35},{"not_picked":["Acrobatics","Heel Hook"],"picked":"Footwork","floor":36},{"not_picked":["Infinite Blades+1","Dash","Deadly Poison+1"],"picked":"SKIP","floor":38},{"not_picked":["Dagger Throw+1","All Out Attack"],"picked":"PiercingWail+1","floor":39},{"not_picked":["Tactician","Glass Knife","Quick Slash+1"],"picked":"SKIP","floor":41},{"not_picked":["Underhanded Strike","Endless Agony+1","Outmaneuver"],"picked":"SKIP","floor":44},{"not_picked":["PiercingWail","Deflect","Deadly Poison+1"],"picked":"SKIP","floor":46}],"player_experience":192236,"relics_obtained":[{"floor":6.0,"key":"Pantograph"},{"floor":9.0,"key":"Pen Nib"},{"floor":14.0,"key":"Mango"},{"floor":25.0,"key":"StoneCalendar"},{"floor":25.0,"key":"Blue Candle"},{"floor":26.0,"key":"Anchor"},{"floor":41,"key":"Tingsha"},{"floor":43,"key":"Oddly Smooth Stone"},{"floor":44,"key":"Peace Pipe"}],"event_choices":[{"damage_healed":0.0,"max_hp_gain":0.0,"max_hp_loss":0.0,"gold_gain":100.0,"event_name":"Golden Shrine","player_choice":"Pray","floor":2.0,"gold_loss":0.0,"damage_taken":0.0},{"damage_healed":0.0,"max_hp_gain":0.0,"max_hp_loss":0.0,"gold_gain":0.0,"event_name":"Golden Idol","player_choice":"Take Damage","floor":5.0,"gold_loss":0.0,"damage_taken":18.0,"relics_obtained":["Golden Idol"]},{"cards_removed":["Strike_G"],"damage_healed":0.0,"max_hp_gain":0.0,"max_hp_loss":0.0,"gold_gain":0.0,"event_name":"Bonfire Elementals","player_choice":"Offered Basic","floor":8.0,"gold_loss":0.0,"damage_taken":0.0},{"damage_healed":0.0,"max_hp_gain":0.0,"max_hp_loss":0.0,"gold_gain":99.0,"event_name":"Nest","player_choice":"Stole From Cult","floor":19.0,"gold_loss":0.0,"damage_taken":0.0},{"damage_healed":0.0,"max_hp_gain":0.0,"max_hp_loss":0.0,"gold_gain":0.0,"event_name":"Forgotten Altar","player_choice":"Gave Idol","floor":22.0,"relics_lost":["Golden Idol"],"gold_loss":0.0,"damage_taken":0.0,"relics_obtained":["Bloody Idol"]},{"damage_healed":0.0,"max_hp_gain":0.0,"max_hp_loss":0.0,"gold_gain":0.0,"event_name":"Colosseum","player_choice":"Fight","floor":25.0,"gold_loss":0.0,"damage_taken":0.0},{"damage_healed":0.0,"max_hp_gain":0.0,"max_hp_loss":0.0,"gold_gain":0.0,"event_name":"Colosseum","player_choice":"Fought Nobs","floor":25.0,"gold_loss":0.0,"damage_taken":0.0},{"cards_removed":["Strike_G"],"damage_healed":0.0,"max_hp_gain":0.0,"max_hp_loss":0.0,"gold_gain":0.0,"event_name":"Back to Basics","player_choice":"Elegance","floor":28.0,"gold_loss":0.0,"damage_taken":0.0},{"damage_healed":0,"gold_gain":0,"player_choice":"Memory 1","damage_taken":0,"max_hp_gain":0,"max_hp_loss":0,"event_name":"SensoryStone","floor":37,"gold_loss":0},{"damage_healed":0,"gold_gain":0,"player_choice":"Max HP","damage_taken":0,"max_hp_gain":0,"max_hp_loss":4,"event_name":"Winding Halls","floor":45,"gold_loss":0}],"is_beta":false,"boss_relics":[{"not_picked":["Orrery","Tiny House"],"picked":"White Beast Statue"},{"not_picked":["WristBlade","Lizard Tail"],"picked":"Sozu"}],"items_purged_floors":[10,21,27,48],"is_endless":false,"potions_floor_spawned":[1,11,13,14,16,18,20,24,25,25,29,31,33,35,36,38,39,41,44,46],"ascension_level":1}