{"gold_per_floor":[118,137,21,21,34,65,76,76,76,76,111,111,143,153,153,248,248,265,283,1,1,20,20],"floor_reached":23,"playtime":1419,"items_purged":["Strike_R"],"score":211,"play_id":"e792491f-02e3-4f4f-be9a-709272c5baae","local_time":"20181119002937","is_ascension_mode":false,"campfire_choices":[{"data":"Defend_R","floor":10.0,"key":"SMITH"},{"data":"Armaments","floor":12.0,"key":"SMITH"},{"floor":15.0,"key":"REST"}],"neow_cost":"NONE","seed_source_timestamp":28990891000055,"circlet_count":0,"master_deck":["Strike_R","Strike_R","Strike_R","Defend_R","Defend_R","Defend_R","Defend_R+1","Bash","Burning Pact","Sword Boomerang","Spot Weakness","Armaments+1","Flame Barrier","Heavy Blade","Pummel","Armaments+1","Thunderclap","Heavy Blade","Spot Weakness","Pommel Strike"],"special_seed":0,"relics":["Black Blood","Anchor","Bag of Marbles","Smiling Mask","Shuriken","Art of War","Membership Card"],"potions_floor_usage":[19,22,22],"damage_taken":[{"damage":0.0,"enemies":"Small Slimes","floor":1.0,"turns":4.0},{"damage":1.0,"enemies":"Jaw Worm","floor":2.0,"turns":4.0},{"damage":1.0,"enemies":"Cultist","floor":5.0,"turns":4.0},{"damage":13.0,"enemies":"3 Sentries","floor":6.0,"turns":8.0},{"damage":0.0,"enemies":"Red Slaver","floor":7.0,"turns":3.0},{"damage":6.0,"enemies":"Lagavulin","floor":11.0,"turns":6.0},{"damage":17.0,"enemies":"Gremlin Nob","floor":13.0,"turns":5.0},{"damage":7.0,"enemies":"3 Louse","floor":14.0,"turns":2.0},{"damage":33.0,"enemies":"Hexaghost","floor":16.0,"turns":8.0},{"damage":13,"enemies":"2 Thieves","floor":18,"turns":4},{"damage":26,"enemies":"Spheric Guardian","floor":19,"turns":7},{"damage":26,"enemies":"3 Cultists","floor":22,"turns":6},{"damage":30,"enemies":"Book of Stabbing","floor":23,"turns":5}],"seed_played":"5950602037013221382","potions_obtained":[{"floor":1.0,"key":"Block Potion"},{"floor":2.0,"key":"SteroidPotion"},{"floor":7.0,"key":"SpeedPotion"},{"floor":11.0,"key":"Block Potion"},{"floor":18,"key":"SpeedPotion"},{"floor":19,"key":"Block Potion"}],"is_trial":false,"path_per_floor":["M","M","$","?","M","E","M","?","T","R","E","R","E","M","R","B",null,"M","M","$","?","M","E"],"character_chosen":"IRONCLAD","items_purchased":["Spot Weakness","Armaments","Membership Card","Spot Weakness"],"campfire_rested":1,"item_purchase_floors":[3,3,20,20],"current_hp_per_floor":[80,80,80,73,78,71,77,77,77,77,77,77,66,65,80,53,80,77,61,61,46,30,0],"gold":20,"neow_bonus":"RANDOM_COMMON_RELIC","is_prod":false,"is_daily":false,"chose_seed":false,"campfire_upgraded":2,"win_rate":0,"timestamp":1542576577,"path_taken":["M","M","$","?","M","E","M","?","T","R","E","R","E","?","R","BOSS","M","M","$","?","M","E"],"build_version":"2018-11-15","purchased_purges":1,"victory":false,"max_hp_per_floor":[80,80,80,80,80,80,80,80,80,80,80,80,80,80,80,80,80,80,80,80,85,85,85],"card_choices":[{"not_picked":["Thunderclap","Twin Strike"],"picked":"Burning Pact","floor":1.0},{"not_picked":["Second Wind","Twin Strike"],"picked":"Sword Boomerang","floor":2.0},{"not_picked":["Pommel Strike","Iron Wave"],"picked":"Flame Barrier","floor":5.0},{"not_picked":["Rage","Bloodletting"],"picked":"Heavy Blade","floor":6.0},{"not_picked":["Thunderclap","Perfected Strike"],"picked":"Pummel","floor":7.0},{"not_picked":["Dropkick","Pommel Strike"],"picked":"Armaments","floor":11.0},{"not_picked":["Brutality","Exhume","Dark Embrace"],"picked":"SKIP","floor":13.0},{"not_picked":["Rupture","Clothesline"],"picked":"Thunderclap","floor":14.0},{"not_picked":["Wild Strike+1","Perfected Strike"],"picked":"Heavy Blade","floor":18},{"not_picked":["Twin Strike","Reckless Charge","Rampage"],"picked":"SKIP","floor":19},{"not_picked":["Dual Wield","Combust"],"picked":"Pommel Strike","floor":22}],"player_experience":345346,"relics_obtained":[{"floor":6.0,"key":"Bag of Marbles"},{"floor":9.0,"key":"Smiling Mask"},{"floor":11.0,"key":"Shuriken"},{"floor":13.0,"key":"Art of War"}],"event_choices":[{"cards_removed":["Strike_R"],"damage_healed":0.0,"max_hp_gain":0.0,"max_hp_loss":0.0,"gold_gain":0.0,"event_name":"Golden Wing","player_choice":"Card Removal","floor":4.0,"gold_loss":0.0,"damage_taken":7.0},{"damage_healed":0.0,"max_hp_gain":0.0,"max_hp_loss":0.0,"gold_gain":0.0,"event_name":"Accursed Blacksmith","player_choice":"Forge","floor":8.0,"gold_loss":0.0,"damage_taken":0.0,"cards_upgraded":["Armaments"]},{"damage_healed":0,"gold_gain":0,"player_choice":"Shed Blood","damage_taken":20,"max_hp_gain":5,"max_hp_loss":0,"event_name":"Forgotten Altar","floor":21,"gold_loss":0}],"is_beta":false,"boss_relics":[{"not_picked":["Calling Bell","Empty Cage"],"picked":"Black Blood"}],"items_purged_floors":[20],"is_endless":false,"potions_floor_spawned":[1,2,7,11,18,19],"killed_by":"Book of Stabbing","ascension_level":0}