{"gold_per_floor":[115,15,27,27,45,45,64,64,64,64,78,93,113,139,139,240,240,227,247,162,162,179,179,179],"floor_reached":24,"playtime":1989,"items_purged":["Strike_B"],"score":295,"play_id":"5d566084-7115-4d66-a01b-ed4d559514b0","local_time":"20190517184839","is_ascension_mode":true,"campfire_choices":[{"data":"Zap","floor":6,"key":"SMITH"},{"data":"Coolheaded","floor":8,"key":"SMITH"},{"data":"Leap","floor":15,"key":"SMITH"},{"data":"Dualcast","floor":23,"key":"SMITH"}],"neow_cost":"PERCENT_DAMAGE","seed_source_timestamp":126438629781108,"circlet_count":0,"master_deck":["Strike_B","Strike_B","Defend_B","Defend_B","Defend_B","Zap+1","Dualcast+1","Coolheaded+1","Chill","Leap+1","Seek","Skim","Core Surge","Skim","Ball Lightning+1","Genetic Algorithm"],"relics":["Cracked Core","Singing Bowl","Mummified Hand","Orrery","Ginger"],"potions_floor_usage":[16,16,18,24,24],"damage_taken":[{"damage":0,"enemies":"Cultist","floor":1,"turns":3},{"damage":0,"enemies":"Small Slimes","floor":3,"turns":3},{"damage":1,"enemies":"2 Louse","floor":5,"turns":2},{"damage":0,"enemies":"Gremlin Gang","floor":7,"turns":6},{"damage":2,"enemies":"3 Louse","floor":11,"turns":3},{"damage":0,"enemies":"Large Slime","floor":12,"turns":5},{"damage":0,"enemies":"Exordium Wildlife","floor":13,"turns":4},{"damage":24,"enemies":"3 Sentries","floor":14,"turns":16},{"damage":22,"enemies":"The Guardian","floor":16,"turns":14},{"damage":9,"enemies":"2 Thieves","floor":18,"turns":4},{"damage":11,"enemies":"Chosen","floor":19,"turns":6},{"damage":14,"enemies":"Sentry and Sphere","floor":22,"turns":7},{"damage":26,"enemies":"Book of Stabbing","floor":24,"turns":4}],"seed_played":"5152487307569030362","potions_obtained":[{"floor":4,"key":"SpeedPotion"},{"floor":4,"key":"Ancient Potion"},{"floor":4,"key":"Strength Potion"},{"floor":11,"key":"Strength Potion"},{"floor":16,"key":"Poison Potion"},{"floor":19,"key":"Swift Potion"},{"floor":22,"key":"EssenceOfSteel"}],"is_trial":false,"path_per_floor":["M","$","M","?","M","R","M","R","T","?","M","M","M","E","R","B",null,"M","M","?","?","M","R","E"],"character_chosen":"DEFECT","items_purchased":["Coolheaded"],"campfire_rested":0,"item_purchase_floors":[2],"current_hp_per_floor":[50,50,50,50,49,49,49,49,49,49,49,51,53,31,31,9,71,62,51,51,34,20,20,0],"gold":179,"neow_bonus":"REMOVE_TWO","is_prod":false,"is_daily":false,"chose_seed":false,"campfire_upgraded":4,"win_rate":0,"timestamp":1558133319,"path_taken":["M","$","?","?","?","R","M","R","T","?","M","M","?","E","R","BOSS","M","M","?","?","M","R","E"],"build_version":"2019-01-23","purchased_purges":1,"victory":false,"max_hp_per_floor":[75,75,75,75,75,75,75,75,75,75,77,79,81,83,83,83,89,89,89,89,94,94,94,94],"card_choices":[{"not_picked":["Gash","Genetic Algorithm","Compile Driver"],"picked":"SKIP","floor":1},{"not_picked":["Beam Cell","Streamline","Self Repair"],"picked":"SKIP","floor":3},{"not_picked":["Genetic Algorithm","Cold Snap"],"picked":"Chill","floor":5},{"not_picked":["Hologram","Electrodynamics","Doom and Gloom"],"picked":"SKIP","floor":7},{"not_picked":["Skim","White Noise","Darkness"],"picked":"Singing Bowl","floor":11},{"not_picked":["White Noise","Streamline","Tempest"],"picked":"Singing Bowl","floor":12},{"not_picked":["Consume","Compile Driver","Redo"],"picked":"Singing Bowl","floor":13},{"not_picked":["Hologram","Leap","Conserve Battery"],"picked":"Singing Bowl","floor":14},{"not_picked":["Meteor Strike","Core Surge"],"picked":"Seek","floor":16},{"not_picked":["Cold Snap","Rip and Tear","Stack"],"picked":"Singing Bowl","floor":17},{"not_picked":["Beam Cell","Go for the Eyes"],"picked":"Skim","floor":17},{"not_picked":["Lockon","Cold Snap","Barrage"],"picked":"Singing Bowl","floor":17},{"not_picked":["Redo","Conserve Battery","Streamline"],"picked":"Singing Bowl","floor":17},{"not_picked":["Leap","Streamline"],"picked":"Core Surge","floor":17},{"not_picked":["White Noise","Lockon"],"picked":"Skim","floor":18},{"not_picked":["Force Field","Blizzard+1"],"picked":"Ball Lightning+1","floor":19},{"not_picked":["Sweeping Beam+1","Compile Driver"],"picked":"Genetic Algorithm","floor":22}],"player_experience":336588,"relics_obtained":[{"floor":9,"key":"Singing Bowl"},{"floor":14,"key":"Mummified Hand"}],"event_choices":[{"damage_healed":0,"gold_gain":0,"player_choice":"Got Potions","damage_taken":0,"max_hp_gain":0,"max_hp_loss":0,"event_name":"Lab","floor":4,"gold_loss":0},{"damage_healed":0,"gold_gain":0,"player_choice":"1 cards matched","damage_taken":0,"max_hp_gain":0,"max_hp_loss":0,"event_name":"Match and Keep!","floor":10,"gold_loss":0,"cards_obtained":["Leap"]},{"damage_healed":0,"gold_gain":0,"player_choice":"Obtained Relic","damage_taken":0,"relics_obtained":["Ginger"],"max_hp_gain":0,"max_hp_loss":0,"event_name":"Addict","floor":20,"gold_loss":85},{"damage_healed":0,"gold_gain":0,"player_choice":"Shed Blood","damage_taken":22,"max_hp_gain":5,"max_hp_loss":0,"event_name":"Forgotten Altar","floor":21,"gold_loss":0}],"is_beta":false,"boss_relics":[{"not_picked":["Snecko Eye","Empty Cage"],"picked":"Orrery"}],"items_purged_floors":[2],"is_endless":false,"potions_floor_spawned":[11,12,13,14,16,19,22],"killed_by":"Book of Stabbing","ascension_level":7}