{"gold_per_floor":[168,198,213,213,233,233,233,233,259,274,274,274,274,274,274,274],"floor_reached":16,"playtime":552,"items_purged":[],"score":98,"play_id":"8a5e98b1-055f-4f85-8004-236dad080941","local_time":"20190529140042","is_ascension_mode":false,"campfire_choices":[{"floor":6,"key":"REST"},{"floor":12,"key":"REST"},{"floor":15,"key":"REST"}],"neow_cost":"NONE","seed_source_timestamp":1171787804849200,"circlet_count":0,"master_deck":["Defend_G","Defend_G+1","Defend_G","Defend_G","Defend_G+1","Strike_G","Strike_G+1","Strike_G","Strike_G","Strike_G","Survivor","Neutralize","Dagger Spray","Outmaneuver","Dagger Throw"],"relics":["Tiny House","Tiny Chest","Blood Vial","Anchor"],"potions_floor_usage":[11],"damage_taken":[{"damage":2,"enemies":"Small Slimes","floor":1,"turns":3},{"damage":0,"enemies":"2 Louse","floor":3,"turns":3},{"damage":0,"enemies":"Jaw Worm","floor":5,"turns":3},{"damage":12,"enemies":"Blue Slaver","floor":10,"turns":4},{"damage":0,"enemies":"Gremlin Nob","floor":11,"turns":1},{"damage":105,"enemies":"Slime Boss","floor":16,"turns":9}],"seed_played":"-2193056046089806310","potions_obtained":[{"floor":0,"key":"SmokeBomb"},{"floor":3,"key":"Swift Potion"},{"floor":10,"key":"SteroidPotion"}],"is_trial":false,"path_per_floor":["M","?","M","?","M","R","?","T","T","M","E","R","?","$","R","B"],"character_chosen":"THE_SILENT","items_purchased":[],"campfire_rested":3,"item_purchase_floors":[],"current_hp_per_floor":[73,66,66,51,51,73,73,73,73,63,65,75,75,75,75,0],"gold":274,"neow_bonus":"BOSS_RELIC","is_prod":false,"is_daily":false,"chose_seed":false,"campfire_upgraded":0,"win_rate":0,"timestamp":1559152842,"path_taken":["M","?","M","?","M","R","?","?","T","?","E","R","?","$","R","BOSS"],"build_version":"2019-01-23","purchased_purges":0,"victory":false,"max_hp_per_floor":[75,75,75,75,75,75,75,75,75,75,75,75,75,75,75,75],"card_choices":[{"not_picked":["Slice","Poisoned Stab"],"picked":"Dagger Spray","floor":0},{"not_picked":["Accuracy","Acrobatics"],"picked":"Outmaneuver","floor":1},{"not_picked":["Outmaneuver","Catalyst","Concentrate"],"picked":"SKIP","floor":3},{"not_picked":["Choke","Finisher","PiercingWail"],"picked":"SKIP","floor":5},{"not_picked":["Well Laid Plans","Prepared"],"picked":"Dagger Throw","floor":10}],"player_experience":975660,"relics_obtained":[{"floor":8,"key":"Blood Vial"},{"floor":9,"key":"Anchor"}],"event_choices":[{"damage_healed":0,"gold_gain":0,"player_choice":"Success","damage_taken":7,"relics_obtained":["Tiny Chest"],"max_hp_gain":0,"max_hp_loss":0,"event_name":"Scrap Ooze","floor":2,"gold_loss":0},{"damage_healed":0,"gold_gain":0,"player_choice":"Entered Light","damage_taken":15,"max_hp_gain":0,"max_hp_loss":0,"event_name":"Shining Light","floor":4,"gold_loss":0,"cards_upgraded":["Strike_G","Defend_G"]},{"damage_healed":0,"gold_gain":0,"player_choice":"Ignored","damage_taken":0,"max_hp_gain":0,"max_hp_loss":0,"event_name":"Golden Idol","floor":7,"gold_loss":0},{"damage_healed":0,"gold_gain":0,"player_choice":"Ignored","damage_taken":0,"max_hp_gain":0,"max_hp_loss":0,"event_name":"Golden Shrine","floor":13,"gold_loss":0}],"is_beta":false,"boss_relics":[],"items_purged_floors":[],"is_endless":false,"potions_floor_spawned":[3,10],"killed_by":"Slime Boss","ascension_level":0}