{"gold_per_floor":[113,128,53,53,69,69,244,279,279,279,279,20,38,61,61,181,181,205,223,223,193,216,252,252,275,275,275,290,290,320,320,320,423,423,434,453,498,341,97,97,97,97,97,114,0,30,45,74,74,74],"floor_reached":51,"playtime":2272,"items_purged":["Clumsy","Doubt"],"score":1048,"play_id":"a67381e5-6b0d-4b33-9956-746134665b5f","local_time":"20181112173643","is_ascension_mode":true,"campfire_choices":[{"data":"Bash","floor":6,"key":"SMITH"},{"data":"Heavy Blade","floor":10,"key":"SMITH"},{"data":"Perfected Strike","floor":15,"key":"SMITH"},{"data":"1","floor":24,"key":"LIFT"},{"floor":29,"key":"REST"},{"floor":32,"key":"REST"},{"data":"2","floor":40,"key":"LIFT"},{"data":"3","floor":41,"key":"LIFT"},{"data":"Perfected Strike","floor":49,"key":"SMITH"}],"neow_cost":"CURSE","seed_source_timestamp":190011073135243,"circlet_count":0,"master_deck":["Strike_R","Strike_R","Strike_R","Strike_R","Strike_R","Bash+1","Heavy Blade+1","Twin Strike","Clash","Offering","Perfected Strike+1","Wild Strike","Immolate","Intimidate+1","True Grit+1","Dual Wield+1","Perfected Strike+1","Necronomicurse","Limit Break","Flex+1","Heavy Blade+1","Wild Strike","Clash","Bandage Up","Finesse","Burning Pact+1","Sword Boomerang"],"relics":["Burning Blood","Letter Opener","WingedGreaves","Anchor","Bloody Idol","Astrolabe","Girya","Oddly Smooth Stone","Potion Belt","Necronomicon","Runic Dome","Calipers","Blood Vial","Brimstone","Pen Nib","Red Mask","Lantern","Regal Pillow"],"potions_floor_usage":[8,16,16,19,23,23,25,33,37,44,48,48,50],"damage_taken":[{"damage":0,"enemies":"2 Louse","floor":1,"turns":2},{"damage":7,"enemies":"Jaw Worm","floor":2,"turns":3},{"damage":1,"enemies":"Cultist","floor":5,"turns":3},{"damage":15,"enemies":"3 Sentries","floor":8,"turns":6},{"damage":6,"enemies":"2 Fungi Beasts","floor":13,"turns":2},{"damage":6,"enemies":"Blue Slaver","floor":14,"turns":2},{"damage":37,"enemies":"Hexaghost","floor":16,"turns":4},{"damage":12,"enemies":"3 Byrds","floor":18,"turns":3},{"damage":17,"enemies":"Spheric Guardian","floor":19,"turns":3},{"damage":14,"enemies":"Snake Plant","floor":22,"turns":3},{"damage":10,"enemies":"Book of Stabbing","floor":23,"turns":2},{"damage":6,"enemies":"Centurion and Healer","floor":25,"turns":3},{"damage":18,"enemies":"Snecko","floor":28,"turns":3},{"damage":27,"enemies":"Gremlin Leader","floor":30,"turns":3},{"damage":34,"enemies":"Collector","floor":33,"turns":5},{"damage":6,"enemies":"Orb Walker","floor":35,"turns":2},{"damage":0,"enemies":"3 Shapes","floor":36,"turns":2},{"damage":17,"enemies":"2 Orb Walkers","floor":37,"turns":3},{"damage":44,"enemies":"3 Darklings","floor":44,"turns":4},{"damage":6,"enemies":"Giant Head","floor":46,"turns":3},{"damage":2,"enemies":"Sphere and 2 Shapes","floor":47,"turns":1},{"damage":0,"enemies":"Reptomancer","floor":48,"turns":2},{"damage":46,"enemies":"Donu and Deca","floor":50,"turns":3}],"seed_played":"-2597568300352414466","potions_obtained":[{"floor":5,"key":"SkillPotion"},{"floor":8,"key":"Strength Potion"},{"floor":14,"key":"Energy Potion"},{"floor":16,"key":"Swift Potion"},{"floor":19,"key":"Swift Potion"},{"floor":21,"key":"Block Potion"},{"floor":21,"key":"FearPotion"},{"floor":22,"key":"FearPotion"},{"floor":23,"key":"Strength Potion"},{"floor":33,"key":"Regen Potion"},{"floor":35,"key":"AttackPotion"},{"floor":36,"key":"Ancient Potion"},{"floor":46,"key":"FearPotion"},{"floor":47,"key":"Poison Potion"}],"is_trial":false,"path_per_floor":["M","M","$","?","M","R","?","E","T","R","?","$","M","M","R","B",null,"M","M","?","?","M","E","R","M","T","?","M","R","E","?","R","B",null,"M","M","?","$","$","R","R","?","T","M","?","E","M","E","R","B",null],"character_chosen":"IRONCLAD","items_purchased":["Offering","Blood Vial","Clash","Brimstone"],"campfire_rested":2,"item_purchase_floors":[12,38,39,39],"current_hp_per_floor":[78,77,77,74,79,79,79,70,70,70,50,50,50,50,50,19,65,59,48,48,48,40,36,36,36,36,36,29,53,37,21,45,22,66,71,80,74,74,74,74,74,64,64,49,49,60,71,80,80,44],"gold":74,"neow_bonus":"TRANSFORM_TWO_CARDS","is_prod":false,"is_daily":false,"chose_seed":false,"campfire_upgraded":4,"win_rate":0,"timestamp":1542062203,"path_taken":["M","M","$","?","M","R","?","E","T","R","?","?","?","M","R","BOSS","M","M","?","?","M","E","R","?","T","?","M","R","E","?","R","BOSS","M","M","?","$","$","R","R","?","T","M","?","E","M","E","R","BOSS"],"build_version":"2018-11-08","purchased_purges":2,"victory":true,"max_hp_per_floor":[80,80,80,80,80,80,80,80,80,80,80,80,80,80,80,80,80,80,80,80,80,80,80,80,80,80,80,80,80,80,80,80,80,80,80,80,80,80,80,80,80,80,80,80,80,80,80,80,80,80],"card_choices":[{"not_picked":["True Grit","Iron Wave"],"picked":"Twin Strike","floor":1},{"not_picked":["Combust","Warcry","Armaments"],"picked":"SKIP","floor":2},{"not_picked":["Pommel Strike","Infernal Blade"],"picked":"Clash","floor":5},{"not_picked":["Havoc","Dropkick","Entrench"],"picked":"SKIP","floor":8},{"not_picked":["Battle Trance","Seeing Red"],"picked":"Perfected Strike","floor":13},{"not_picked":["Iron Wave","Headbutt"],"picked":"Wild Strike","floor":14},{"not_picked":["Demon Form","Reaper"],"picked":"Immolate","floor":16},{"not_picked":["Sword Boomerang","Armaments","Sever Soul"],"picked":"SKIP","floor":18},{"not_picked":["Shockwave+1","Power Through","Reckless Charge"],"picked":"SKIP","floor":19},{"not_picked":["Rage+1","Iron Wave","Heavy Blade"],"picked":"SKIP","floor":22},{"not_picked":["Warcry","Sword Boomerang","Armaments+1"],"picked":"SKIP","floor":23},{"not_picked":["Sword Boomerang","Reckless Charge","Combust"],"picked":"SKIP","floor":25},{"not_picked":["Warcry","Juggernaut","Heavy Blade"],"picked":"SKIP","floor":28},{"not_picked":["Warcry","Rupture","Iron Wave"],"picked":"SKIP","floor":30},{"not_picked":["Barricade","Reaper"],"picked":"Limit Break","floor":33},{"not_picked":["Havoc+1","Headbutt"],"picked":"Flex+1","floor":35},{"not_picked":["Body Slam","Anger+1"],"picked":"Heavy Blade+1","floor":36},{"not_picked":["Thunderclap+1","Sword Boomerang+1"],"picked":"Wild Strike","floor":37},{"not_picked":["Panache","Madness"],"picked":"Bandage Up","floor":42},{"not_picked":["Trip","Madness"],"picked":"Finesse","floor":42},{"not_picked":["Metallicize","Clothesline"],"picked":"Burning Pact+1","floor":44},{"not_picked":["Rupture+1","Cleave"],"picked":"Sword Boomerang","floor":46},{"not_picked":["Iron Wave","Hemokinesis","Armaments+1"],"picked":"SKIP","floor":47},{"not_picked":["Clothesline","Exhume","Disarm+1"],"picked":"SKIP","floor":48}],"player_experience":248075,"relics_obtained":[{"floor":8,"key":"WingedGreaves"},{"floor":9,"key":"Anchor"},{"floor":23,"key":"Girya"},{"floor":26,"key":"Oddly Smooth Stone"},{"floor":30,"key":"Potion Belt"},{"floor":31,"key":"Necronomicon"},{"floor":37,"key":"Calipers"},{"floor":43,"key":"Pen Nib"},{"floor":46,"key":"Lantern"},{"floor":48,"key":"Regal Pillow"}],"event_choices":[{"damage_healed":0,"gold_gain":0,"player_choice":"Success","damage_taken":3,"relics_obtained":["Letter Opener"],"max_hp_gain":0,"max_hp_loss":0,"event_name":"Scrap Ooze","floor":4,"gold_loss":0},{"damage_healed":0,"gold_gain":175,"player_choice":"AGREE","damage_taken":0,"max_hp_gain":0,"max_hp_loss":0,"event_name":"Liars Game","floor":7,"gold_loss":0,"cards_obtained":["Doubt"]},{"damage_healed":0,"gold_gain":0,"player_choice":"Take Damage","damage_taken":20,"relics_obtained":["Golden Idol"],"max_hp_gain":0,"max_hp_loss":0,"event_name":"Golden Idol","floor":11,"gold_loss":0},{"damage_healed":0,"gold_gain":0,"player_choice":"Read","damage_taken":0,"max_hp_gain":0,"max_hp_loss":0,"event_name":"The Library","floor":20,"gold_loss":0,"cards_obtained":["Perfected Strike"]},{"damage_healed":0,"gold_gain":0,"player_choice":"Bought 2 Potions","damage_taken":0,"max_hp_gain":0,"max_hp_loss":0,"event_name":"The Woman in Blue","floor":21,"gold_loss":0},{"damage_healed":0,"gold_gain":0,"player_choice":"Gave Idol","damage_taken":0,"relics_obtained":["Bloody Idol"],"max_hp_gain":0,"max_hp_loss":0,"event_name":"Forgotten Altar","floor":27,"relics_lost":["Golden Idol"],"gold_loss":0},{"damage_healed":0,"gold_gain":0,"player_choice":"Obtained Book","damage_taken":16,"max_hp_gain":0,"max_hp_loss":0,"event_name":"Cursed Tome","floor":31,"gold_loss":0},{"damage_healed":0,"gold_gain":0,"player_choice":"Fight","damage_taken":0,"max_hp_gain":0,"max_hp_loss":0,"event_name":"Mysterious Sphere","floor":37,"gold_loss":0},{"damage_healed":0,"gold_gain":0,"player_choice":"Memory 3","damage_taken":10,"max_hp_gain":0,"max_hp_loss":0,"event_name":"SensoryStone","floor":42,"gold_loss":0},{"damage_healed":0,"gold_gain":0,"player_choice":"Paid","damage_taken":0,"relics_obtained":["Red Mask"],"max_hp_gain":0,"max_hp_loss":0,"event_name":"Tomb of Lord Red Mask","floor":45,"gold_loss":114}],"is_beta":false,"boss_relics":[{"not_picked":["Busted Crown","Mark of Pain"],"picked":"Astrolabe"},{"not_picked":["Philosopher\u0027s Stone","Velvet Choker"],"picked":"Runic Dome"}],"items_purged_floors":[3,12],"is_endless":false,"potions_floor_spawned":[5,8,14,16,19,22,23,33,35,36,46,47],"ascension_level":6}