{"gold_per_floor":[116,191,35,51,51,84,100,30,54,88,98,110,110,125,125,228,228,241,253,278,293,293],"floor_reached":22,"playtime":1424,"items_purged":["Strike_G"],"score":260,"play_id":"8ca6c77c-2550-4822-b840-4f32a488d130","local_time":"20181204021432","is_ascension_mode":true,"campfire_choices":[{"floor":13,"key":"REST"},{"floor":15,"key":"REST"}],"neow_cost":"NONE","seed_source_timestamp":39619013996681,"circlet_count":0,"master_deck":["Defend_G","Defend_G","Defend_G","Defend_G","Defend_G","Strike_G","Survivor","Neutralize+1","Well Laid Plans","Infinite Blades","Deadly Poison","Catalyst","Bouncing Flask","Noxious Fumes","Bane","Escape Plan","Deadly Poison","Bane","Tools of the Trade","Endless Agony+1","Storm of Steel+1","Concentrate+1","Crippling Poison","Dodge and Roll","Dash"],"relics":["Ring of the Snake","Anchor","Dream Catcher","Smiling Mask","Astrolabe","Red Mask"],"potions_floor_usage":[10,16,20,20,21,21],"damage_taken":[{"damage":0,"enemies":"Jaw Worm","floor":1,"turns":5},{"damage":0,"enemies":"Small Slimes","floor":4,"turns":5},{"damage":19,"enemies":"Gremlin Nob","floor":6,"turns":5},{"damage":0,"enemies":"Cultist","floor":7,"turns":4},{"damage":8,"enemies":"Lagavulin","floor":10,"turns":5},{"damage":0,"enemies":"3 Louse","floor":11,"turns":4},{"damage":0,"enemies":"2 Fungi Beasts","floor":12,"turns":2},{"damage":9,"enemies":"Blue Slaver","floor":14,"turns":3},{"damage":0,"enemies":"Slime Boss","floor":16,"turns":5},{"damage":0,"enemies":"Chosen","floor":18,"turns":4},{"damage":16,"enemies":"Spheric Guardian","floor":19,"turns":4},{"damage":42,"enemies":"Masked Bandits","floor":20,"turns":5},{"damage":18,"enemies":"Snecko","floor":21,"turns":6},{"damage":9,"enemies":"Centurion and Healer","floor":22,"turns":2}],"seed_played":"4276180173627045129","potions_obtained":[{"floor":6,"key":"AttackPotion"},{"floor":7,"key":"SpeedPotion"},{"floor":10,"key":"GamblersBrew"},{"floor":14,"key":"Energy Potion"},{"floor":18,"key":"AttackPotion"},{"floor":20,"key":"Dexterity Potion"},{"floor":21,"key":"Explosive Potion"}],"is_trial":false,"path_per_floor":["M","?","$","M","?","E","M","$","T","E","M","M","R","M","R","B",null,"M","M","?","M","M"],"character_chosen":"THE_SILENT","items_purchased":["Infinite Blades","Noxious Fumes"],"campfire_rested":2,"item_purchase_floors":[3,8],"current_hp_per_floor":[77,66,66,66,66,47,47,47,47,39,39,39,62,53,76,76,77,77,61,19,1,0],"gold":293,"neow_bonus":"TEN_PERCENT_HP_BONUS","is_prod":false,"is_daily":false,"chose_seed":false,"campfire_upgraded":0,"win_rate":0,"timestamp":1543878872,"path_taken":["M","?","$","M","?","E","M","$","T","E","M","M","R","?","R","BOSS","M","M","?","M","M"],"build_version":"2018-11-15","purchased_purges":1,"victory":false,"max_hp_per_floor":[77,77,77,77,77,77,77,77,77,77,77,77,77,77,77,77,77,77,77,77,77,77],"card_choices":[{"not_picked":["Dodge and Roll","Caltrops"],"picked":"Well Laid Plans","floor":1},{"not_picked":["Underhanded Strike","Bane"],"picked":"Deadly Poison","floor":4},{"not_picked":["Prepared","Underhanded Strike"],"picked":"Catalyst","floor":6},{"not_picked":["Tactician","Sucker Punch"],"picked":"Bouncing Flask","floor":7},{"not_picked":["Predator","Riddle With Holes","Acrobatics"],"picked":"SKIP","floor":10},{"not_picked":["Escape Plan","Sucker Punch"],"picked":"Bane","floor":11},{"not_picked":["Bane","Flying Knee"],"picked":"Escape Plan","floor":12},{"not_picked":["Blade Dance","Caltrops"],"picked":"Deadly Poison","floor":13},{"not_picked":["Infinite Blades","Choke"],"picked":"Bane","floor":14},{"not_picked":["Wraith Form v2","Grand Finale"],"picked":"Tools of the Trade","floor":16},{"not_picked":["Cloak And Dagger","PiercingWail"],"picked":"Crippling Poison","floor":18},{"not_picked":["Sucker Punch","Phantasmal Killer"],"picked":"Dodge and Roll","floor":19},{"not_picked":["Acrobatics","Flying Knee"],"picked":"Dash","floor":20},{"not_picked":["Crippling Poison","All Out Attack","Riddle With Holes"],"picked":"SKIP","floor":21}],"player_experience":424274,"relics_obtained":[{"floor":6,"key":"Anchor"},{"floor":9,"key":"Dream Catcher"},{"floor":10,"key":"Smiling Mask"},{"floor":20,"key":"Red Mask"}],"event_choices":[{"damage_healed":0,"gold_gain":75,"player_choice":"Gather Gold","damage_taken":11,"max_hp_gain":0,"max_hp_loss":0,"event_name":"World of Goop","floor":2,"gold_loss":0},{"damage_healed":0,"gold_gain":0,"player_choice":"Forge","damage_taken":0,"max_hp_gain":0,"max_hp_loss":0,"event_name":"Accursed Blacksmith","floor":5,"gold_loss":0,"cards_upgraded":["Neutralize"]},{"damage_healed":0,"gold_gain":0,"player_choice":"Fought Bandits","damage_taken":0,"max_hp_gain":0,"max_hp_loss":0,"event_name":"Masked Bandits","floor":20,"gold_loss":0}],"is_beta":false,"boss_relics":[{"not_picked":["Tiny House","HoveringKite"],"picked":"Astrolabe"}],"items_purged_floors":[3],"is_endless":false,"potions_floor_spawned":[6,7,10,14,18,20,21],"killed_by":"Centurion and Healer","ascension_level":1}