{"gold_per_floor":[117,117,129,140,152,152,162,162,186,186,23,23,23,42,42,114,114,126,51,51,51,62,62,90,106,106,31,31,47,47,66,66,143,143,156,156,156,168,188,188,200,200,200,200,29,40,40,50,50,50],"floor_reached":51,"playtime":1895,"items_purged":["Bash+1"],"score":1248,"play_id":"031f87aa-2c6a-46cd-a622-4851efe027ea","local_time":"20190501220015","is_ascension_mode":true,"campfire_choices":[{"data":"Uppercut","floor":6.0,"key":"SMITH"},{"data":"True Grit","floor":8.0,"key":"SMITH"},{"data":"Intimidate","floor":10.0,"key":"SMITH"},{"data":"Limit Break","floor":12.0,"key":"SMITH"},{"data":"Bash","floor":15.0,"key":"SMITH"},{"data":"Bite","floor":23.0,"key":"SMITH"},{"data":"Bite","floor":28.0,"key":"SMITH"},{"floor":32.0,"key":"REST"},{"data":"Battle Trance","floor":40,"key":"SMITH"},{"data":"Bite","floor":44,"key":"SMITH"},{"data":"Impervious","floor":47,"key":"SMITH"},{"data":"Bite","floor":49,"key":"SMITH"}],"neow_cost":"TEN_PERCENT_HP_LOSS","seed_source_timestamp":740752076784132,"circlet_count":0,"master_deck":["AscendersBane","Defend_R","Defend_R","Defend_R","Demon Form+1","Rampage+1","Uppercut+1","True Grit+1","Intimidate+1","Limit Break+1","Battle Trance+1","Shrug It Off+1","Bite","Bite+1","Bite+1","Bite+1","Impervious+1","Shrug It Off+1"],"special_seed":0,"relics":["Burning Blood","Potion Belt","Runic Dome","Oddly Smooth Stone","Singing Bowl","MutagenicStrength","Cursed Key","Orichalcum"],"potions_floor_usage":[39,48,50,50,50],"damage_taken":[{"damage":20.0,"enemies":"Jaw Worm","floor":1.0,"turns":7.0},{"damage":2.0,"enemies":"Cultist","floor":3.0,"turns":4.0},{"damage":4.0,"enemies":"2 Louse","floor":4.0,"turns":4.0},{"damage":15.0,"enemies":"Blue Slaver","floor":5.0,"turns":5.0},{"damage":4.0,"enemies":"Looter","floor":7.0,"turns":4.0},{"damage":22.0,"enemies":"2 Fungi Beasts","floor":14.0,"turns":5.0},{"damage":9.0,"enemies":"Hexaghost","floor":16.0,"turns":7.0},{"damage":50.0,"enemies":"3 Byrds","floor":18.0,"turns":5.0},{"damage":19.0,"enemies":"Spheric Guardian","floor":22.0,"turns":4.0},{"damage":27.0,"enemies":"Book of Stabbing","floor":24.0,"turns":4.0},{"damage":14.0,"enemies":"Centurion and Healer","floor":25.0,"turns":6.0},{"damage":36.0,"enemies":"Cultist and Chosen","floor":29.0,"turns":6.0},{"damage":31.0,"enemies":"Shelled Parasite and Fungi","floor":31.0,"turns":5.0},{"damage":46.0,"enemies":"Collector","floor":33.0,"turns":7.0},{"damage":3.0,"enemies":"Orb Walker","floor":35.0,"turns":4.0},{"damage":19.0,"enemies":"3 Darklings","floor":38.0,"turns":5.0},{"damage":24,"enemies":"Jaw Worm Horde","floor":39,"turns":5},{"damage":8,"enemies":"Sphere and 2 Shapes","floor":41,"turns":6},{"damage":9,"enemies":"Spire Growth","floor":46,"turns":5},{"damage":22,"enemies":"Jaw Worm Horde","floor":48,"turns":5},{"damage":60,"enemies":"Awakened One","floor":50,"turns":9}],"seed_played":"-8162746625307542772","potions_obtained":[{"floor":1.0,"key":"SteroidPotion"},{"floor":4.0,"key":"Strength Potion"},{"floor":14.0,"key":"GamblersBrew"},{"floor":25.0,"key":"Poison Potion"},{"floor":31.0,"key":"PowerPotion"},{"floor":33.0,"key":"Energy Potion"},{"floor":35.0,"key":"SkillPotion"},{"floor":41,"key":"Poison Potion"},{"floor":46,"key":"PowerPotion"},{"floor":48,"key":"SkillPotion"}],"is_trial":false,"path_per_floor":["M","?","M","M","M","R","M","R","T","R","$","R","?","M","R","B",null,"M","?","?","?","M","R","E","M","T","$","R","M","?","M","R","B",null,"M","?","?","M","M","R","M","?","T","R","$","M","R","M","R","B",null],"character_chosen":"IRONCLAD","items_purchased":["Limit Break","Orichalcum"],"campfire_rested":1,"item_purchase_floors":[11,45],"current_hp_per_floor":[54,54,58,60,51,51,53,53,53,53,53,53,53,37,37,34,60,16,16,16,25,26,26,15,28,28,28,28,22,22,23,38,24,44,53,53,53,51,49,49,57,57,57,57,57,59,59,58,58,32],"gold":50,"neow_bonus":"THREE_RARE_CARDS","is_prod":false,"is_daily":false,"chose_seed":false,"campfire_upgraded":11,"win_rate":0,"timestamp":1556762415,"path_taken":["M","?","?","M","M","R","M","R","T","R","$","R","?","?","R","BOSS","M","?","?","?","M","R","E","M","T","$","R","?","?","M","R","BOSS","M","?","?","M","M","R","?","?","T","R","$","M","R","M","R","BOSS"],"build_version":"2019-01-23","purchased_purges":1,"victory":true,"max_hp_per_floor":[68,68,68,68,68,68,68,68,68,68,68,68,68,68,68,68,68,68,68,47,47,47,47,47,47,47,47,47,49,49,51,51,51,51,53,53,53,53,55,55,57,57,57,57,57,59,59,61,61,61],"card_choices":[{"not_picked":["Fiend Fire","Barricade"],"picked":"Demon Form","floor":0.0},{"not_picked":["Warcry","Havoc"],"picked":"Rampage","floor":1.0},{"not_picked":["Anger","Evolve"],"picked":"Uppercut","floor":3.0},{"not_picked":["Evolve","Clothesline","Cleave"],"picked":"SKIP","floor":4.0},{"not_picked":["Sword Boomerang","Combust"],"picked":"True Grit","floor":5.0},{"not_picked":["Shockwave","Anger"],"picked":"Intimidate","floor":7.0},{"not_picked":["True Grit","Double Tap"],"picked":"Battle Trance","floor":14.0},{"not_picked":["True Grit","Headbutt"],"picked":"Shrug It Off+1","floor":18.0},{"not_picked":["Battle Trance","Hemokinesis+1","Clash"],"picked":"SKIP","floor":22.0},{"not_picked":["Exhume","Warcry","Burning Pact"],"picked":"SKIP","floor":24.0},{"not_picked":["Iron Wave+1","Thunderclap","Power Through"],"picked":"SKIP","floor":25.0},{"not_picked":["Perfected Strike","Clothesline","Sword Boomerang"],"picked":"Singing Bowl","floor":29.0},{"not_picked":["Entrench","Clothesline","Hemokinesis"],"picked":"Singing Bowl","floor":31.0},{"not_picked":["Fiend Fire","Immolate"],"picked":"Impervious","floor":33.0},{"not_picked":["Battle Trance+1","Rupture+1","Body Slam"],"picked":"Singing Bowl","floor":35.0},{"not_picked":["Sword Boomerang","Second Wind"],"picked":"Shrug It Off+1","floor":38.0},{"not_picked":["Second Wind","Iron Wave","Corruption"],"picked":"Singing Bowl","floor":39},{"not_picked":["Headbutt","Uppercut","Burning Pact"],"picked":"Singing Bowl","floor":41},{"not_picked":["Power Through+1","Clash","Perfected Strike"],"picked":"Singing Bowl","floor":46},{"not_picked":["Body Slam","Cleave","Wild Strike"],"picked":"Singing Bowl","floor":48}],"player_experience":364284,"relics_obtained":[{"floor":9.0,"key":"Potion Belt"},{"floor":24.0,"key":"Oddly Smooth Stone"},{"floor":26.0,"key":"Singing Bowl"}],"event_choices":[{"damage_healed":0.0,"max_hp_gain":0.0,"max_hp_loss":0.0,"gold_gain":0.0,"event_name":"Upgrade Shrine","player_choice":"Upgraded","floor":2.0,"gold_loss":0.0,"damage_taken":0.0,"cards_upgraded":["Demon Form"]},{"damage_healed":0.0,"max_hp_gain":0.0,"max_hp_loss":0.0,"gold_gain":0.0,"event_name":"Accursed Blacksmith","player_choice":"Forge","floor":13.0,"gold_loss":0.0,"damage_taken":0.0,"cards_upgraded":["Rampage"]},{"cards_removed":["Strike_R"],"damage_healed":0.0,"max_hp_gain":0.0,"max_hp_loss":0.0,"gold_gain":0.0,"event_name":"Beggar","player_choice":"Gave Gold","floor":19.0,"gold_loss":75.0,"damage_taken":0.0},{"damage_healed":0.0,"max_hp_gain":0.0,"max_hp_loss":21.0,"gold_gain":0.0,"event_name":"Vampires","player_choice":"Became a vampire","floor":20.0,"gold_loss":0.0,"damage_taken":0.0,"cards_obtained":["Bite","Bite","Bite","Bite","Bite"]},{"damage_healed":9.0,"max_hp_gain":0.0,"max_hp_loss":0.0,"gold_gain":0.0,"event_name":"The Library","player_choice":"Heal","floor":21.0,"gold_loss":0.0,"damage_taken":0.0},{"damage_healed":0.0,"max_hp_gain":0.0,"max_hp_loss":0.0,"gold_gain":0.0,"event_name":"Drug Dealer","player_choice":"Inject Mutagens","floor":30.0,"gold_loss":0.0,"damage_taken":0.0,"relics_obtained":["MutagenicStrength"]},{"damage_healed":0.0,"max_hp_gain":0.0,"max_hp_loss":0.0,"gold_gain":0.0,"event_name":"Mysterious Sphere","player_choice":"Ignored","floor":36.0,"gold_loss":0.0,"damage_taken":0.0},{"cards_removed":["Defend_R"],"damage_healed":0.0,"max_hp_gain":0.0,"max_hp_loss":0.0,"gold_gain":0.0,"event_name":"Purifier","player_choice":"Purged","floor":37.0,"gold_loss":0.0,"damage_taken":0.0},{"cards_removed":["Bite"],"damage_healed":0,"gold_gain":0,"player_choice":"Removed Attack","damage_taken":0,"max_hp_gain":0,"max_hp_loss":0,"event_name":"Falling","floor":42,"gold_loss":0}],"is_beta":false,"boss_relics":[{"not_picked":["Eternal Feather","White Beast Statue"],"picked":"Runic Dome"},{"not_picked":["Tiny House","Pandora\u0027s Box"],"picked":"Cursed Key"}],"items_purged_floors":[27],"is_endless":false,"potions_floor_spawned":[1,4,5,14,25,31,33,35,41,46,48],"ascension_level":17}