{"gold_per_floor":[119,132,152,171,189,214,214,174,174,102,122,149,149,166,166,263,263,278,278,238,248,261,261,292,292,292,99,119,150,165,196,196,299,299,314,59,74,0,19,344,344,391,417,436,452,452,481,481,481,481],"floor_reached":50,"playtime":2337,"items_purged":[],"score":678,"play_id":"f5045c74-b278-41ab-975d-fcf8f3d494bf","local_time":"20190406184958","is_ascension_mode":true,"campfire_choices":[{"data":"Inflame","floor":7,"key":"SMITH"},{"data":"Perfected Strike","floor":13,"key":"SMITH"},{"floor":15,"key":"RECALL"},{"data":"Perfected Strike","floor":23,"key":"SMITH"},{"floor":25,"key":"REST"},{"data":"Heavy Blade","floor":32,"key":"SMITH"},{"data":"Pommel Strike","floor":46,"key":"SMITH"},{"data":"Flex","floor":49,"key":"SMITH"}],"neow_cost":"PERCENT_DAMAGE","seed_source_timestamp":501103532849116,"circlet_count":0,"master_deck":["Strike_R+1","Strike_R","Strike_R","Strike_R","Strike_R","Defend_R","Defend_R","Defend_R","Bash","Swift Strike","Finesse","Inflame+1","Flex+1","Sword Boomerang","Perfected Strike+1","Metallicize","Cleave","Pummel","Sword Boomerang","Perfected Strike+1","Flex+1","Brutality","J.A.X.","Heavy Blade+1","Armaments+1","Thunderclap","Perfected Strike","Metallicize+1","Reaper","Evolve+1","Pommel Strike","Armaments+1","Parasite","Perfected Strike+1","Pommel Strike+1","Warcry+1","Writhe"],"relics":["Burning Blood","Bottled Tornado","Bottled Lightning","Velvet Choker","Shuriken","Meat on the Bone","Frozen Eye","Happy Flower","Matryoshka","Philosopher\u0027s Stone","Sling","Red Mask","Old Coin","Magic Flower","Red Skull","Strawberry","Bag of Marbles"],"potions_floor_usage":[12,12,16,24,33,37,40,44,47,50],"damage_taken":[{"damage":3,"enemies":"Jaw Worm","floor":1,"turns":4},{"damage":0,"enemies":"Cultist","floor":2,"turns":3},{"damage":10,"enemies":"Small Slimes","floor":3,"turns":2},{"damage":10,"enemies":"3 Louse","floor":4,"turns":3},{"damage":19,"enemies":"Lots of Slimes","floor":5,"turns":4},{"damage":20,"enemies":"Lagavulin","floor":6,"turns":6},{"damage":3,"enemies":"Exordium Thugs","floor":11,"turns":2},{"damage":12,"enemies":"3 Sentries","floor":12,"turns":3},{"damage":7,"enemies":"2 Fungi Beasts","floor":14,"turns":2},{"damage":31,"enemies":"The Guardian","floor":16,"turns":8},{"damage":0,"enemies":"Spheric Guardian","floor":18,"turns":3},{"damage":3,"enemies":"Shell Parasite","floor":21,"turns":2},{"damage":17,"enemies":"Centurion and Healer","floor":22,"turns":3},{"damage":30,"enemies":"Slavers","floor":24,"turns":5},{"damage":1,"enemies":"Snecko","floor":28,"turns":3},{"damage":7,"enemies":"Gremlin Leader","floor":29,"turns":4},{"damage":5,"enemies":"Sentry and Sphere","floor":30,"turns":3},{"damage":22,"enemies":"Slavers","floor":31,"turns":3},{"damage":35,"enemies":"Automaton","floor":33,"turns":6},{"damage":12,"enemies":"3 Shapes","floor":35,"turns":2},{"damage":19,"enemies":"3 Darklings","floor":37,"turns":4},{"damage":7,"enemies":"Transient","floor":39,"turns":5},{"damage":27,"enemies":"Giant Head","floor":40,"turns":5},{"damage":26,"enemies":"2 Orb Walkers","floor":42,"turns":4},{"damage":16,"enemies":"Writhing Mass","floor":44,"turns":3},{"damage":32,"enemies":"Jaw Worm Horde","floor":45,"turns":3},{"damage":49,"enemies":"Nemesis","floor":47,"turns":3},{"damage":155,"enemies":"Awakened One","floor":50,"turns":7}],"seed_played":"855927464909724775","potions_obtained":[{"floor":3,"key":"LiquidBronze"},{"floor":8,"key":"BloodPotion"},{"floor":8,"key":"FairyPotion"},{"floor":8,"key":"PowerPotion"},{"floor":12,"key":"FearPotion"},{"floor":18,"key":"AttackPotion"},{"floor":21,"key":"SpeedPotion"},{"floor":24,"key":"Ancient Potion"},{"floor":29,"key":"Energy Potion"},{"floor":31,"key":"Explosive Potion"},{"floor":33,"key":"Swift Potion"},{"floor":35,"key":"FearPotion"},{"floor":40,"key":"Swift Potion"},{"floor":42,"key":"FearPotion"},{"floor":47,"key":"Poison Potion"}],"is_trial":false,"path_per_floor":["M","M","M","M","M","E","R","?","T","$","M","E","R","M","R","B",null,"M","?","?","M","M","R","E","R","T","$","M","E","M","E","R","B",null,"M","$","M","?","M","E","?","?","T","M","M","R","E","?","R","B"],"character_chosen":"IRONCLAD","items_purchased":["Pummel","Frozen Eye","Pommel Strike","Sling"],"campfire_rested":1,"item_purchase_floors":[10,27,36,36],"current_hp_per_floor":[59,65,61,57,44,30,30,30,30,30,33,35,35,34,34,9,80,80,80,80,80,69,69,45,69,69,69,74,73,74,58,58,41,80,74,74,80,80,79,72,72,52,59,70,65,65,43,65,65,0],"gold":481,"neow_bonus":"RANDOM_COLORLESS_2","is_prod":false,"is_daily":false,"chose_seed":false,"campfire_upgraded":6,"win_rate":0,"timestamp":1554590998,"path_taken":["M","M","M","M","M","E","R","?","T","?","M","E","R","M","R","BOSS","M","?","?","M","M","R","E","R","T","$","?","E","M","E","R","BOSS","M","$","M","?","M","E","?","?","T","M","M","R","E","?","R","BOSS"],"build_version":"2019-01-23","purchased_purges":0,"victory":false,"max_hp_per_floor":[80,80,80,80,80,80,80,80,80,80,80,80,80,80,80,80,80,80,80,80,80,80,80,80,80,80,80,80,80,80,80,80,80,80,80,80,80,80,80,80,80,80,87,87,87,87,87,87,87,87],"card_choices":[{"not_picked":["Wild Strike","Clothesline"],"picked":"Inflame","floor":1},{"not_picked":["Anger","Searing Blow"],"picked":"Flex","floor":2},{"not_picked":["Clothesline","Hemokinesis"],"picked":"Sword Boomerang","floor":3},{"not_picked":["True Grit","Thunderclap"],"picked":"Perfected Strike","floor":4},{"not_picked":["Barricade","Sword Boomerang"],"picked":"Metallicize","floor":5},{"not_picked":["Wild Strike","Combust"],"picked":"Cleave","floor":6},{"not_picked":["Intimidate","Body Slam"],"picked":"Sword Boomerang","floor":11},{"not_picked":["Clothesline","Burning Pact"],"picked":"Perfected Strike","floor":12},{"not_picked":["Whirlwind","Uppercut"],"picked":"Flex","floor":14},{"not_picked":["Dark Embrace","Exhume"],"picked":"Brutality","floor":16},{"not_picked":["Whirlwind+1","Reckless Charge","True Grit"],"picked":"SKIP","floor":18},{"not_picked":["Reckless Charge","Sword Boomerang"],"picked":"Heavy Blade","floor":21},{"not_picked":["Feel No Pain","Clothesline"],"picked":"Armaments+1","floor":22},{"not_picked":["Twin Strike","Cleave"],"picked":"Thunderclap","floor":24},{"not_picked":["Impervious","Ghostly Armor","Fire Breathing"],"picked":"SKIP","floor":28},{"not_picked":["Battle Trance","Inflame"],"picked":"Perfected Strike","floor":29},{"not_picked":["Body Slam+1","Havoc","Anger"],"picked":"SKIP","floor":30},{"not_picked":["Rupture","Cleave"],"picked":"Metallicize+1","floor":31},{"not_picked":["Demon Form","Feed"],"picked":"Reaper","floor":33},{"not_picked":["Clothesline+1","Iron Wave"],"picked":"Evolve+1","floor":35},{"not_picked":["Burning Pact+1","Sentinel"],"picked":"Armaments+1","floor":37},{"not_picked":["True Grit+1","Clothesline","Rage+1"],"picked":"SKIP","floor":39},{"not_picked":["Warcry","Armaments+1","Body Slam"],"picked":"SKIP","floor":40},{"not_picked":["Power Through+1","Whirlwind+1"],"picked":"Perfected Strike+1","floor":44},{"not_picked":["Entrench+1","Spot Weakness+1"],"picked":"Pommel Strike","floor":45},{"not_picked":["Limit Break","Anger+1"],"picked":"Warcry+1","floor":47}],"player_experience":101218,"relics_obtained":[{"floor":6,"key":"Bottled Tornado"},{"floor":12,"key":"Bottled Lightning"},{"floor":24,"key":"Shuriken"},{"floor":26,"key":"Meat on the Bone"},{"floor":29,"key":"Happy Flower"},{"floor":31,"key":"Matryoshka"},{"floor":40,"key":"Old Coin"},{"floor":42,"key":"Magic Flower"},{"floor":43,"key":"Red Skull"},{"floor":43,"key":"Strawberry"},{"floor":47,"key":"Bag of Marbles"}],"event_choices":[{"damage_healed":0,"gold_gain":0,"player_choice":"Bought 3 Potions","damage_taken":0,"max_hp_gain":0,"max_hp_loss":0,"event_name":"The Woman in Blue","floor":8,"gold_loss":0},{"damage_healed":0,"gold_gain":0,"player_choice":"Obtain J.A.X.","damage_taken":0,"max_hp_gain":0,"max_hp_loss":0,"event_name":"Drug Dealer","floor":19,"gold_loss":0,"cards_obtained":["J.A.X."]},{"damage_healed":0,"gold_gain":0,"player_choice":"Upgraded Two","damage_taken":0,"max_hp_gain":0,"max_hp_loss":0,"event_name":"Designer","floor":20,"gold_loss":40,"cards_upgraded":["Strike_R","Flex"]},{"damage_healed":0,"gold_gain":0,"player_choice":"Paid","damage_taken":0,"relics_obtained":["Red Mask"],"max_hp_gain":0,"max_hp_loss":0,"event_name":"Tomb of Lord Red Mask","floor":38,"gold_loss":74},{"cards_removed":["Defend_R"],"damage_healed":0,"gold_gain":0,"player_choice":"Removed Skill","damage_taken":0,"max_hp_gain":0,"max_hp_loss":0,"event_name":"Falling","floor":41,"gold_loss":0},{"damage_healed":0,"gold_gain":0,"player_choice":"Fight","damage_taken":0,"max_hp_gain":0,"max_hp_loss":0,"event_name":"Mysterious Sphere","floor":42,"gold_loss":0},{"damage_healed":22,"gold_gain":0,"player_choice":"Writhe","damage_taken":0,"max_hp_gain":0,"max_hp_loss":0,"event_name":"Winding Halls","floor":48,"gold_loss":0,"cards_obtained":["Writhe"]}],"is_beta":false,"boss_relics":[{"not_picked":["Black Star","White Beast Statue"],"picked":"Velvet Choker"},{"not_picked":["Runic Cube","Snecko Eye"],"picked":"Philosopher\u0027s Stone"}],"items_purged_floors":[],"is_endless":false,"potions_floor_spawned":[3,11,12,18,21,24,29,31,33,35,40,42,47],"killed_by":"Awakened One","ascension_level":1}