{"gold_per_floor":[115,134,144,144,144,184,202,202,227,227,245,245,50,71,71,195,195,208,169,188,188],"floor_reached":21,"playtime":914,"items_purged":["Strike_G"],"score":262,"play_id":"df65920f-dc50-4c32-b40d-2e09590bdb2c","local_time":"20190425173318","is_ascension_mode":true,"campfire_choices":[{"data":"Neutralize","floor":8,"key":"SMITH"},{"data":"Survivor","floor":10,"key":"SMITH"},{"data":"Backstab","floor":12,"key":"SMITH"},{"floor":15,"key":"REST"}],"neow_cost":"NONE","seed_source_timestamp":523568119975239,"circlet_count":0,"master_deck":["Defend_G","Defend_G","Defend_G","Defend_G","Defend_G","Strike_G","Strike_G","Strike_G","Survivor+1","Neutralize+1","Underhanded Strike","Poisoned Stab","Flying Knee","Backstab+1","Footwork","Deadly Poison","Glass Knife","Noxious Fumes"],"relics":["Ring of the Snake","Golden Idol","Blood Vial","Juzu Bracelet","Eternal Feather"],"potions_floor_usage":[6,11,21,21,21],"damage_taken":[{"damage":0,"enemies":"Jaw Worm","floor":1,"turns":6},{"damage":1,"enemies":"2 Louse","floor":2,"turns":2},{"damage":0,"enemies":"Cultist","floor":3,"turns":3},{"damage":32,"enemies":"3 Sentries","floor":6,"turns":9},{"damage":5,"enemies":"Blue Slaver","floor":7,"turns":3},{"damage":3,"enemies":"Exordium Thugs","floor":11,"turns":4},{"damage":5,"enemies":"Exordium Wildlife","floor":14,"turns":3},{"damage":35,"enemies":"Hexaghost","floor":16,"turns":13},{"damage":5,"enemies":"Shell Parasite","floor":18,"turns":8},{"damage":35,"enemies":"Spheric Guardian","floor":20,"turns":7},{"damage":18,"enemies":"Snecko","floor":21,"turns":5}],"seed_played":"7782019914348859359","potions_obtained":[{"floor":1,"key":"Fire Potion"},{"floor":3,"key":"PowerPotion"},{"floor":5,"key":"Energy Potion"},{"floor":14,"key":"SpeedPotion"},{"floor":20,"key":"Explosive Potion"}],"is_trial":false,"path_per_floor":["M","M","M","?","?","E","M","R","T","R","M","R","$","M","R","B",null,"M","$","M","M"],"character_chosen":"THE_SILENT","items_purchased":["Footwork","Deadly Poison","Noxious Fumes"],"campfire_rested":1,"item_purchase_floors":[13,13,19],"current_hp_per_floor":[63,62,62,62,62,30,27,27,27,27,26,26,26,23,42,9,51,48,48,15,0],"gold":188,"neow_bonus":"TRANSFORM_CARD","is_prod":false,"is_daily":false,"chose_seed":false,"campfire_upgraded":3,"win_rate":0,"timestamp":1556227998,"path_taken":["M","M","M","?","?","E","M","R","T","R","M","R","$","M","R","BOSS","M","$","M","M"],"build_version":"2019-01-23","purchased_purges":1,"victory":false,"max_hp_per_floor":[70,70,70,65,65,65,65,65,65,65,65,65,65,65,65,65,65,65,65,65,65],"card_choices":[{"not_picked":["All Out Attack","Outmaneuver"],"picked":"Poisoned Stab","floor":1},{"not_picked":["Outmaneuver","Catalyst"],"picked":"Flying Knee","floor":2},{"not_picked":["Cloak And Dagger","Underhanded Strike","Blade Dance"],"picked":"SKIP","floor":3},{"not_picked":["Sucker Punch","Dagger Throw","Storm of Steel"],"picked":"SKIP","floor":6},{"not_picked":["Bane","Escape Plan","Outmaneuver"],"picked":"SKIP","floor":7},{"not_picked":["Deadly Poison","Reflex"],"picked":"Backstab","floor":11},{"not_picked":["Deadly Poison","Heel Hook","Acrobatics"],"picked":"SKIP","floor":14},{"not_picked":["Malaise","Envenom"],"picked":"Glass Knife","floor":16},{"not_picked":["Tactician+1","Outmaneuver","Endless Agony"],"picked":"SKIP","floor":18},{"not_picked":["Outmaneuver","Finisher+1","Bane"],"picked":"SKIP","floor":20}],"player_experience":303445,"relics_obtained":[{"floor":6,"key":"Blood Vial"},{"floor":9,"key":"Juzu Bracelet"}],"event_choices":[{"damage_healed":0,"gold_gain":0,"player_choice":"Lose Max HP","damage_taken":0,"relics_obtained":["Golden Idol"],"max_hp_gain":0,"max_hp_loss":5,"event_name":"Golden Idol","floor":4,"gold_loss":0},{"damage_healed":0,"gold_gain":0,"player_choice":"Got Potions","damage_taken":0,"max_hp_gain":0,"max_hp_loss":0,"event_name":"Lab","floor":5,"gold_loss":0}],"is_beta":false,"boss_relics":[{"not_picked":["Calling Bell","White Beast Statue"],"picked":"Eternal Feather"}],"items_purged_floors":[13],"is_endless":false,"potions_floor_spawned":[1,3,14,20],"killed_by":"Snecko","ascension_level":9}