{"gold_per_floor":[119,134,134,152,169,169,26,37,37,37,2,23,37,55,55,181,181,199,215,230,230,25,49,73,73,147,272,287,287,305,319,319,319],"floor_reached":33,"playtime":2660,"items_purged":[],"score":272,"play_id":"3b206286-799a-4f59-afbc-384dfb2f44b3","local_time":"20181024055435","is_ascension_mode":false,"campfire_choices":[{"data":"Tools of the Trade","floor":6,"key":"SMITH"},{"floor":15,"key":"REST"},{"floor":32,"key":"REST"}],"neow_cost":"NONE","seed_source_timestamp":89223955777956,"circlet_count":0,"master_deck":["Defend_G","Defend_G","Survivor","Neutralize","Poisoned Stab+1","Predator+1","Glass Knife+1","Noxious Fumes","Well Laid Plans","Tools of the Trade+1","Bane","Slice","Backflip","Prepared+1","Bite","Bite","Bite","Bite","Bite","Dagger Spray+1","Deadly Poison","Poisoned Stab+1","Blur","Swift Strike","Cloak And Dagger","Dagger Throw+1","Escape Plan"],"relics":["Astrolabe","Anchor","Paper Crane","Golden Idol","Lizard Tail","TheAbacus","Question Card","Thread and Needle","Mummified Hand"],"potions_floor_usage":[16,16,20,27,28,30,31,33],"damage_taken":[{"damage":3,"enemies":"Jaw Worm","floor":1,"turns":3},{"damage":1,"enemies":"Cultist","floor":2,"turns":3},{"damage":0,"enemies":"2 Louse","floor":4,"turns":2},{"damage":0,"enemies":"Large Slime","floor":5,"turns":3},{"damage":8,"enemies":"Gremlin Gang","floor":8,"turns":4},{"damage":0,"enemies":"2 Fungi Beasts","floor":12,"turns":2},{"damage":7,"enemies":"Large Slime","floor":13,"turns":4},{"damage":8,"enemies":"Exordium Thugs","floor":14,"turns":4},{"damage":4,"enemies":"Slime Boss","floor":16,"turns":7},{"damage":16,"enemies":"Spheric Guardian","floor":18,"turns":4},{"damage":3,"enemies":"Shell Parasite","floor":19,"turns":4},{"damage":24,"enemies":"Snake Plant","floor":20,"turns":4},{"damage":15,"enemies":"Snecko","floor":23,"turns":4},{"damage":0,"enemies":"Chosen and Byrds","floor":24,"turns":6},{"damage":5,"enemies":"Colosseum Slavers","floor":27,"turns":5},{"damage":48,"enemies":"Colosseum Nobs","floor":27,"turns":5},{"damage":17,"enemies":"Snake Plant","floor":28,"turns":3},{"damage":1,"enemies":"Shelled Parasite and Fungi","floor":30,"turns":5},{"damage":8,"enemies":"3 Cultists","floor":31,"turns":5},{"damage":83,"enemies":"Automaton","floor":33,"turns":6}],"seed_played":"-2979364093890773567","potions_obtained":[{"floor":2,"key":"Block Potion"},{"floor":12,"key":"Regen Potion"},{"floor":13,"key":"Swift Potion"},{"floor":14,"key":"Fruit Juice"},{"floor":18,"key":"LiquidBronze"},{"floor":20,"key":"Block Potion"},{"floor":27,"key":"SteroidPotion"},{"floor":28,"key":"AttackPotion"},{"floor":31,"key":"SkillPotion"}],"is_trial":false,"path_per_floor":["M","M","?","M","M","R","$","M","T","?","?","M","M","M","R","B",null,"M","M","M","?","$","M","M","?","T","?","M","?","M","M","R"],"character_chosen":"THE_SILENT","items_purchased":["Anchor","TheAbacus"],"campfire_rested":2,"item_purchase_floors":[7,22],"current_hp_per_floor":[67,66,66,66,66,66,66,58,58,41,58,58,51,43,64,65,75,59,56,44,44,44,37,52,52,52,10,1,1,8,10,25,0],"gold":319,"neow_bonus":"BOSS_RELIC","is_prod":false,"is_daily":false,"chose_seed":false,"campfire_upgraded":1,"win_rate":0,"timestamp":1540349675,"path_taken":["M","M","?","M","M","R","$","M","T","?","?","M","?","M","R","BOSS","M","M","M","?","$","M","M","?","T","?","M","?","M","M","R","BOSS"],"build_version":"2018-10-18","purchased_purges":0,"victory":false,"max_hp_per_floor":[70,70,70,70,70,70,70,70,70,70,70,70,70,70,70,75,75,75,75,75,52,52,52,52,52,52,52,52,52,52,52,52,52],"card_choices":[{"not_picked":["Flying Knee","Underhanded Strike"],"picked":"Noxious Fumes","floor":1},{"not_picked":["Slice","Acrobatics"],"picked":"Well Laid Plans","floor":2},{"not_picked":["Leg Sweep","Deadly Poison"],"picked":"Bane","floor":4},{"not_picked":["Prepared","PiercingWail"],"picked":"Slice","floor":5},{"not_picked":["Accuracy","Flechettes"],"picked":"Backflip","floor":8},{"not_picked":["PiercingWail","Dagger Spray","Wraith Form v2"],"picked":"SKIP","floor":12},{"not_picked":["Dagger Spray","Flying Knee","Acrobatics"],"picked":"SKIP","floor":13},{"not_picked":["Heel Hook","Prepared","Deflect"],"picked":"SKIP","floor":14},{"not_picked":["Reflex","Dagger Spray","Concentrate"],"picked":"SKIP","floor":18},{"not_picked":["Slice","Deflect","Underhanded Strike"],"picked":"SKIP","floor":19},{"not_picked":["Outmaneuver","Eviscerate+1"],"picked":"Prepared+1","floor":20},{"not_picked":["Masterful Stab","Finisher"],"picked":"Dagger Spray+1","floor":23},{"not_picked":["Deflect+1","Cloak And Dagger"],"picked":"Deadly Poison","floor":24},{"not_picked":["Deflect","Outmaneuver","Bane"],"picked":"Poisoned Stab+1","floor":27},{"not_picked":["Slice","Venomology","Endless Agony"],"picked":"Blur","floor":28},{"not_picked":["Acrobatics","Sucker Punch","Deflect"],"picked":"Dagger Throw+1","floor":30},{"not_picked":["Riddle With Holes","Cloak And Dagger","PiercingWail"],"picked":"Escape Plan","floor":31}],"player_experience":206425,"relics_obtained":[{"floor":9,"key":"Paper Crane"},{"floor":26,"key":"Question Card"},{"floor":27,"key":"Thread and Needle"},{"floor":27,"key":"Mummified Hand"}],"event_choices":[{"damage_healed":0,"gold_gain":0,"cards_transformed":["Defend_G"],"player_choice":"Transformed","damage_taken":0,"max_hp_gain":0,"max_hp_loss":0,"event_name":"Transmorgrifier","floor":3,"gold_loss":0,"cards_obtained":["Tools of the Trade"]},{"damage_healed":0,"gold_gain":0,"player_choice":"Take Damage","damage_taken":17,"relics_obtained":["Golden Idol"],"max_hp_gain":0,"max_hp_loss":0,"event_name":"Golden Idol","floor":10,"gold_loss":0},{"damage_healed":17,"gold_gain":0,"player_choice":"Healed","damage_taken":0,"max_hp_gain":0,"max_hp_loss":0,"event_name":"The Cleric","floor":11,"gold_loss":35},{"damage_healed":0,"gold_gain":0,"player_choice":"Became a vampire","damage_taken":0,"max_hp_gain":0,"max_hp_loss":23,"event_name":"Vampires","floor":21,"gold_loss":0,"cards_obtained":["Bite","Bite","Bite","Bite","Bite"]},{"cards_removed":["Defend_G"],"damage_healed":0,"gold_gain":0,"player_choice":"Elegance","damage_taken":0,"max_hp_gain":0,"max_hp_loss":0,"event_name":"Back to Basics","floor":25,"gold_loss":0},{"damage_healed":0,"gold_gain":0,"player_choice":"Fight","damage_taken":0,"max_hp_gain":0,"max_hp_loss":0,"event_name":"Colosseum","floor":27,"gold_loss":0},{"damage_healed":0,"gold_gain":0,"player_choice":"Fought Nobs","damage_taken":0,"max_hp_gain":0,"max_hp_loss":0,"event_name":"Colosseum","floor":27,"gold_loss":0},{"damage_healed":0,"gold_gain":0,"player_choice":"2 cards matched","damage_taken":0,"max_hp_gain":0,"max_hp_loss":0,"event_name":"Match and Keep!","floor":29,"gold_loss":0,"cards_obtained":["Swift Strike","Cloak And Dagger"]}],"is_beta":false,"boss_relics":[{"not_picked":["White Beast Statue","Calling Bell"],"picked":"Lizard Tail"}],"items_purged_floors":[],"is_endless":false,"potions_floor_spawned":[2,12,13,14,18,20,27,28,31],"killed_by":"Automaton","ascension_level":0}