{"gold_per_floor":[15,28,28,40,115,143,143,66,91,91,103,152,10,26,26,26],"floor_reached":16,"playtime":1198,"items_purged":["Strike_G"],"score":100,"play_id":"484ac1cb-474e-4fbd-b837-6ab22db2c1d0","local_time":"20190530150600","is_ascension_mode":false,"campfire_choices":[{"data":"Neutralize","floor":7,"key":"SMITH"},{"data":"Glass Knife","floor":10,"key":"SMITH"},{"data":"Footwork","floor":15,"key":"SMITH"}],"neow_cost":"NO_GOLD","seed_source_timestamp":1261460016168700,"circlet_count":0,"master_deck":["Defend_G","Defend_G","Defend_G","Defend_G","Defend_G","Strike_G","Strike_G","Strike_G","Strike_G","Survivor","Neutralize+1","Glass Knife+1","Prepared","Caltrops","Cloak And Dagger","Backflip","Footwork+1","Cloak And Dagger","Well Laid Plans"],"relics":["Ring of the Snake","Regal Pillow","Blood Vial","Vajra","Bag of Preparation"],"potions_floor_usage":[16,16],"damage_taken":[{"damage":0,"enemies":"Jaw Worm","floor":1,"turns":4},{"damage":0,"enemies":"2 Louse","floor":2,"turns":2},{"damage":0,"enemies":"Small Slimes","floor":4,"turns":3},{"damage":41,"enemies":"Lagavulin","floor":6,"turns":10},{"damage":0,"enemies":"Blue Slaver","floor":11,"turns":3},{"damage":1,"enemies":"3 Louse","floor":14,"turns":4},{"damage":12,"enemies":"Slime Boss","floor":16,"turns":10}],"seed_played":"-8261334001467671462","potions_obtained":[{"floor":11,"key":"SpeedPotion"},{"floor":14,"key":"Energy Potion"}],"is_trial":false,"path_per_floor":["M","M","?","M","?","E","R","$","T","R","M","T","$","M","R","B"],"character_chosen":"THE_SILENT","items_purchased":["Footwork","Well Laid Plans"],"campfire_rested":0,"item_purchase_floors":[8,13],"current_hp_per_floor":[70,70,58,58,47,6,6,6,6,6,8,8,8,9,9,0],"gold":26,"neow_bonus":"THREE_RARE_CARDS","is_prod":false,"is_daily":false,"chose_seed":false,"campfire_upgraded":3,"win_rate":0,"timestamp":1559243160,"path_taken":["M","M","?","M","?","E","R","$","T","R","M","?","?","M","R","BOSS"],"build_version":"2019-01-23","purchased_purges":1,"victory":false,"max_hp_per_floor":[70,70,70,70,70,70,70,70,70,70,70,70,70,70,70,70],"card_choices":[{"not_picked":["Doppelganger","After Image"],"picked":"Glass Knife","floor":0},{"not_picked":["Outmaneuver","Choke"],"picked":"Prepared","floor":1},{"not_picked":["Tactician","Dodge and Roll"],"picked":"Caltrops","floor":2},{"not_picked":["Deflect","Bouncing Flask"],"picked":"Cloak And Dagger","floor":4},{"not_picked":["Deflect","Prepared"],"picked":"Backflip","floor":6},{"not_picked":["Blade Dance","Prepared"],"picked":"Cloak And Dagger","floor":11},{"not_picked":["Outmaneuver","Bane","Dagger Throw"],"picked":"SKIP","floor":14}],"player_experience":1000441,"relics_obtained":[{"floor":6,"key":"Blood Vial"},{"floor":9,"key":"Vajra"},{"floor":12,"key":"Bag of Preparation"}],"event_choices":[{"damage_healed":0,"gold_gain":0,"player_choice":"Success","damage_taken":12,"relics_obtained":["Regal Pillow"],"max_hp_gain":0,"max_hp_loss":0,"event_name":"Scrap Ooze","floor":3,"gold_loss":0},{"damage_healed":0,"gold_gain":75,"player_choice":"Gather Gold","damage_taken":11,"max_hp_gain":0,"max_hp_loss":0,"event_name":"World of Goop","floor":5,"gold_loss":0}],"is_beta":false,"boss_relics":[],"items_purged_floors":[13],"is_endless":false,"potions_floor_spawned":[11,14],"killed_by":"Slime Boss","ascension_level":0}