{"gold_per_floor":[111,111,111,131,2,64,74,92,119,119,139,139,167,179,179,179],"floor_reached":16,"playtime":1978,"items_purged":["Defend_G"],"score":107,"play_id":"b9b38158-45ef-43d1-b073-dab3bcf990e8","local_time":"20181029212031","is_ascension_mode":true,"campfire_choices":[{"floor":12,"key":"REST"},{"floor":15,"key":"REST"}],"neow_cost":"NONE","seed_source_timestamp":354221728025930,"circlet_count":0,"master_deck":["Defend_G","Defend_G","Defend_G","Defend_G","Strike_G","Strike_G","Strike_G","Survivor+1","Neutralize+1","Die Die Die","Bane","PiercingWail","Dodge and Roll","Cloak And Dagger","Catalyst","Sucker Punch","Bane","Deflect","Bane","Cloak And Dagger"],"relics":["Ring of the Snake","Tiny Chest","Oddly Smooth Stone","Odd Mushroom"],"potions_floor_usage":[11,16],"damage_taken":[{"damage":0,"enemies":"Small Slimes","floor":1,"turns":4},{"damage":0,"enemies":"Cultist","floor":4,"turns":3},{"damage":51,"enemies":"Gremlin Nob","floor":6,"turns":7},{"damage":0,"enemies":"Jaw Worm","floor":7,"turns":3},{"damage":0,"enemies":"Blue Slaver","floor":8,"turns":4},{"damage":0,"enemies":"Gremlin Gang","floor":11,"turns":3},{"damage":0,"enemies":"The Mushroom Lair","floor":13,"turns":4},{"damage":0,"enemies":"2 Fungi Beasts","floor":14,"turns":3},{"damage":47,"enemies":"Hexaghost","floor":16,"turns":15}],"seed_played":"1331818912429139964","potions_obtained":[{"floor":6,"key":"AttackPotion"},{"floor":8,"key":"Ancient Potion"},{"floor":11,"key":"Poison Potion"},{"floor":13,"key":"Dexterity Potion"}],"is_trial":false,"path_per_floor":["M","?","?","M","$","E","M","M","T","?","M","R","?","M","R"],"character_chosen":"THE_SILENT","items_purchased":["Cloak And Dagger"],"campfire_rested":2,"item_purchase_floors":[5],"current_hp_per_floor":[70,70,56,56,56,5,5,5,5,5,5,26,26,26,47,0],"gold":179,"neow_bonus":"ONE_RANDOM_RARE_CARD","is_prod":false,"is_daily":false,"chose_seed":false,"campfire_upgraded":0,"win_rate":0,"timestamp":1540837231,"path_taken":["M","?","?","M","$","E","M","?","T","?","M","R","?","M","R","BOSS"],"build_version":"2018-10-25v2","purchased_purges":1,"victory":false,"max_hp_per_floor":[70,70,70,70,70,70,70,70,70,70,70,70,70,70,70,70],"card_choices":[{"not_picked":["Acrobatics","Prepared"],"picked":"Bane","floor":1},{"not_picked":["Finisher","PiercingWail"],"picked":"Dodge and Roll","floor":4},{"not_picked":["Calculated Gamble","Slice"],"picked":"Catalyst","floor":6},{"not_picked":["Skewer","Terror"],"picked":"Sucker Punch","floor":7},{"not_picked":["Terror","Expertise"],"picked":"Bane","floor":8},{"not_picked":["Sucker Punch","Terror"],"picked":"Deflect","floor":11},{"not_picked":["Prepared","Escape Plan"],"picked":"Bane","floor":13},{"not_picked":["Wraith Form v2","Choke"],"picked":"Cloak And Dagger","floor":14}],"player_experience":230963,"relics_obtained":[{"floor":6,"key":"Tiny Chest"},{"floor":9,"key":"Oddly Smooth Stone"},{"floor":13,"key":"Odd Mushroom"}],"event_choices":[{"damage_healed":0,"gold_gain":0,"cards_transformed":["Strike_G"],"player_choice":"Transformed","damage_taken":0,"max_hp_gain":0,"max_hp_loss":0,"event_name":"Transmorgrifier","floor":2,"gold_loss":0,"cards_obtained":["PiercingWail"]},{"damage_healed":0,"gold_gain":0,"player_choice":"Entered Light","damage_taken":14,"max_hp_gain":0,"max_hp_loss":0,"event_name":"Shining Light","floor":3,"gold_loss":0,"cards_upgraded":["Neutralize","Survivor"]},{"cards_removed":["Strike_G"],"damage_healed":0,"gold_gain":0,"player_choice":"Purged","damage_taken":0,"max_hp_gain":0,"max_hp_loss":0,"event_name":"Purifier","floor":10,"gold_loss":0},{"damage_healed":0,"gold_gain":0,"player_choice":"Fought Mushrooms","damage_taken":0,"max_hp_gain":0,"max_hp_loss":0,"event_name":"Mushrooms","floor":13,"gold_loss":0}],"is_beta":false,"boss_relics":[],"items_purged_floors":[5],"is_endless":false,"potions_floor_spawned":[6,8,11,13],"killed_by":"Hexaghost","ascension_level":1}