{"gold_per_floor":[116,131,147,147,165,165,179,179,179,206,226,240,265,14,14,113,113,126,145,155,80,100,133,133,144,144,144,144,164,164,164,164,164],"floor_reached":33,"playtime":1191,"items_purged":[],"score":295,"play_id":"bb654320-fc9f-4b39-b0de-742a0bcddf36","local_time":"20190406212655","is_ascension_mode":true,"campfire_choices":[{"data":"Perfected Strike","floor":6,"key":"SMITH"},{"data":"Armaments","floor":8,"key":"SMITH"},{"floor":15,"key":"RECALL"},{"data":"Pommel Strike","floor":24,"key":"SMITH"},{"floor":27,"key":"REST"},{"data":"Perfected Strike","floor":30,"key":"SMITH"},{"floor":32,"key":"REST"}],"neow_cost":"NONE","seed_source_timestamp":506024683713723,"circlet_count":0,"master_deck":["Strike_R+1","Strike_R+1","Strike_R+1","Strike_R+1","Strike_R+1","Defend_R+1","Defend_R+1","Defend_R+1","Bash","Havoc","Flex","Perfected Strike+1","Disarm","Armaments+1","Perfected Strike+1","Perfected Strike","Wild Strike","Dark Embrace","Demon Form","Pommel Strike+1","Flex","Dropkick","Flex","Shrug It Off"],"relics":["Burning Blood","Red Skull","Bronze Scales","Unceasing Top","Letter Opener","Ornamental Fan","Velvet Choker","Blue Candle","Frozen Egg 2"],"potions_floor_usage":[16,23,25],"damage_taken":[{"damage":6,"enemies":"Small Slimes","floor":1,"turns":4},{"damage":13,"enemies":"Cultist","floor":2,"turns":5},{"damage":0,"enemies":"2 Louse","floor":3,"turns":3},{"damage":21,"enemies":"Gremlin Gang","floor":5,"turns":3},{"damage":0,"enemies":"Blue Slaver","floor":7,"turns":4},{"damage":13,"enemies":"3 Sentries","floor":10,"turns":7},{"damage":11,"enemies":"Looter","floor":11,"turns":3},{"damage":15,"enemies":"Exordium Thugs","floor":12,"turns":4},{"damage":34,"enemies":"Lagavulin","floor":13,"turns":4},{"damage":7,"enemies":"Slime Boss","floor":16,"turns":8},{"damage":0,"enemies":"Spheric Guardian","floor":18,"turns":3},{"damage":5,"enemies":"Chosen","floor":19,"turns":3},{"damage":9,"enemies":"Snake Plant","floor":20,"turns":3},{"damage":38,"enemies":"Centurion and Healer","floor":22,"turns":4},{"damage":27,"enemies":"Slavers","floor":23,"turns":4},{"damage":8,"enemies":"Shelled Parasite and Fungi","floor":25,"turns":3},{"damage":17,"enemies":"3 Cultists","floor":29,"turns":4},{"damage":75,"enemies":"Collector","floor":33,"turns":7}],"seed_played":"55578725781554963","potions_obtained":[{"floor":2,"key":"Ancient Potion"},{"floor":7,"key":"FearPotion"},{"floor":13,"key":"Regen Potion"},{"floor":19,"key":"FearPotion"},{"floor":20,"key":"GamblersBrew"},{"floor":25,"key":"SteroidPotion"}],"is_trial":false,"path_per_floor":["M","M","M","?","M","R","M","R","T","E","M","M","E","$","R","B",null,"M","M","M","?","M","E","R","M","T","R","?","M","R","?","R","B"],"character_chosen":"IRONCLAD","items_purchased":["Ornamental Fan"],"campfire_rested":2,"item_purchase_floors":[14],"current_hp_per_floor":[80,73,79,79,64,64,70,70,70,63,58,49,21,21,21,35,80,80,80,77,77,45,24,24,22,22,46,46,35,35,35,59,0],"gold":164,"neow_bonus":"RANDOM_COMMON_RELIC","is_prod":false,"is_daily":false,"chose_seed":false,"campfire_upgraded":4,"win_rate":0,"timestamp":1554600415,"path_taken":["M","M","M","?","M","R","M","R","T","E","M","?","E","?","R","BOSS","M","M","?","?","M","E","R","M","T","R","?","M","R","?","R","BOSS"],"build_version":"2019-01-23","purchased_purges":0,"victory":false,"max_hp_per_floor":[80,80,80,80,80,80,80,80,80,80,80,80,80,80,80,80,80,80,80,80,80,80,80,80,80,80,80,80,80,80,80,80,80],"card_choices":[{"not_picked":["True Grit","Body Slam"],"picked":"Havoc","floor":1},{"not_picked":["Sword Boomerang","Iron Wave"],"picked":"Flex","floor":2},{"not_picked":["Clash","Sword Boomerang"],"picked":"Perfected Strike","floor":3},{"not_picked":["Sentinel","Wild Strike"],"picked":"Disarm","floor":5},{"not_picked":["Headbutt","Barricade"],"picked":"Armaments","floor":7},{"not_picked":["Pommel Strike","Ghostly Armor"],"picked":"Perfected Strike","floor":10},{"not_picked":["Combust","Flame Barrier"],"picked":"Perfected Strike","floor":11},{"not_picked":["Flame Barrier","Sword Boomerang"],"picked":"Wild Strike","floor":12},{"not_picked":["Clash","Hemokinesis"],"picked":"Dark Embrace","floor":13},{"not_picked":["Berserk","Dark Embrace"],"picked":"Demon Form","floor":16},{"not_picked":["Inflame","Ghostly Armor"],"picked":"Pommel Strike","floor":18},{"not_picked":["Rupture","Body Slam"],"picked":"Flex","floor":19},{"not_picked":["Body Slam","Bloodletting","Seeing Red"],"picked":"SKIP","floor":20},{"not_picked":["Flex","Warcry"],"picked":"Dropkick","floor":22},{"not_picked":["Havoc+1","Evolve","Hemokinesis"],"picked":"SKIP","floor":23},{"not_picked":["True Grit","Iron Wave"],"picked":"Flex","floor":25},{"not_picked":["Burning Pact","Searing Blow"],"picked":"Shrug It Off","floor":29}],"player_experience":104208,"relics_obtained":[{"floor":10,"key":"Unceasing Top"},{"floor":13,"key":"Letter Opener"},{"floor":23,"key":"Blue Candle"},{"floor":26,"key":"Frozen Egg 2"}],"event_choices":[{"damage_healed":0,"gold_gain":0,"player_choice":"Gave Potion","damage_taken":0,"relics_obtained":["Bronze Scales"],"max_hp_gain":0,"max_hp_loss":0,"event_name":"WeMeetAgain","floor":4,"gold_loss":0},{"cards_removed":["Defend_R"],"damage_healed":0,"gold_gain":0,"player_choice":"Gave Gold","damage_taken":0,"max_hp_gain":0,"max_hp_loss":0,"event_name":"Beggar","floor":21,"gold_loss":75},{"damage_healed":0,"gold_gain":0,"player_choice":"Simplicity","damage_taken":0,"max_hp_gain":0,"max_hp_loss":0,"event_name":"Back to Basics","floor":28,"gold_loss":0,"cards_upgraded":["Strike_R","Strike_R","Strike_R","Strike_R","Strike_R","Defend_R","Defend_R","Defend_R"]},{"damage_healed":0,"gold_gain":0,"player_choice":"Ignored","damage_taken":0,"max_hp_gain":0,"max_hp_loss":0,"event_name":"Vampires","floor":31,"gold_loss":0}],"is_beta":false,"boss_relics":[{"not_picked":["Calling Bell","White Beast Statue"],"picked":"Velvet Choker"}],"items_purged_floors":[],"is_endless":false,"potions_floor_spawned":[2,7,13,19,20,22,25],"killed_by":"Collector","ascension_level":1}