{"gold_per_floor":[111,122,122,1,176,217,217,217,217,242,258,258,33,54,54,54],"floor_reached":16,"playtime":969,"items_purged":["Injury"],"score":105,"play_id":"d4201ae6-4953-459d-9924-ccf48f23027b","local_time":"20190602034116","is_ascension_mode":true,"campfire_choices":[{"floor":8,"key":"REST"},{"data":"Searing Blow","floor":12,"key":"SMITH"},{"data":"Heavy Blade","floor":15,"key":"SMITH"}],"neow_cost":"NONE","seed_source_timestamp":28460396056255,"circlet_count":0,"master_deck":["Strike_R","Strike_R","Strike_R","Strike_R","Strike_R","Defend_R","Defend_R","Defend_R","Defend_R","Bash","Cleave","Heavy Blade+1","Headbutt","Doubt","Searing Blow+1","Thunderclap","Inflame","Burning Pact","Iron Wave"],"relics":["Burning Blood","Golden Idol","Potion Belt","Regal Pillow","Happy Flower","Membership Card"],"potions_floor_usage":[6,6,6],"damage_taken":[{"damage":4,"enemies":"Cultist","floor":1,"turns":4},{"damage":0,"enemies":"Small Slimes","floor":2,"turns":2},{"damage":36,"enemies":"Lagavulin","floor":6,"turns":8},{"damage":0,"enemies":"2 Louse","floor":10,"turns":3},{"damage":6,"enemies":"2 Fungi Beasts","floor":11,"turns":2},{"damage":13,"enemies":"Exordium Wildlife","floor":14,"turns":4},{"damage":88,"enemies":"The Guardian","floor":16,"turns":10}],"seed_played":"8997940265537597041","potions_obtained":[{"floor":0,"key":"SmokeBomb"},{"floor":0,"key":"Strength Potion"},{"floor":0,"key":"SteroidPotion"},{"floor":1,"key":"EssenceOfSteel"},{"floor":6,"key":"FairyPotion"}],"is_trial":false,"path_per_floor":["M","M","?","$","?","E","?","R","T","M","M","R","$","M","R","B"],"character_chosen":"IRONCLAD","items_purchased":["Headbutt","Membership Card","Burning Pact"],"campfire_rested":1,"item_purchase_floors":[4,13,13],"current_hp_per_floor":[80,80,80,80,80,50,47,80,80,80,80,80,80,73,73,0],"gold":54,"neow_bonus":"THREE_SMALL_POTIONS","is_prod":false,"is_daily":false,"chose_seed":false,"campfire_upgraded":2,"win_rate":0,"timestamp":1559464876,"path_taken":["M","M","?","$","?","E","?","R","T","M","M","R","$","M","R","BOSS"],"build_version":"2019-01-23","purchased_purges":1,"victory":false,"max_hp_per_floor":[80,80,80,80,80,80,80,80,80,80,80,80,80,80,80,80],"card_choices":[{"not_picked":["Pommel Strike","Power Through"],"picked":"Cleave","floor":1},{"not_picked":["Anger","Rupture"],"picked":"Heavy Blade","floor":2},{"not_picked":["Flex","Armaments"],"picked":"Searing Blow","floor":6},{"not_picked":["Hemokinesis","True Grit"],"picked":"Thunderclap","floor":10},{"not_picked":["Feed","Anger"],"picked":"Inflame","floor":11},{"not_picked":["True Grit","Cleave"],"picked":"Iron Wave","floor":14}],"player_experience":25710,"relics_obtained":[{"floor":6,"key":"Potion Belt"},{"floor":9,"key":"Happy Flower"}],"event_choices":[{"damage_healed":0,"gold_gain":0,"player_choice":"Take Wound","damage_taken":0,"relics_obtained":["Golden Idol"],"max_hp_gain":0,"max_hp_loss":0,"event_name":"Golden Idol","floor":3,"gold_loss":0,"cards_obtained":["Injury"]},{"damage_healed":0,"gold_gain":175,"player_choice":"AGREE","damage_taken":0,"max_hp_gain":0,"max_hp_loss":0,"event_name":"Liars Game","floor":5,"gold_loss":0,"cards_obtained":["Doubt"]},{"damage_healed":0,"gold_gain":0,"player_choice":"Success","damage_taken":3,"relics_obtained":["Regal Pillow"],"max_hp_gain":0,"max_hp_loss":0,"event_name":"Scrap Ooze","floor":7,"gold_loss":0}],"is_beta":false,"boss_relics":[],"items_purged_floors":[4],"is_endless":false,"potions_floor_spawned":[1,2,6],"killed_by":"The Guardian","ascension_level":1}