{"gold_per_floor":[118,118,129,129,144,144,169,169,169,109,119,119,135,160,160,160],"floor_reached":16,"playtime":451,"items_purged":["Strike_R"],"score":200,"play_id":"ccac7080-8698-4f09-8caa-23323155a6fe","local_time":"20190525000308","is_ascension_mode":true,"campfire_choices":[{"data":"Inflame","floor":6,"key":"SMITH"},{"data":"Intimidate","floor":8,"key":"SMITH"},{"data":"Bash","floor":12,"key":"SMITH"},{"floor":15,"key":"REST"}],"neow_cost":"PERCENT_DAMAGE","seed_source_timestamp":1458694176682446,"circlet_count":0,"master_deck":["AscendersBane","Strike_R","Strike_R","Strike_R+1","Strike_R","Defend_R","Defend_R+1","Defend_R","Defend_R","Bash+1","Impervious","Flame Barrier","Inflame+1","Shrug It Off","Intimidate+1","Clothesline"],"relics":["Burning Blood","Kunai","The Courier","PreservedInsect"],"potions_floor_usage":[16,16],"damage_taken":[{"damage":2,"enemies":"2 Louse","floor":1,"turns":4},{"damage":12,"enemies":"Jaw Worm","floor":3,"turns":5},{"damage":0,"enemies":"Small Slimes","floor":5,"turns":4},{"damage":41,"enemies":"Gremlin Nob","floor":7,"turns":5},{"damage":4,"enemies":"Red Slaver","floor":11,"turns":4},{"damage":0,"enemies":"Exordium Wildlife","floor":13,"turns":4},{"damage":49,"enemies":"Hexaghost","floor":16,"turns":10}],"seed_played":"9034854849823894305","potions_obtained":[{"floor":1,"key":"SpeedPotion"},{"floor":11,"key":"Weak Potion"},{"floor":13,"key":"BloodPotion"}],"is_trial":false,"path_per_floor":["M","?","M","?","M","R","E","R","T","$","M","R","M","T","R","B"],"character_chosen":"IRONCLAD","items_purchased":[],"campfire_rested":1,"item_purchase_floors":[],"current_hp_per_floor":[54,31,25,50,56,56,21,21,21,21,23,23,29,29,51,9],"gold":160,"neow_bonus":"THREE_RARE_CARDS","is_prod":false,"is_daily":false,"chose_seed":false,"campfire_upgraded":3,"win_rate":0,"timestamp":1558756988,"path_taken":["M","?","M","?","M","R","E","R","T","$","M","R","M","?","R","BOSS"],"build_version":"2019-01-23","purchased_purges":1,"victory":false,"max_hp_per_floor":[75,75,75,75,75,75,75,75,75,75,75,75,75,75,75,75],"card_choices":[{"not_picked":["Exhume","Fiend Fire"],"picked":"Impervious","floor":0},{"not_picked":["Infernal Blade","Anger"],"picked":"Flame Barrier","floor":1},{"not_picked":["Battle Trance","Blood for Blood"],"picked":"Inflame","floor":3},{"not_picked":["Havoc","Armaments"],"picked":"Shrug It Off","floor":5},{"not_picked":["Cleave","Havoc"],"picked":"Intimidate","floor":7},{"not_picked":["Ghostly Armor","Shrug It Off"],"picked":"Clothesline","floor":11},{"not_picked":["Clash","Flame Barrier","Armaments"],"picked":"SKIP","floor":13}],"player_experience":501003,"relics_obtained":[{"floor":7,"key":"Kunai"},{"floor":9,"key":"The Courier"},{"floor":14,"key":"PreservedInsect"}],"event_choices":[{"damage_healed":0,"gold_gain":0,"player_choice":"Entered Light","damage_taken":23,"max_hp_gain":0,"max_hp_loss":0,"event_name":"Shining Light","floor":2,"gold_loss":0,"cards_upgraded":["Strike_R","Defend_R"]},{"damage_healed":25,"gold_gain":0,"player_choice":"Banana","damage_taken":0,"max_hp_gain":0,"max_hp_loss":0,"event_name":"Big Fish","floor":4,"gold_loss":0}],"is_beta":false,"boss_relics":[],"items_purged_floors":[10],"is_endless":false,"potions_floor_spawned":[1,11,13],"killed_by":"Hexaghost","ascension_level":20}