{"gold_per_floor":[112,125,50,50,50,50,108,121,203,217,228,228,228],"floor_reached":13,"playtime":455,"items_purged":["Strike_B"],"score":170,"play_id":"66718a93-3a77-4adc-a255-48c5e91452ba","local_time":"20190610000111","is_ascension_mode":true,"campfire_choices":[{"data":"Zap","floor":6.0,"key":"SMITH"},{"floor":12,"key":"REST"}],"neow_cost":"TEN_PERCENT_HP_LOSS","seed_source_timestamp":267771137693499,"circlet_count":0,"master_deck":["AscendersBane","Strike_B","Strike_B","Defend_B","Defend_B","Defend_B","Defend_B","Zap+1","Dualcast","Fission","Static Discharge","Ball Lightning","Darkness","Go for the Eyes","Self Repair"],"special_seed":0,"relics":["Cracked Core","NlothsMask","Tiny Chest"],"potions_floor_usage":[13],"damage_taken":[{"damage":6.0,"enemies":"Cultist","floor":1.0,"turns":3.0},{"damage":4.0,"enemies":"Small Slimes","floor":2.0,"turns":4.0},{"damage":35,"enemies":"3 Sentries","floor":7,"turns":8},{"damage":3,"enemies":"2 Louse","floor":8,"turns":3},{"damage":8,"enemies":"Blue Slaver","floor":10,"turns":3},{"damage":0,"enemies":"Exordium Wildlife","floor":11,"turns":2},{"damage":28,"enemies":"2 Fungi Beasts","floor":13,"turns":3}],"seed_played":"-3893488732281280467","potions_obtained":[{"floor":1.0,"key":"FocusPotion"},{"floor":8,"key":"Dexterity Potion"}],"is_trial":false,"path_per_floor":["M","M","$","?","?","R","E","M","T","M","M","R","M"],"character_chosen":"DEFECT","items_purchased":[],"campfire_rested":1,"item_purchase_floors":[],"current_hp_per_floor":[58,54,54,47,47,47,12,9,9,1,1,20,0],"gold":228,"neow_bonus":"THREE_RARE_CARDS","is_prod":false,"is_daily":false,"chose_seed":false,"campfire_upgraded":1,"win_rate":0,"timestamp":1560139271,"path_taken":["M","M","$","?","?","R","E","M","T","?","M","R","M"],"build_version":"2019-01-23","purchased_purges":1,"victory":false,"max_hp_per_floor":[64,64,64,64,64,64,64,64,64,64,64,64,64],"card_choices":[{"not_picked":["Electrodynamics","Seek"],"picked":"Fission","floor":0.0},{"not_picked":["Gash","Streamline"],"picked":"Static Discharge","floor":1.0},{"not_picked":["Stack","Barrage"],"picked":"Ball Lightning","floor":2.0},{"not_picked":["Multi-Cast","Ball Lightning"],"picked":"Darkness","floor":7},{"not_picked":["Fusion","Streamline"],"picked":"Go for the Eyes","floor":8},{"not_picked":["Darkness","Compile Driver","Hologram"],"picked":"SKIP","floor":10},{"not_picked":["Tempest","Melter"],"picked":"Self Repair","floor":11}],"player_experience":497901,"relics_obtained":[{"floor":7,"key":"Tiny Chest"}],"event_choices":[{"cards_removed":["Strike_B"],"damage_healed":0.0,"max_hp_gain":0.0,"max_hp_loss":0.0,"gold_gain":0.0,"event_name":"Golden Wing","player_choice":"Card Removal","floor":4.0,"gold_loss":0.0,"damage_taken":7.0},{"damage_healed":0.0,"max_hp_gain":0.0,"max_hp_loss":0.0,"gold_gain":0.0,"event_name":"FaceTrader","player_choice":"Trade","floor":5.0,"gold_loss":0.0,"damage_taken":0.0,"relics_obtained":["NlothsMask"]}],"is_beta":false,"boss_relics":[],"items_purged_floors":[3],"is_endless":false,"potions_floor_spawned":[1,8],"killed_by":"2 Fungi Beasts","ascension_level":20}