{"gold_per_floor":[116,130,49,49,49,84,139,139,139,64,64,64,96,115,115,215,215,230,130,229,242,157,157],"floor_reached":23,"playtime":1276,"items_purged":["Strike_R","Strike_R"],"score":220,"play_id":"7d536b38-e72a-41a0-afb1-75b6ad2a286d","local_time":"20190524221606","is_ascension_mode":false,"campfire_choices":[{"data":"Heavy Blade","floor":8,"key":"SMITH"},{"data":"Thunderclap","floor":15,"key":"SMITH"}],"neow_cost":"NONE","seed_source_timestamp":768790139238300,"circlet_count":0,"master_deck":["Strike_R+1","Strike_R+1","Defend_R+1","Defend_R","Defend_R","Defend_R","Bash+1","Flex","Heavy Blade+1","Spot Weakness+1","Thunderclap+1","Shrug It Off","Double Tap","Pummel+1"],"relics":["Burning Blood","NeowsBlessing","Whetstone","Ancient Tea Set","Ice Cream","Happy Flower","Philosopher\u0027s Stone","Potion Belt"],"potions_floor_usage":[],"damage_taken":[{"damage":0,"enemies":"Cultist","floor":1,"turns":1},{"damage":0,"enemies":"2 Louse","floor":2,"turns":1},{"damage":0,"enemies":"3 Sentries","floor":6,"turns":1},{"damage":31,"enemies":"3 Sentries","floor":7,"turns":6},{"damage":13,"enemies":"Lagavulin","floor":13,"turns":6},{"damage":0,"enemies":"Small Slimes","floor":14,"turns":3},{"damage":6,"enemies":"The Guardian","floor":16,"turns":7},{"damage":0,"enemies":"Chosen","floor":18,"turns":3},{"damage":32,"enemies":"3 Byrds","floor":21,"turns":5},{"damage":56,"enemies":"Book of Stabbing","floor":23,"turns":4}],"seed_played":"2094969806934337661","potions_obtained":[{"floor":1,"key":"FearPotion"},{"floor":6,"key":"SpeedPotion"},{"floor":13,"key":"Strength Potion"}],"is_trial":false,"path_per_floor":["M","M","$","?","?","E","?","R","T","$","?","$","E","M","R","B",null,"M","$","?","M","?","E"],"character_chosen":"IRONCLAD","items_purchased":["Spot Weakness"],"campfire_rested":0,"item_purchase_floors":[3],"current_hp_per_floor":[80,80,80,80,64,70,45,45,45,45,45,45,38,44,44,44,80,80,80,80,54,54,0],"gold":157,"neow_bonus":"THREE_ENEMY_KILL","is_prod":false,"is_daily":false,"chose_seed":false,"campfire_upgraded":2,"win_rate":0,"timestamp":1558750566,"path_taken":["M","?","$","?","?","E","?","R","T","?","?","$","E","M","R","BOSS","M","$","?","M","?","E"],"build_version":"2019-01-23","purchased_purges":2,"victory":false,"max_hp_per_floor":[80,80,80,80,80,80,80,80,80,80,80,80,80,80,80,80,80,80,80,80,80,80,80],"card_choices":[{"not_picked":["Second Wind","Pommel Strike"],"picked":"Flex","floor":1},{"not_picked":["Iron Wave","Twin Strike"],"picked":"Heavy Blade","floor":2},{"not_picked":["Bludgeon","Twin Strike","Power Through"],"picked":"SKIP","floor":6},{"not_picked":["Uppercut","Wild Strike"],"picked":"Thunderclap","floor":13},{"not_picked":["Sever Soul","Second Wind"],"picked":"Shrug It Off","floor":14},{"not_picked":["Fiend Fire","Juggernaut"],"picked":"Double Tap","floor":16},{"not_picked":["Flex","Perfected Strike","Feel No Pain"],"picked":"SKIP","floor":18},{"not_picked":["Burning Pact","Heavy Blade"],"picked":"Pummel+1","floor":21}],"player_experience":906183,"relics_obtained":[{"floor":6,"key":"Whetstone"},{"floor":7,"key":"Ancient Tea Set"},{"floor":9,"key":"Ice Cream"},{"floor":13,"key":"Happy Flower"}],"event_choices":[{"damage_healed":0,"gold_gain":0,"player_choice":"Grow","damage_taken":0,"max_hp_gain":0,"max_hp_loss":0,"event_name":"Living Wall","floor":4,"gold_loss":0,"cards_upgraded":["Spot Weakness"]},{"damage_healed":0,"gold_gain":0,"player_choice":"Entered Light","damage_taken":16,"max_hp_gain":0,"max_hp_loss":0,"event_name":"Shining Light","floor":5,"gold_loss":0,"cards_upgraded":["Defend_R","Strike_R"]},{"damage_healed":0,"gold_gain":0,"player_choice":"Searched \u00271\u0027 times","damage_taken":0,"max_hp_gain":0,"max_hp_loss":0,"event_name":"Dead Adventurer","floor":7,"gold_loss":0},{"cards_removed":["Strike_R"],"damage_healed":0,"gold_gain":0,"player_choice":"Offered Basic","damage_taken":0,"max_hp_gain":0,"max_hp_loss":0,"event_name":"Bonfire Elementals","floor":11,"gold_loss":0},{"damage_healed":0,"gold_gain":99,"player_choice":"Stole From Cult","damage_taken":0,"max_hp_gain":0,"max_hp_loss":0,"event_name":"Nest","floor":20,"gold_loss":0},{"damage_healed":0,"gold_gain":0,"player_choice":"Obtained Relic","damage_taken":0,"relics_obtained":["Potion Belt"],"max_hp_gain":0,"max_hp_loss":0,"event_name":"Addict","floor":22,"gold_loss":85}],"is_beta":false,"boss_relics":[{"not_picked":["Lizard Tail","Busted Crown"],"picked":"Philosopher\u0027s Stone"}],"items_purged_floors":[10,19],"is_endless":false,"potions_floor_spawned":[1,6,13,14,21],"killed_by":"Book of Stabbing","ascension_level":0}