{"gold_per_floor":[15,26,26,26,44,79,96,113,113,113,125,153,166,177,177,319,319,330,343,355,372,372],"floor_reached":22,"playtime":1935,"items_purged":[],"score":204,"play_id":"f5a5a14a-7873-4df6-8faf-794e372fb8e2","local_time":"20190314224610","is_ascension_mode":false,"campfire_choices":[{"floor":10,"key":"REST"},{"floor":15,"key":"REST"}],"neow_cost":"NO_GOLD","seed_source_timestamp":543397210330005,"circlet_count":0,"master_deck":["Strike_R","Strike_R","Strike_R","Strike_R","Strike_R","Defend_R","Defend_R","Defend_R","Bash","Blind","Magnetism","Headbutt","Pommel Strike","Carnage","Anger","Twin Strike","Bludgeon","Warcry","Dropkick","Barricade+1","Uppercut+1","Double Tap+1","Burning Pact+1","Rage+1","Body Slam+1","Flex"],"relics":["Burning Blood","Potion Belt","Gremlin Horn","Anchor","Astrolabe"],"potions_floor_usage":[19,21,21,21,22,22],"damage_taken":[{"damage":3,"enemies":"Jaw Worm","floor":1,"turns":6},{"damage":0,"enemies":"Small Slimes","floor":2,"turns":3},{"damage":9,"enemies":"Cultist","floor":5,"turns":5},{"damage":41,"enemies":"3 Sentries","floor":6,"turns":9},{"damage":11,"enemies":"Blue Slaver","floor":7,"turns":4},{"damage":9,"enemies":"Looter","floor":8,"turns":4},{"damage":0,"enemies":"Exordium Thugs","floor":11,"turns":4},{"damage":24,"enemies":"Gremlin Nob","floor":12,"turns":4},{"damage":0,"enemies":"2 Fungi Beasts","floor":13,"turns":2},{"damage":0,"enemies":"Lots of Slimes","floor":14,"turns":3},{"damage":23,"enemies":"Slime Boss","floor":16,"turns":8},{"damage":20,"enemies":"3 Byrds","floor":18,"turns":6},{"damage":30,"enemies":"Spheric Guardian","floor":19,"turns":4},{"damage":41,"enemies":"Centurion and Healer","floor":20,"turns":7},{"damage":6,"enemies":"Snake Plant","floor":21,"turns":2},{"damage":10,"enemies":"Snecko","floor":22,"turns":3}],"seed_played":"7883271528422681344","potions_obtained":[{"floor":1,"key":"Swift Potion"},{"floor":4,"key":"Regen Potion"},{"floor":4,"key":"SteroidPotion"},{"floor":7,"key":"EssenceOfSteel"},{"floor":8,"key":"Weak Potion"},{"floor":12,"key":"Swift Potion"},{"floor":14,"key":"GamblersBrew"},{"floor":19,"key":"AttackPotion"}],"is_trial":false,"path_per_floor":["M","M","?","?","M","E","M","M","T","R","M","E","M","M","R","B",null,"M","M","M","M","M"],"character_chosen":"IRONCLAD","items_purchased":[],"campfire_rested":2,"item_purchase_floors":[],"current_hp_per_floor":[80,80,73,73,70,35,30,27,27,51,57,39,45,51,75,58,80,66,42,7,7,0],"gold":372,"neow_bonus":"RANDOM_COLORLESS_2","is_prod":false,"is_daily":false,"chose_seed":false,"campfire_upgraded":0,"win_rate":0.0,"timestamp":1552617970,"path_taken":["M","M","?","?","M","E","M","M","T","R","M","E","M","M","R","BOSS","M","M","M","M","M"],"build_version":"2019-01-23","purchased_purges":0,"victory":false,"max_hp_per_floor":[80,80,80,80,80,80,80,80,80,80,80,80,80,80,80,80,80,80,80,80,80,80],"card_choices":[{"not_picked":["Warcry","Whirlwind"],"picked":"Headbutt","floor":1},{"not_picked":["Thunderclap","Hemokinesis"],"picked":"Shrug It Off","floor":2},{"not_picked":["Entrench","Power Through"],"picked":"Pommel Strike","floor":5},{"not_picked":["Second Wind","Metallicize"],"picked":"Carnage","floor":6},{"not_picked":["Perfected Strike","Thunderclap"],"picked":"Anger","floor":7},{"not_picked":["Burning Pact","Heavy Blade"],"picked":"Twin Strike","floor":8},{"not_picked":["Inflame","Headbutt"],"picked":"Bludgeon","floor":11},{"not_picked":["Iron Wave","Seeing Red"],"picked":"Pommel Strike","floor":12},{"not_picked":["Intimidate","Pummel"],"picked":"Warcry","floor":13},{"not_picked":["Pummel","True Grit"],"picked":"Dropkick","floor":14},{"not_picked":["Demon Form","Barricade"],"picked":"Berserk","floor":16},{"not_picked":["Disarm","Headbutt"],"picked":"Burning Pact+1","floor":18},{"not_picked":["Hemokinesis","Anger"],"picked":"Rage+1","floor":19},{"not_picked":["Heavy Blade","Feel No Pain"],"picked":"Body Slam+1","floor":20},{"not_picked":["Uppercut","Dual Wield"],"picked":"Flex","floor":21}],"player_experience":5013,"relics_obtained":[{"floor":6,"key":"Potion Belt"},{"floor":9,"key":"Gremlin Horn"},{"floor":12,"key":"Anchor"}],"event_choices":[{"cards_removed":["Defend_R"],"damage_healed":0,"gold_gain":0,"player_choice":"Card Removal","damage_taken":7,"max_hp_gain":0,"max_hp_loss":0,"event_name":"Golden Wing","floor":3,"gold_loss":0},{"damage_healed":0,"gold_gain":0,"player_choice":"Got Potions","damage_taken":0,"max_hp_gain":0,"max_hp_loss":0,"event_name":"Lab","floor":4,"gold_loss":0}],"is_beta":false,"boss_relics":[{"not_picked":["Calling Bell","Ectoplasm"],"picked":"Astrolabe"}],"items_purged_floors":[],"is_endless":false,"potions_floor_spawned":[1,7,8,12,14,19],"killed_by":"Snecko","ascension_level":0}