{"gold_per_floor":[117,133,144,159,175,207,207,219,219,219,253,272,288,253,253,355,355,375,375,392,403,423,423],"floor_reached":23,"playtime":1210,"items_purged":[],"score":230,"play_id":"233d6dcf-c1e1-47cf-822a-023a9dbe170d","local_time":"20190412223112","is_ascension_mode":true,"campfire_choices":[{"data":"Juggernaut","floor":7,"key":"SMITH"},{"data":"Metallicize","floor":10,"key":"SMITH"},{"data":"Armaments","floor":15,"key":"SMITH"}],"neow_cost":"NONE","seed_source_timestamp":74393309460751,"circlet_count":0,"master_deck":["Strike_R","Strike_R","Strike_R","Strike_R","Strike_R","Defend_R","Defend_R","Defend_R+1","Defend_R","Bash","Double Tap","Shrug It Off+1","Seeing Red","Warcry","Shockwave","Juggernaut+1","Metallicize+1","Armaments+1","Rage","Juggernaut","Flame Barrier","Shrug It Off+1","Second Wind"],"relics":["Burning Blood","War Paint","Bottled Lightning","Empty Cage"],"potions_floor_usage":[4,6,6,11,22,23],"damage_taken":[{"damage":0,"enemies":"Small Slimes","floor":1,"turns":3},{"damage":10,"enemies":"Jaw Worm","floor":2,"turns":4},{"damage":0,"enemies":"Cultist","floor":3,"turns":3},{"damage":19,"enemies":"Lots of Slimes","floor":4,"turns":6},{"damage":2,"enemies":"Exordium Wildlife","floor":5,"turns":4},{"damage":25,"enemies":"3 Sentries","floor":6,"turns":9},{"damage":23,"enemies":"Large Slime","floor":8,"turns":8},{"damage":3,"enemies":"Gremlin Nob","floor":11,"turns":4},{"damage":12,"enemies":"Blue Slaver","floor":12,"turns":4},{"damage":15,"enemies":"Exordium Thugs","floor":13,"turns":5},{"damage":15,"enemies":"Slime Boss","floor":16,"turns":9},{"damage":15,"enemies":"3 Byrds","floor":18,"turns":5},{"damage":32,"enemies":"Chosen","floor":20,"turns":6},{"damage":25,"enemies":"Snake Plant","floor":21,"turns":5},{"damage":0,"enemies":"Snecko","floor":22,"turns":5},{"damage":53,"enemies":"Slavers","floor":23,"turns":4}],"seed_played":"-8763966489654432492","potions_obtained":[{"floor":2,"key":"BloodPotion"},{"floor":3,"key":"EssenceOfSteel"},{"floor":4,"key":"Explosive Potion"},{"floor":5,"key":"Block Potion"},{"floor":20,"key":"FearPotion"},{"floor":21,"key":"Block Potion"},{"floor":22,"key":"Regen Potion"}],"is_trial":false,"path_per_floor":["M","M","M","M","M","E","R","M","T","R","E","M","M","?","R","B",null,"M","?","M","M","M","E"],"character_chosen":"IRONCLAD","items_purchased":[],"campfire_rested":0,"item_purchase_floors":[],"current_hp_per_floor":[80,76,80,67,71,60,60,43,43,43,46,40,31,51,51,42,80,71,71,45,26,32,0],"gold":423,"neow_bonus":"ONE_RANDOM_RARE_CARD","is_prod":false,"is_daily":false,"chose_seed":false,"campfire_upgraded":3,"win_rate":0,"timestamp":1555122672,"path_taken":["M","M","M","M","M","E","R","M","T","R","E","M","M","?","R","BOSS","M","?","M","M","M","E"],"build_version":"2019-01-23","purchased_purges":0,"victory":false,"max_hp_per_floor":[80,80,80,80,80,80,80,80,80,80,80,80,80,80,80,80,80,80,80,80,80,80,80],"card_choices":[{"not_picked":["Havoc","Burning Pact"],"picked":"Shrug It Off","floor":1},{"not_picked":["Blood for Blood","Spot Weakness"],"picked":"Seeing Red","floor":2},{"not_picked":["Armaments","Cleave"],"picked":"Warcry","floor":3},{"not_picked":["Anger","Havoc"],"picked":"Disarm","floor":4},{"not_picked":["Warcry","Flex"],"picked":"Shockwave","floor":5},{"not_picked":["Shrug It Off","Clash"],"picked":"Juggernaut","floor":6},{"not_picked":["Dual Wield","Perfected Strike"],"picked":"Metallicize","floor":8},{"not_picked":["Evolve","Cleave"],"picked":"Intimidate","floor":11},{"not_picked":["Dropkick","Shrug It Off"],"picked":"Armaments","floor":12},{"not_picked":["Sword Boomerang","Perfected Strike"],"picked":"Rage","floor":13},{"not_picked":["Fiend Fire","Demon Form"],"picked":"Juggernaut","floor":16},{"not_picked":["Rupture","Fire Breathing+1"],"picked":"Flame Barrier","floor":18},{"not_picked":["Iron Wave","Infernal Blade"],"picked":"Shrug It Off+1","floor":20},{"not_picked":["Flex","Warcry"],"picked":"Second Wind","floor":21},{"not_picked":["Carnage","Cleave","Bloodletting"],"picked":"SKIP","floor":22}],"player_experience":135472,"relics_obtained":[{"floor":6,"key":"War Paint"},{"floor":11,"key":"Bottled Lightning"}],"event_choices":[{"damage_healed":20,"gold_gain":0,"player_choice":"Healed","damage_taken":0,"max_hp_gain":0,"max_hp_loss":0,"event_name":"The Cleric","floor":14,"gold_loss":35},{"damage_healed":0,"gold_gain":0,"player_choice":"Ignored","damage_taken":0,"max_hp_gain":0,"max_hp_loss":0,"event_name":"Beggar","floor":19,"gold_loss":0}],"is_beta":false,"boss_relics":[{"not_picked":["Pandora\u0027s Box","Calling Bell"],"picked":"Empty Cage"}],"items_purged_floors":[],"is_endless":false,"potions_floor_spawned":[2,3,4,5,20,21,22],"killed_by":"Slavers","ascension_level":2}