{"gold_per_floor":[117,117,117,127,137,167,167,177,177,210,225,225,225,240,240,338,338],"floor_reached":17,"playtime":1009,"items_purged":[],"score":167,"play_id":"e42db367-16d3-4951-a8da-df20404c4b48","local_time":"20190606122918","is_ascension_mode":false,"campfire_choices":[{"data":"Bash","floor":7.0,"key":"SMITH"},{"data":"Uppercut","floor":13.0,"key":"SMITH"},{"data":"Disarm","floor":15,"key":"SMITH"}],"neow_cost":"","seed_source_timestamp":1032546301669743,"circlet_count":0,"master_deck":["Strike_R","Strike_R","Strike_R","Strike_R","Defend_R","Defend_R","Defend_R","Defend_R","Bash+1","Armaments+1","Cleave","Disarm+1","Uppercut+1","Reaper","Twin Strike","Demon Form+1"],"special_seed":0,"relics":["Burning Blood","WingedGreaves","Frozen Egg 2","Dodecahedron","Runic Dome"],"potions_floor_usage":[16,16],"damage_taken":[{"damage":6.0,"enemies":"Cultist","floor":1.0,"turns":3.0},{"damage":1.0,"enemies":"2 Louse","floor":4.0,"turns":3.0},{"damage":0.0,"enemies":"Small Slimes","floor":5.0,"turns":3.0},{"damage":51.0,"enemies":"Lagavulin","floor":6.0,"turns":8.0},{"damage":1.0,"enemies":"3 Louse","floor":8.0,"turns":3.0},{"damage":21.0,"enemies":"3 Sentries","floor":10.0,"turns":6.0},{"damage":6.0,"enemies":"Exordium Wildlife","floor":11.0,"turns":4.0},{"damage":18,"enemies":"Gremlin Gang","floor":14,"turns":5},{"damage":9,"enemies":"The Guardian","floor":16,"turns":12}],"seed_played":"3678712184611423380","potions_obtained":[{"floor":4.0,"key":"LiquidBronze"},{"floor":6.0,"key":"Explosive Potion"},{"floor":14,"key":"Explosive Potion"},{"floor":16,"key":"Explosive Potion"}],"is_trial":false,"path_per_floor":["M","?","?","M","M","E","R","M","T","E","M","?","R","M","R","B",null],"character_chosen":"IRONCLAD","items_purchased":[],"campfire_rested":0,"item_purchase_floors":[],"current_hp_per_floor":[80,80,80,80,80,35,35,40,40,25,29,29,29,24,24,28,80],"gold":338,"neow_bonus":"","is_prod":false,"is_daily":false,"chose_seed":false,"campfire_upgraded":3,"win_rate":0.0,"timestamp":1559838558,"path_taken":["M","?","?","M","M","E","R","?","T","E","M","?","R","M","R","BOSS"],"build_version":"2019-01-23","purchased_purges":0,"victory":false,"max_hp_per_floor":[80,80,80,80,80,80,80,80,80,80,80,80,80,80,80,80,80],"card_choices":[{"not_picked":["Clothesline","Flex"],"picked":"Armaments","floor":1.0},{"not_picked":["Sever Soul","Warcry"],"picked":"Cleave","floor":4.0},{"not_picked":["Feel No Pain","Blood for Blood","Second Wind"],"picked":"SKIP","floor":5.0},{"not_picked":["Reckless Charge","Shockwave"],"picked":"Disarm","floor":6.0},{"not_picked":["Pummel","Flex"],"picked":"Uppercut","floor":8.0},{"not_picked":["True Grit","Armaments"],"picked":"Reaper","floor":10.0},{"not_picked":["Combust+1","Clothesline"],"picked":"Twin Strike","floor":11.0},{"not_picked":["Twin Strike","Sword Boomerang","Combust+1"],"picked":"SKIP","floor":14},{"not_picked":["Brutality+1","Feed"],"picked":"Demon Form+1","floor":16}],"player_experience":0,"relics_obtained":[{"floor":6.0,"key":"WingedGreaves"},{"floor":9.0,"key":"Frozen Egg 2"},{"floor":10.0,"key":"Dodecahedron"}],"event_choices":[{"damage_healed":0.0,"max_hp_gain":0.0,"max_hp_loss":0.0,"gold_gain":0.0,"event_name":"Liars Game","player_choice":"Ignored","floor":2.0,"gold_loss":0.0,"damage_taken":0.0},{"damage_healed":0.0,"max_hp_gain":0.0,"max_hp_loss":0.0,"gold_gain":0.0,"event_name":"Accursed Blacksmith","player_choice":"Forge","floor":3.0,"gold_loss":0.0,"damage_taken":0.0,"cards_upgraded":["Armaments"]},{"cards_removed":["Strike_R"],"damage_healed":0.0,"max_hp_gain":0.0,"max_hp_loss":0.0,"gold_gain":0.0,"event_name":"Living Wall","player_choice":"Forget","floor":12.0,"gold_loss":0.0,"damage_taken":0.0}],"is_beta":false,"boss_relics":[{"not_picked":["Runic Cube","Cursed Key"],"picked":"Runic Dome"}],"items_purged_floors":[],"is_endless":false,"potions_floor_spawned":[4,6,14,16],"ascension_level":0}