{"gold_per_floor":[113,130,143,143,143,208,3,28,28,43,55,55,55,82,82,183,183,203,203,203,203,51,83,93,93,93,111,137,164,164,176,176,280,280,296,1295,1295,1314,863,891,891,922,946,946,19,38,38,38,38,38],"floor_reached":51,"playtime":3014,"items_purged":["Burning Pact","Normality","Normality"],"score":968,"play_id":"6edb0bb3-b332-48b0-9b93-448d07561942","local_time":"20181108190045","is_ascension_mode":true,"campfire_choices":[{"floor":12,"key":"REST"},{"data":"Bash","floor":15,"key":"SMITH"},{"data":"Offering","floor":25,"key":"SMITH"},{"data":"Pommel Strike","floor":30,"key":"SMITH"},{"data":"Clash","floor":32,"key":"SMITH"},{"floor":41,"key":"REST"},{"floor":44,"key":"REST"},{"floor":49,"key":"REST"}],"neow_cost":"NONE","seed_source_timestamp":113848543654055,"circlet_count":0,"master_deck":["Strike_R+1","Strike_R+1","Strike_R+1","Strike_R+1","Strike_R+1","Bash+1","Wild Strike","Pommel Strike+1","Offering+1","Twin Strike+1","Limit Break","Clash+1","Cleave","Clash+1","Perfected Strike+1","Battle Trance+1","Clash","Reaper","Thunderclap","Wild Strike","Heavy Blade","Twin Strike+1","Madness","Finesse","Secret Weapon"],"relics":["Black Blood","Tiny Chest","Sling","Bottled Flame","Orichalcum","Pen Nib","Bottled Lightning","Torii","Bag of Preparation","Lantern","Fusion Hammer","Pantograph","Boot","Ornamental Fan","Happy Flower","Bag of Marbles","Gambling Chip","HandDrill"],"potions_floor_usage":[6,8,14,16,33,38,40,40,50,50,50],"damage_taken":[{"damage":7,"enemies":"2 Louse","floor":1,"turns":3},{"damage":4,"enemies":"Jaw Worm","floor":2,"turns":4},{"damage":1,"enemies":"Cultist","floor":3,"turns":4},{"damage":43,"enemies":"3 Sentries","floor":6,"turns":10},{"damage":16,"enemies":"Gremlin Nob","floor":8,"turns":3},{"damage":18,"enemies":"Large Slime","floor":10,"turns":5},{"damage":7,"enemies":"3 Louse","floor":11,"turns":2},{"damage":14,"enemies":"Lagavulin","floor":14,"turns":3},{"damage":26,"enemies":"Hexaghost","floor":16,"turns":7},{"damage":12,"enemies":"3 Byrds","floor":18,"turns":7},{"damage":14,"enemies":"Book of Stabbing","floor":23,"turns":2},{"damage":6,"enemies":"Shell Parasite","floor":24,"turns":1},{"damage":7,"enemies":"Sentry and Sphere","floor":27,"turns":3},{"damage":18,"enemies":"Gremlin Leader","floor":28,"turns":2},{"damage":6,"enemies":"Snecko","floor":31,"turns":1},{"damage":35,"enemies":"Collector","floor":33,"turns":3},{"damage":6,"enemies":"Orb Walker","floor":35,"turns":1},{"damage":38,"enemies":"3 Darklings","floor":38,"turns":5},{"damage":87,"enemies":"Giant Head","floor":40,"turns":7},{"damage":32,"enemies":"Reptomancer","floor":42,"turns":4},{"damage":6,"enemies":"4 Shapes","floor":46,"turns":1},{"damage":61,"enemies":"Donu and Deca","floor":50,"turns":5}],"seed_played":"-6384103902516999552","potions_obtained":[{"floor":1,"key":"Block Potion"},{"floor":6,"key":"Poison Potion"},{"floor":8,"key":"AttackPotion"},{"floor":14,"key":"Strength Potion"},{"floor":23,"key":"FairyPotion"},{"floor":28,"key":"PowerPotion"},{"floor":33,"key":"AttackPotion"},{"floor":40,"key":"Energy Potion"},{"floor":42,"key":"AttackPotion"}],"is_trial":false,"path_per_floor":["M","M","M","?","?","E","$","E","T","M","M","R","$","E","R","B",null,"M","?","?","?","$","E","M","R","T","M","E","T","R","M","R","B",null,"M","?","?","M","$","E","R","E","T","R","$","M","?","?","R","B",null],"character_chosen":"IRONCLAD","items_purchased":["Sling","Clash","Cleave","Pantograph","Strength Potion","Swift Potion","Bag of Marbles","Gambling Chip","Madness","HandDrill","Regen Potion"],"campfire_rested":4,"item_purchase_floors":[7,22,22,39,39,39,45,45,45,45,45],"current_hp_per_floor":[87,88,88,88,88,51,51,41,41,29,28,54,54,46,46,26,73,71,71,71,71,71,67,71,71,71,74,66,66,66,70,70,45,77,81,81,81,57,57,18,44,38,38,64,64,68,68,58,84,55],"gold":38,"neow_bonus":"TEN_PERCENT_HP_BONUS","is_prod":false,"is_daily":false,"chose_seed":false,"campfire_upgraded":4,"win_rate":0,"timestamp":1541721645,"path_taken":["M","M","M","?","?","E","$","E","T","M","?","R","$","E","R","BOSS","M","?","?","?","?","E","M","R","T","M","E","?","R","M","R","BOSS","M","?","?","?","$","E","R","E","T","R","$","M","?","?","R","BOSS"],"build_version":"2018-11-01","purchased_purges":3,"victory":true,"max_hp_per_floor":[88,88,88,88,88,88,88,88,88,88,88,88,88,88,88,88,88,88,88,88,88,88,88,88,88,88,88,88,88,88,88,88,88,88,88,88,88,88,88,88,88,88,88,88,88,88,88,88,88,88],"card_choices":[{"not_picked":["Combust","Dual Wield","Warcry"],"picked":"SKIP","floor":1},{"not_picked":["Intimidate","True Grit","Body Slam"],"picked":"SKIP","floor":2},{"not_picked":["Shrug It Off","Cleave"],"picked":"Wild Strike","floor":3},{"not_picked":["Blood for Blood","Searing Blow","Sentinel"],"picked":"SKIP","floor":6},{"not_picked":["Inflame","Perfected Strike"],"picked":"Pommel Strike","floor":8},{"not_picked":["Heavy Blade","Shrug It Off","Burning Pact"],"picked":"SKIP","floor":10},{"not_picked":["Havoc","Anger","Demon Form"],"picked":"SKIP","floor":11},{"not_picked":["Fiend Fire","Feel No Pain","Iron Wave"],"picked":"SKIP","floor":14},{"not_picked":["Brutality","Fiend Fire"],"picked":"Offering","floor":16},{"not_picked":["Sword Boomerang+1","Sentinel"],"picked":"Twin Strike+1","floor":18},{"not_picked":["Brutality","Shockwave+1"],"picked":"Clash+1","floor":23},{"not_picked":["Pommel Strike","Body Slam"],"picked":"Perfected Strike+1","floor":24},{"not_picked":["Entrench+1","Warcry","Combust"],"picked":"SKIP","floor":27},{"not_picked":["Inflame","Iron Wave","Hemokinesis"],"picked":"SKIP","floor":28},{"not_picked":["Armaments","Sword Boomerang"],"picked":"Battle Trance+1","floor":31},{"not_picked":["Rupture+1","Pommel Strike+1"],"picked":"Clash","floor":35},{"not_picked":["Anger+1","Feel No Pain"],"picked":"Wild Strike","floor":38},{"not_picked":["Entrench+1","Ghostly Armor"],"picked":"Heavy Blade","floor":40},{"not_picked":["Thunderclap","Shrug It Off+1"],"picked":"Twin Strike+1","floor":42},{"not_picked":["Feel No Pain","True Grit"],"picked":"Flex","floor":46},{"not_picked":["Blind","PanicButton"],"picked":"Finesse","floor":48},{"not_picked":["Finesse","Dramatic Entrance"],"picked":"Secret Weapon","floor":48}],"player_experience":239209,"relics_obtained":[{"floor":6,"key":"Tiny Chest"},{"floor":8,"key":"Bottled Flame"},{"floor":9,"key":"Orichalcum"},{"floor":14,"key":"Pen Nib"},{"floor":23,"key":"Bottled Lightning"},{"floor":26,"key":"Torii"},{"floor":28,"key":"Bag of Preparation"},{"floor":29,"key":"Lantern"},{"floor":40,"key":"Boot"},{"floor":42,"key":"Ornamental Fan"},{"floor":43,"key":"Happy Flower"}],"event_choices":[{"cards_removed":["Defend_R"],"damage_healed":0,"gold_gain":0,"player_choice":"Forget","damage_taken":0,"max_hp_gain":0,"max_hp_loss":0,"event_name":"Living Wall","floor":4,"gold_loss":0},{"cards_removed":["Defend_R"],"damage_healed":0,"gold_gain":0,"player_choice":"Purged","damage_taken":0,"max_hp_gain":0,"max_hp_loss":0,"event_name":"Purifier","floor":5,"gold_loss":0},{"damage_healed":0,"gold_gain":0,"cards_transformed":["Defend_R","Defend_R"],"player_choice":"Became Test Subject","damage_taken":0,"max_hp_gain":0,"max_hp_loss":0,"event_name":"Drug Dealer","floor":19,"gold_loss":0,"cards_obtained":["Limit Break","Burning Pact"]},{"damage_healed":0,"gold_gain":0,"player_choice":"Simplicity","damage_taken":0,"max_hp_gain":0,"max_hp_loss":0,"event_name":"Back to Basics","floor":20,"gold_loss":0,"cards_upgraded":["Strike_R","Strike_R","Strike_R","Strike_R","Strike_R"]},{"damage_healed":0,"gold_gain":0,"player_choice":"Ignored","damage_taken":0,"max_hp_gain":0,"max_hp_loss":0,"event_name":"Ghosts","floor":21,"gold_loss":0},{"damage_healed":0,"gold_gain":999,"player_choice":"Gold","damage_taken":0,"max_hp_gain":0,"max_hp_loss":0,"event_name":"MindBloom","floor":36,"gold_loss":0,"cards_obtained":["Normality","Normality"]},{"damage_healed":0,"gold_gain":0,"player_choice":"2 cards matched","damage_taken":0,"max_hp_gain":0,"max_hp_loss":0,"event_name":"Match and Keep!","floor":37,"gold_loss":0,"cards_obtained":["Reaper","Thunderclap"]},{"cards_removed":["Flex"],"damage_healed":0,"gold_gain":0,"player_choice":"Removed Skill","damage_taken":0,"max_hp_gain":0,"max_hp_loss":0,"event_name":"Falling","floor":47,"gold_loss":0},{"damage_healed":0,"gold_gain":0,"player_choice":"Memory 3","damage_taken":10,"max_hp_gain":0,"max_hp_loss":0,"event_name":"SensoryStone","floor":48,"gold_loss":0}],"is_beta":false,"boss_relics":[{"not_picked":["Runic Cube","Tiny House"],"picked":"Black Blood"},{"not_picked":["Empty Cage","White Beast Statue"],"picked":"Fusion Hammer"}],"items_purged_floors":[22,39,45],"is_endless":false,"potions_floor_spawned":[1,6,8,14,23,28,33,40,42],"ascension_level":5}