{"gold_per_floor":[11,186,199,216,226,226,236,236,236,266,266,292,324,120,120,225,225,237,249,249,249,249,249,249,249,249,269,36,36,52,82,82,82],"floor_reached":33,"playtime":1756,"items_purged":["Strike_B","Doubt"],"score":408,"play_id":"e602fb35-bc88-489d-b433-fab0ca3142b4","local_time":"20190605194530","is_ascension_mode":true,"campfire_choices":[{"data":"Zap","floor":6,"key":"SMITH"},{"floor":8,"key":"REST"},{"data":"Dualcast","floor":11,"key":"SMITH"},{"floor":15,"key":"REST"},{"data":"Go for the Eyes","floor":23,"key":"SMITH"},{"data":"Scrape","floor":25,"key":"SMITH"},{"floor":29,"key":"REST"},{"floor":32,"key":"REST"}],"neow_cost":"NO_GOLD","seed_source_timestamp":1897849098041585,"circlet_count":0,"master_deck":["AscendersBane","Strike_B","Strike_B","Strike_B","Defend_B","Defend_B","Defend_B","Defend_B","Zap+1","Dualcast+1","Seek","Gash","Glacier","Ball Lightning","Genetic Algorithm","Leap","Go for the Eyes+1","Scrape+1","Sweeping Beam","Steam","Machine Learning+1","Coolheaded","Coolheaded+1","Ball Lightning","Biased Cognition+1","Hologram+1","Gash","Fission+1"],"relics":["Cracked Core","Frozen Egg 2","Bag of Preparation","Dream Catcher","Nuclear Battery","The Courier","Toxic Egg 2"],"potions_floor_usage":[13,13,27],"damage_taken":[{"damage":7,"enemies":"Jaw Worm","floor":1,"turns":3},{"damage":12,"enemies":"Small Slimes","floor":3,"turns":3},{"damage":1,"enemies":"2 Louse","floor":4,"turns":4},{"damage":1,"enemies":"Looter","floor":5,"turns":3},{"damage":22,"enemies":"Large Slime","floor":7,"turns":8},{"damage":24,"enemies":"Gremlin Nob","floor":13,"turns":4},{"damage":44,"enemies":"Hexaghost","floor":16,"turns":13},{"damage":6,"enemies":"3 Byrds","floor":18,"turns":7},{"damage":12,"enemies":"Chosen","floor":19,"turns":4},{"damage":26,"enemies":"Centurion and Healer","floor":27,"turns":16},{"damage":4,"enemies":"Shelled Parasite and Fungi","floor":30,"turns":8},{"damage":21,"enemies":"Book of Stabbing","floor":31,"turns":6},{"damage":50,"enemies":"Automaton","floor":33,"turns":6}],"seed_played":"2207120815900462190","potions_obtained":[{"floor":4,"key":"Swift Potion"},{"floor":7,"key":"Poison Potion"},{"floor":19,"key":"Weak Potion"},{"floor":30,"key":"Ancient Potion"}],"is_trial":false,"path_per_floor":["M","?","M","M","M","R","M","R","T","?","R","T","E","$","R","B",null,"M","M","?","?","?","R","?","R","T","M","$","R","M","E","R","B"],"character_chosen":"DEFECT","items_purchased":["Scrape","Sweeping Beam","Ball Lightning","Biased Cognition+1"],"campfire_rested":4,"item_purchase_floors":[14,14,28,28],"current_hp_per_floor":[61,61,49,48,47,47,25,47,47,47,47,47,23,23,45,1,57,51,39,39,39,39,39,32,32,32,6,6,28,24,3,25,0],"gold":82,"neow_bonus":"THREE_RARE_CARDS","is_prod":false,"is_daily":false,"chose_seed":false,"campfire_upgraded":4,"win_rate":0,"timestamp":1559778330,"path_taken":["M","?","M","M","M","R","M","R","T","?","R","?","E","$","R","BOSS","M","M","?","?","?","R","?","R","T","M","$","R","M","E","R","BOSS"],"build_version":"2019-01-23","purchased_purges":2,"victory":false,"max_hp_per_floor":[75,75,75,75,75,75,75,75,75,75,75,75,75,75,75,75,75,75,75,75,75,75,75,75,75,75,75,75,75,75,75,75,75],"card_choices":[{"not_picked":["Amplify","Thunder Strike"],"picked":"Seek","floor":0},{"not_picked":["Redo","Coolheaded"],"picked":"Gash","floor":1},{"not_picked":["Compile Driver","Turbo"],"picked":"Glacier","floor":3},{"not_picked":["Turbo","Lockon"],"picked":"Ball Lightning","floor":4},{"not_picked":["Go for the Eyes","Compile Driver"],"picked":"Genetic Algorithm","floor":5},{"not_picked":["Aggregate","Cold Snap"],"picked":"Leap","floor":7},{"not_picked":["Leap","Consume"],"picked":"Go for the Eyes","floor":13},{"not_picked":["Core Surge","Hello World+1"],"picked":"Steam","floor":15},{"not_picked":["Buffer+1","Rainbow"],"picked":"Machine Learning+1","floor":16},{"not_picked":["Skim","Auto Shields+1","Tempest"],"picked":"SKIP","floor":18},{"not_picked":["Recycle","Tempest"],"picked":"Coolheaded","floor":19},{"not_picked":["Stack","Darkness"],"picked":"Coolheaded+1","floor":27},{"not_picked":["Coolheaded","Ball Lightning+1"],"picked":"Hologram+1","floor":29},{"not_picked":["Beam Cell","White Noise"],"picked":"Gash","floor":30},{"not_picked":["Redo","Stack"],"picked":"Fission","floor":31}],"player_experience":564958,"relics_obtained":[{"floor":9,"key":"Frozen Egg 2"},{"floor":12,"key":"Bag of Preparation"},{"floor":13,"key":"Dream Catcher"},{"floor":26,"key":"The Courier"},{"floor":31,"key":"Toxic Egg 2"}],"event_choices":[{"damage_healed":0,"gold_gain":175,"player_choice":"AGREE","damage_taken":0,"max_hp_gain":0,"max_hp_loss":0,"event_name":"Liars Game","floor":2,"gold_loss":0,"cards_obtained":["Doubt"]},{"damage_healed":0,"gold_gain":30,"player_choice":"Searched \u00272\u0027 times","damage_taken":0,"max_hp_gain":0,"max_hp_loss":0,"event_name":"Dead Adventurer","floor":10,"gold_loss":0},{"damage_healed":0,"gold_gain":0,"player_choice":"Ignored","damage_taken":0,"max_hp_gain":0,"max_hp_loss":0,"event_name":"Ghosts","floor":20,"gold_loss":0},{"damage_healed":0,"gold_gain":0,"player_choice":"Ignored","damage_taken":0,"max_hp_gain":0,"max_hp_loss":0,"event_name":"The Mausoleum","floor":21,"gold_loss":0},{"damage_healed":0,"gold_gain":0,"player_choice":"Ignored","damage_taken":0,"max_hp_gain":0,"max_hp_loss":0,"event_name":"Vampires","floor":22,"gold_loss":0},{"damage_healed":0,"gold_gain":0,"player_choice":"","damage_taken":7,"max_hp_gain":0,"max_hp_loss":0,"event_name":"Knowing Skull","floor":24,"potions_obtained":[],"gold_loss":0,"cards_obtained":[]}],"is_beta":false,"boss_relics":[{"not_picked":["Eternal Feather","Empty Cage"],"picked":"Nuclear Battery"}],"items_purged_floors":[14,28],"is_endless":false,"potions_floor_spawned":[4,7,19,30],"killed_by":"Automaton","ascension_level":11}