{"gold_per_floor":[111,111,122,122,202,202,213,213,237,252,267,277,277,288,288,388,388,406,34,53,53,66,66,91,91,91,91,105,117,3,18,18,118,118,133,133,144,144,144,144,144,160,215,16,16,29,383,396,396,396],"floor_reached":50,"playtime":4551,"items_purged":[],"score":533,"play_id":"f5af7f7e-6419-47d7-8f99-afdce044c57f","local_time":"20180923173607","is_ascension_mode":false,"campfire_choices":[{"data":"Quick Slash","floor":6,"key":"SMITH"},{"data":"Blade Dance","floor":8,"key":"SMITH"},{"data":"Infinite Blades","floor":15,"key":"SMITH"},{"data":"Expertise","floor":23,"key":"SMITH"},{"data":"Leg Sweep","floor":25,"key":"SMITH"},{"data":"Skewer","floor":32,"key":"SMITH"},{"data":"Violence","floor":40,"key":"SMITH"},{"data":"Violence","floor":45,"key":"SMITH"},{"data":"Finisher","floor":49,"key":"SMITH"}],"neow_cost":"NONE","seed_source_timestamp":264949556927093,"circlet_count":0,"master_deck":["Defend_G","Defend_G+1","Defend_G+1","Defend_G","Strike_G+1","Strike_G","Survivor","Neutralize+1","Flying Knee+1","Quick Slash+1","Skewer+1","Blade Dance+1","Calculated Gamble","Infinite Blades+1","Blur","Expertise+1","Envenom+1","Prepared+1","Flash of Steel","Flying Knee+1","Dagger Throw","Leg Sweep+1","RitualDagger","Backflip","Deflect","Infinite Blades+1","Slice+1","Envenom+1","Flying Knee+1","Bullet Time+1","Deflect+1","Quick Slash+1","Master of Strategy","Violence+1","Endless Agony+1","Infinite Blades+1","Violence+1","Finisher+1","Reflex+1","Quick Slash+1"],"relics":["Coffee Dripper","Paper Crane","War Paint","Frozen Egg 2","Philosopher\u0027s Stone","Membership Card","Shuriken","Anchor","Bag of Preparation","Question Card","Strawberry","Astrolabe","Tiny Chest","Whetstone","Old Coin"],"potions_floor_usage":[16,31,33,37,37,37,38,47,50],"damage_taken":[{"damage":0,"enemies":"2 Louse","floor":1,"turns":3},{"damage":0,"enemies":"Small Slimes","floor":3,"turns":3},{"damage":0,"enemies":"Cultist","floor":7,"turns":2},{"damage":0,"enemies":"3 Louse","floor":10,"turns":2},{"damage":0,"enemies":"Blue Slaver","floor":11,"turns":2},{"damage":0,"enemies":"Exordium Wildlife","floor":12,"turns":3},{"damage":0,"enemies":"Red Slaver","floor":14,"turns":3},{"damage":0,"enemies":"Slime Boss","floor":16,"turns":8},{"damage":0,"enemies":"3 Byrds","floor":18,"turns":4},{"damage":0,"enemies":"Spheric Guardian","floor":20,"turns":3},{"damage":0,"enemies":"Shelled Parasite and Fungi","floor":22,"turns":4},{"damage":15,"enemies":"Gremlin Leader","floor":24,"turns":6},{"damage":3,"enemies":"3 Cultists","floor":28,"turns":4},{"damage":0,"enemies":"Centurion and Healer","floor":29,"turns":3},{"damage":6,"enemies":"Snake Plant","floor":31,"turns":4},{"damage":14,"enemies":"Automaton","floor":33,"turns":6},{"damage":0,"enemies":"Orb Walker","floor":35,"turns":4},{"damage":7,"enemies":"3 Darklings","floor":37,"turns":3},{"damage":0,"enemies":"Spire Growth","floor":38,"turns":3},{"damage":0,"enemies":"Reptomancer","floor":42,"turns":4},{"damage":0,"enemies":"Transient","floor":46,"turns":5},{"damage":41,"enemies":"Mysterious Sphere","floor":47,"turns":3},{"damage":12,"enemies":"Spire Growth","floor":48,"turns":3},{"damage":27,"enemies":"Time Eater","floor":50,"turns":5}],"seed_played":"-6301529536441526443","potions_obtained":[{"floor":3,"key":"EssenceOfSteel"},{"floor":7,"key":"SkillPotion"},{"floor":24,"key":"Block Potion"},{"floor":29,"key":"SmokeBomb"},{"floor":33,"key":"SkillPotion"},{"floor":35,"key":"Regen Potion"},{"floor":42,"key":"Regen Potion"},{"floor":48,"key":"PowerPotion"}],"is_trial":false,"path_per_floor":["M","?","M","?","T","R","M","R","T","M","M","M","T","M","R","B",null,"M","$","M","?","M","R","E","R","T","?","M","M","$","M","R","B",null,"M","?","M","M","?","R","$","M","T","$","R","M","?","M","R"],"character_chosen":"THE_SILENT","items_purchased":["Membership Card","Shuriken","Flash of Steel","Strawberry","Infinite Blades+1","Infinite Blades+1","Violence","Whetstone"],"campfire_rested":0,"item_purchase_floors":[19,19,19,30,30,44,44,44],"current_hp_per_floor":[70,56,56,56,56,56,56,56,56,56,56,56,56,56,56,56,70,70,70,70,70,70,70,55,55,55,49,46,46,53,47,47,33,77,77,72,73,73,73,73,73,73,73,73,73,73,37,25,25,0],"gold":396,"neow_bonus":"BOSS_RELIC","is_prod":false,"is_daily":false,"chose_seed":false,"campfire_upgraded":9,"win_rate":0.0,"timestamp":1537745767,"path_taken":["M","?","M","?","?","R","M","R","T","M","M","?","?","M","R","BOSS","M","$","M","?","M","R","E","R","T","?","M","M","$","M","R","BOSS","M","?","M","?","?","R","$","M","T","$","R","M","?","M","R","BOSS"],"build_version":"2018-09-20","purchased_purges":0,"victory":false,"max_hp_per_floor":[70,70,70,70,70,70,70,70,70,70,70,70,70,70,70,70,70,70,70,70,70,70,70,70,70,70,70,70,70,77,77,77,77,77,77,77,77,77,73,73,73,73,73,73,73,73,73,73,73,73],"card_choices":[{"not_picked":["Prepared","Dodge and Roll"],"picked":"Flying Knee","floor":1},{"not_picked":["Terror","Sucker Punch"],"picked":"Quick Slash","floor":3},{"not_picked":["Riddle With Holes","Deadly Poison"],"picked":"Blade Dance","floor":7},{"not_picked":["Deadly Poison","Outmaneuver"],"picked":"Calculated Gamble","floor":10},{"not_picked":["Die Die Die","Flying Knee"],"picked":"Infinite Blades","floor":11},{"not_picked":["Slice","Flying Knee"],"picked":"Blur","floor":12},{"not_picked":["Dodge and Roll","Tactician"],"picked":"Expertise","floor":14},{"not_picked":["Corpse Explosion","Malaise"],"picked":"Envenom+1","floor":16},{"not_picked":["Poisoned Stab","Reflex"],"picked":"Prepared+1","floor":18},{"not_picked":["Distraction","Flechettes"],"picked":"Flying Knee","floor":20},{"not_picked":["Slice","Acrobatics"],"picked":"Dagger Throw","floor":22},{"not_picked":["Riddle With Holes","Expertise"],"picked":"Leg Sweep","floor":24},{"not_picked":["Deadly Poison","Outmaneuver","Dagger Throw+1"],"picked":"Backflip","floor":28},{"not_picked":["Bouncing Flask","Sucker Punch","Acrobatics"],"picked":"Deflect","floor":29},{"not_picked":["Blur","Dash+1","Prepared"],"picked":"Slice+1","floor":31},{"not_picked":["Tools of the Trade+1","Venomology","Glass Knife"],"picked":"Envenom+1","floor":33},{"not_picked":["Flechettes+1","Sucker Punch","Leg Sweep"],"picked":"Quick Slash+1","floor":35},{"not_picked":["Trip","Finesse","Jack Of All Trades"],"picked":"Master of Strategy","floor":36},{"not_picked":["Dark Shackles","Secret Technique","Panache+1"],"picked":"Violence","floor":36},{"not_picked":["Dagger Spray","Eviscerate+1","Outmaneuver"],"picked":"Endless Agony+1","floor":37},{"not_picked":["Flechettes+1","Outmaneuver","Corpse Explosion","Dagger Spray+1"],"picked":"SKIP","floor":42},{"not_picked":["Distraction","Backflip","Calculated Gamble+1"],"picked":"Finisher","floor":46},{"not_picked":["Sucker Punch+1","Outmaneuver+1","Dagger Throw+1"],"picked":"Reflex+1","floor":47},{"not_picked":["Deflect+1","Flying Knee+1","Acrobatics+1"],"picked":"Quick Slash+1","floor":48}],"player_experience":40570,"relics_obtained":[{"floor":5,"key":"Paper Crane"},{"floor":9,"key":"War Paint"},{"floor":13,"key":"Frozen Egg 2"},{"floor":24,"key":"Bag of Preparation"},{"floor":26,"key":"Question Card"},{"floor":43,"key":"Tiny Chest"},{"floor":47,"key":"Old Coin"}],"event_choices":[{"event_name":"Shining Light","player_choice":"Entered Light","floor":2,"damage_taken":0},{"event_name":"Living Wall","player_choice":"Change","floor":4,"damage_taken":0},{"event_name":"The Mausoleum","player_choice":"Yes","floor":21,"damage_taken":0},{"event_name":"Nest","player_choice":"Joined the Cult","floor":27,"damage_taken":0},{"event_name":"SensoryStone","player_choice":"Memory 2","floor":36,"damage_taken":0},{"event_name":"Winding Halls","player_choice":"Max HP","floor":39,"damage_taken":0},{"event_name":"Mysterious Sphere","player_choice":"Fight","floor":47,"damage_taken":0}],"is_beta":false,"boss_relics":[{"not_picked":["Runic Dome","Ectoplasm"],"picked":"Philosopher\u0027s Stone"},{"not_picked":["Calling Bell","Eternal Feather"],"picked":"Astrolabe"}],"items_purged_floors":[],"is_endless":false,"potions_floor_spawned":[3,7,24,29,33,35,42,48],"killed_by":"Time Eater","ascension_level":0}