{"gold_per_floor":[113,113,126,144,24,24,52,66,89,102,53,53,73,87,87,186,186,199,209,225,236,251,251,71,71,139,139,139,172,172,199,199,304,304,320,76,93,9,24,24,124,124,124,136,11,22,22,38,38,38],"floor_reached":51,"playtime":3566,"items_purged":["Strike_R","Strike_R","Defend_R"],"score":691,"play_id":"e8aa3eec-4cb0-4223-99ab-343460a45a3b","local_time":"20181119231918","is_ascension_mode":false,"campfire_choices":[{"data":"Armaments","floor":6,"key":"SMITH"},{"data":"Armaments","floor":12,"key":"SMITH"},{"data":"Body Slam","floor":15,"key":"SMITH"},{"floor":23,"key":"REST"},{"floor":25,"key":"REST"},{"data":"Seeing Red","floor":27,"key":"SMITH"},{"floor":30,"key":"REST"},{"data":"Body Slam","floor":32,"key":"SMITH"},{"floor":40,"key":"REST"},{"data":"Madness","floor":42,"key":"SMITH"},{"data":"Madness","floor":49,"key":"SMITH"}],"neow_cost":"NONE","seed_source_timestamp":70428784877912,"circlet_count":0,"master_deck":["Strike_R","Defend_R","Defend_R","Defend_R","Bash","Body Slam+1","Armaments+1","Cleave","Armaments+1","Iron Wave","Sword Boomerang","Shrug It Off+1","Demon Form","Battle Trance+1","Body Slam+1","Twin Strike+1","Seeing Red+1","Iron Wave","Heavy Blade","Shrug It Off+1","Reaper","Pummel","Madness+1","Ghostly Armor","Madness+1","Madness","Entrench+1"],"special_seed":0,"relics":["Black Blood","Boot","Potion Belt","Sozu","Frozen Egg 2","Centennial Puzzle","War Paint","Mercury Hourglass","Thread and Needle","Pen Nib"],"potions_floor_usage":[7,33,50],"damage_taken":[{"damage":9.0,"enemies":"Small Slimes","floor":1.0,"turns":3.0},{"damage":1,"enemies":"Cultist","floor":3,"turns":4},{"damage":2,"enemies":"2 Louse","floor":4,"turns":3},{"damage":28,"enemies":"Gremlin Nob","floor":7,"turns":5},{"damage":0,"enemies":"Lots of Slimes","floor":8,"turns":1},{"damage":2,"enemies":"Blue Slaver","floor":10,"turns":3},{"damage":0,"enemies":"3 Louse","floor":13,"turns":2},{"damage":3,"enemies":"Large Slime","floor":14,"turns":5},{"damage":36,"enemies":"The Guardian","floor":16,"turns":12},{"damage":8,"enemies":"Chosen","floor":18,"turns":5},{"damage":27,"enemies":"2 Thieves","floor":19,"turns":4},{"damage":22,"enemies":"Chosen and Byrds","floor":20,"turns":5},{"damage":22,"enemies":"Centurion and Healer","floor":21,"turns":5},{"damage":13,"enemies":"Shelled Parasite and Fungi","floor":22,"turns":4},{"damage":21,"enemies":"Slavers","floor":29,"turns":4},{"damage":16,"enemies":"Book of Stabbing","floor":31,"turns":5},{"damage":43,"enemies":"Automaton","floor":33,"turns":8},{"damage":0,"enemies":"3 Shapes","floor":35,"turns":3},{"damage":40,"enemies":"3 Darklings","floor":37,"turns":4},{"damage":41,"enemies":"Sphere and 2 Shapes","floor":39,"turns":4},{"damage":10,"enemies":"Mind Bloom Boss Battle","floor":41,"turns":6},{"damage":6,"enemies":"Transient","floor":44,"turns":5},{"damage":33,"enemies":"4 Shapes","floor":46,"turns":6},{"damage":3,"enemies":"Jaw Worm Horde","floor":48,"turns":3},{"damage":44,"enemies":"Awakened One","floor":50,"turns":9}],"seed_played":"-3156886518969475990","potions_obtained":[{"floor":3,"key":"SteroidPotion"},{"floor":4,"key":"Swift Potion"},{"floor":14,"key":"SteroidPotion"},{"floor":16,"key":"Fire Potion"}],"is_trial":false,"path_per_floor":["M","?","M","M","$","R","E","M","T","M","$","R","M","M","R","B",null,"M","M","M","M","M","R","$","R","T","R","?","E","R","E","R","B",null,"M","$","M","$","M","R","?","R","T","M","$","M","?","M","R","B",null],"character_chosen":"IRONCLAD","items_purchased":["Armaments","Shrug It Off","Seeing Red","Mercury Hourglass","Madness"],"campfire_rested":4,"item_purchase_floors":[5,11,24,36,38],"current_hp_per_floor":[85,85,88,88,88,88,66,72,72,76,76,76,82,85,85,55,88,86,65,49,33,26,52,52,78,78,78,78,63,88,78,78,41,88,88,88,70,70,53,79,88,88,88,88,88,65,54,61,61,42],"gold":38,"neow_bonus":"TEN_PERCENT_HP_BONUS","is_prod":false,"is_daily":false,"chose_seed":false,"campfire_upgraded":7,"win_rate":0,"timestamp":1542658758,"path_taken":["M","?","M","M","$","R","E","M","T","M","$","R","M","M","R","BOSS","M","?","M","M","M","R","$","R","T","R","?","E","R","E","R","BOSS","M","$","?","$","M","R","?","R","T","M","$","M","?","M","R","BOSS"],"build_version":"2018-11-15","purchased_purges":3,"victory":true,"max_hp_per_floor":[88,88,88,88,88,88,88,88,88,88,88,88,88,88,88,88,88,88,88,88,88,88,88,88,88,88,88,88,88,88,88,88,88,88,88,88,88,88,88,88,88,88,88,88,88,88,88,88,88,88],"card_choices":[{"not_picked":["Searing Blow","Feel No Pain"],"picked":"Body Slam","floor":1.0},{"not_picked":["Body Slam","Ghostly Armor"],"picked":"Armaments","floor":3},{"not_picked":["Perfected Strike","Heavy Blade"],"picked":"Cleave","floor":4},{"not_picked":["Berserk","Headbutt","Dual Wield"],"picked":"SKIP","floor":7},{"not_picked":["Rupture","Thunderclap"],"picked":"Iron Wave","floor":8},{"not_picked":["Clothesline","Havoc"],"picked":"Sword Boomerang","floor":10},{"not_picked":["Anger","Rupture","Heavy Blade"],"picked":"SKIP","floor":13},{"not_picked":["Twin Strike","Clash","Dark Embrace"],"picked":"SKIP","floor":14},{"not_picked":["Berserk","Impervious"],"picked":"Demon Form","floor":16},{"not_picked":["Perfected Strike","Clothesline"],"picked":"Battle Trance","floor":18},{"not_picked":["Cleave+1","Warcry"],"picked":"Body Slam","floor":19},{"not_picked":["Thunderclap","Sword Boomerang+1"],"picked":"Twin Strike+1","floor":20},{"not_picked":["Havoc","Cleave","Fiend Fire"],"picked":"SKIP","floor":21},{"not_picked":["Inflame","Feel No Pain+1","Bloodletting"],"picked":"SKIP","floor":22},{"not_picked":["Shrug It Off","Searing Blow"],"picked":"Heavy Blade","floor":29},{"not_picked":["Blood for Blood","Entrench"],"picked":"Shrug It Off+1","floor":31},{"not_picked":["Bludgeon","Demon Form+1"],"picked":"Reaper","floor":33},{"not_picked":["Armaments+1","Anger"],"picked":"Pummel","floor":35},{"not_picked":["Sever Soul+1","Burning Pact+1","Feel No Pain+1"],"picked":"SKIP","floor":37},{"not_picked":["Anger+1","Perfected Strike","Blood for Blood+1"],"picked":"SKIP","floor":39},{"not_picked":["True Grit","Combust+1"],"picked":"Ghostly Armor","floor":41},{"not_picked":["Heavy Blade","Cleave","Twin Strike+1"],"picked":"SKIP","floor":44},{"not_picked":["Thunderclap+1","Clothesline+1","Sword Boomerang+1"],"picked":"SKIP","floor":46},{"not_picked":["Fire Breathing+1","Armaments"],"picked":"Entrench+1","floor":48}],"player_experience":355662,"relics_obtained":[{"floor":7,"key":"Boot"},{"floor":9,"key":"Potion Belt"},{"floor":26,"key":"Frozen Egg 2"},{"floor":29,"key":"Centennial Puzzle"},{"floor":31,"key":"War Paint"},{"floor":41,"key":"Thread and Needle"},{"floor":43,"key":"Pen Nib"}],"event_choices":[{"cards_removed":["Strike_R"],"damage_healed":0.0,"max_hp_gain":0.0,"max_hp_loss":0.0,"gold_gain":0.0,"event_name":"Wheel of Change","player_choice":"Card Removal","floor":2.0,"gold_loss":0.0,"damage_taken":0.0},{"cards_removed":["Strike_R"],"damage_healed":0,"gold_gain":0,"player_choice":"Took Card","damage_taken":0,"max_hp_gain":0,"max_hp_loss":0,"event_name":"NoteForYourself","floor":28,"gold_loss":0,"cards_obtained":["Iron Wave"]},{"damage_healed":0,"gold_gain":0,"player_choice":"Fight","damage_taken":0,"max_hp_gain":0,"max_hp_loss":0,"event_name":"MindBloom","floor":41,"gold_loss":0},{"damage_healed":0,"gold_gain":0,"player_choice":"Embrace Madness","damage_taken":11,"max_hp_gain":0,"max_hp_loss":0,"event_name":"Winding Halls","floor":47,"gold_loss":0,"cards_obtained":["Madness","Madness"]}],"is_beta":false,"boss_relics":[{"not_picked":["Calling Bell","Velvet Choker"],"picked":"Sozu"},{"not_picked":["Eternal Feather","Philosopher\u0027s Stone"],"picked":"Black Blood"}],"items_purged_floors":[5,24,45],"is_endless":false,"potions_floor_spawned":[3,4,14,16,19,20,21,29,37,44,46],"ascension_level":0}