{"gold_per_floor":[118,138,138,138,61,61,72,87,87,113,160,172,184,208,220,310,322,345,357,284,296,308,320],"floor_reached":23,"playtime":898,"items_purged":[],"score":369,"play_id":"48fd9209-0cc4-4d20-a0f8-be2a80613ee1","local_time":"20190524213041","is_ascension_mode":true,"campfire_choices":[{"data":"Skewer","floor":6,"key":"SMITH"},{"floor":13,"key":"REST"},{"floor":15,"key":"REST"}],"neow_cost":"TEN_PERCENT_HP_LOSS","seed_source_timestamp":1449097739520709,"circlet_count":0,"master_deck":["AscendersBane","Defend_G","Defend_G","Defend_G","Defend_G","Defend_G","Strike_G","Strike_G","Strike_G","Strike_G","Survivor","Neutralize","Envenom","Well Laid Plans","Backflip","Skewer+1","Leg Sweep","Bouncing Flask","Corpse Explosion","Blur","Bullet Time","Crippling Poison+1"],"relics":["Ring of the Snake","MawBank","Letter Opener","WristBlade","Enchiridion","Kunai"],"potions_floor_usage":[16,21],"damage_taken":[{"damage":11,"enemies":"Jaw Worm","floor":1,"turns":6},{"damage":12,"enemies":"2 Louse","floor":2,"turns":4},{"damage":0,"enemies":"Cultist","floor":7,"turns":4},{"damage":0,"enemies":"Blue Slaver","floor":8,"turns":7},{"damage":2,"enemies":"Large Slime","floor":10,"turns":5},{"damage":32,"enemies":"Gremlin Nob","floor":11,"turns":4},{"damage":0,"enemies":"2 Fungi Beasts","floor":14,"turns":3},{"damage":43,"enemies":"Hexaghost","floor":16,"turns":13},{"damage":15,"enemies":"Shell Parasite","floor":18,"turns":5},{"damage":9,"enemies":"Colosseum Slavers","floor":21,"turns":3},{"damage":5,"enemies":"Chosen","floor":23,"turns":3}],"seed_played":"811958401135382430","potions_obtained":[{"floor":7,"key":"SteroidPotion"},{"floor":14,"key":"Weak Potion"},{"floor":16,"key":"Poison Potion"}],"is_trial":false,"path_per_floor":["M","M","?","?","$","R","M","M","T","M","E","?","R","M","R","B",null,"M","?","?","?","?","M"],"character_chosen":"THE_SILENT","items_purchased":["Leg Sweep"],"campfire_rested":2,"item_purchase_floors":[5],"current_hp_per_floor":[48,36,41,41,41,41,41,41,41,39,7,7,26,26,45,2,49,34,13,13,4,4,0],"gold":320,"neow_bonus":"THREE_RARE_CARDS","is_prod":false,"is_daily":false,"chose_seed":false,"campfire_upgraded":1,"win_rate":0,"timestamp":1558747841,"path_taken":["M","M","?","?","$","R","M","?","T","M","E","?","R","M","R","BOSS","M","?","?","?","?","M"],"build_version":"2019-01-23","purchased_purges":0,"victory":false,"max_hp_per_floor":[60,60,65,65,65,65,65,65,65,65,65,65,65,65,65,65,65,65,65,65,65,65,65],"card_choices":[{"not_picked":["Phantasmal Killer","Grand Finale"],"picked":"Envenom","floor":0},{"not_picked":["Cloak And Dagger","Blade Dance"],"picked":"Well Laid Plans","floor":1},{"not_picked":["PiercingWail","Predator"],"picked":"Backflip","floor":2},{"not_picked":["Bane","Prepared","Riddle With Holes"],"picked":"SKIP","floor":7},{"not_picked":["Underhanded Strike","All Out Attack","Outmaneuver"],"picked":"SKIP","floor":8},{"not_picked":["Flechettes","Deflect"],"picked":"Bouncing Flask","floor":10},{"not_picked":["Distraction","Deadly Poison"],"picked":"Corpse Explosion","floor":11},{"not_picked":["Flying Knee","Skewer"],"picked":"Blur","floor":14},{"not_picked":["Tools of the Trade","Malaise"],"picked":"Bullet Time","floor":16},{"not_picked":["Leg Sweep","Well Laid Plans"],"picked":"Crippling Poison+1","floor":18}],"player_experience":498692,"relics_obtained":[{"floor":9,"key":"MawBank"},{"floor":11,"key":"Letter Opener"},{"floor":19,"key":"Enchiridion"}],"event_choices":[{"damage_healed":0,"gold_gain":0,"player_choice":"Donut","damage_taken":0,"max_hp_gain":5,"max_hp_loss":0,"event_name":"Big Fish","floor":3,"gold_loss":0},{"damage_healed":0,"gold_gain":0,"cards_transformed":["Strike_G"],"player_choice":"Transformed","damage_taken":0,"max_hp_gain":0,"max_hp_loss":0,"event_name":"Transmorgrifier","floor":4,"gold_loss":0,"cards_obtained":["Skewer"]},{"damage_healed":0,"gold_gain":0,"player_choice":"Ignored","damage_taken":0,"max_hp_gain":0,"max_hp_loss":0,"event_name":"Liars Game","floor":12,"gold_loss":0},{"damage_healed":0,"gold_gain":0,"player_choice":"Obtained Book","damage_taken":21,"max_hp_gain":0,"max_hp_loss":0,"event_name":"Cursed Tome","floor":19,"gold_loss":0},{"damage_healed":0,"gold_gain":0,"player_choice":"Obtained Relic","damage_taken":0,"relics_obtained":["Kunai"],"max_hp_gain":0,"max_hp_loss":0,"event_name":"Addict","floor":20,"gold_loss":85},{"damage_healed":0,"gold_gain":0,"player_choice":"Fight","damage_taken":0,"max_hp_gain":0,"max_hp_loss":0,"event_name":"Colosseum","floor":21,"gold_loss":0},{"damage_healed":0,"gold_gain":0,"player_choice":"Fled From Nobs","damage_taken":0,"max_hp_gain":0,"max_hp_loss":0,"event_name":"Colosseum","floor":21,"gold_loss":0},{"damage_healed":0,"gold_gain":0,"player_choice":"Ignored","damage_taken":0,"max_hp_gain":0,"max_hp_loss":0,"event_name":"The Mausoleum","floor":22,"gold_loss":0}],"is_beta":false,"boss_relics":[{"not_picked":["Velvet Choker","White Beast Statue"],"picked":"WristBlade"}],"items_purged_floors":[],"is_endless":false,"potions_floor_spawned":[7,14,16,18,21],"killed_by":"Chosen","ascension_level":19}