{"gold_per_floor":[16,31,41,52,52,52,68,68,68,68,80,5,24,55,55,152,202,218,12,12,32,42,42,62,62,62,74,74,90,70,84,84,84],"floor_reached":33,"playtime":1909,"items_purged":["Strike_B"],"score":380,"play_id":"dda89be6-4d02-4d54-8871-28e8d794b30e","local_time":"20190524204757","is_ascension_mode":true,"campfire_choices":[{"data":"Genetic Algorithm","floor":6,"key":"SMITH"},{"data":"Hyperbeam","floor":8,"key":"SMITH"},{"data":"Steam Power","floor":10,"key":"SMITH"},{"floor":15,"key":"REST"},{"data":"Hologram","floor":23,"key":"SMITH"},{"floor":25,"key":"REST"},{"data":"Hologram","floor":28,"key":"SMITH"},{"floor":32,"key":"REST"}],"neow_cost":"NO_GOLD","seed_source_timestamp":356105582751778,"circlet_count":0,"master_deck":["AscendersBane","Strike_B","Strike_B","Defend_B","Defend_B","Defend_B","Defend_B","Zap","Dualcast","Hyperbeam+1","Steam Power+1","Rebound","Turbo+1","Genetic Algorithm+1","Skim","Stack","FTL+1","Hologram+1","Go for the Eyes+1","Hologram+1","Leap"],"relics":["Cracked Core","Cables","Tiny House","PreservedInsect","Blue Candle"],"potions_floor_usage":[7,14,21,27,29,33],"damage_taken":[{"damage":0,"enemies":"2 Louse","floor":1,"turns":1},{"damage":2,"enemies":"Jaw Worm","floor":2,"turns":3},{"damage":0,"enemies":"Cultist","floor":3,"turns":2},{"damage":0,"enemies":"3 Louse","floor":4,"turns":2},{"damage":8,"enemies":"Blue Slaver","floor":7,"turns":2},{"damage":12,"enemies":"Lots of Slimes","floor":11,"turns":2},{"damage":0,"enemies":"2 Fungi Beasts","floor":13,"turns":1},{"damage":8,"enemies":"Lagavulin","floor":14,"turns":4},{"damage":55,"enemies":"Hexaghost","floor":16,"turns":9},{"damage":26,"enemies":"3 Byrds","floor":18,"turns":4},{"damage":6,"enemies":"2 Thieves","floor":21,"turns":2},{"damage":0,"enemies":"3 Cultists","floor":22,"turns":2},{"damage":0,"enemies":"Chosen and Byrds","floor":24,"turns":3},{"damage":9,"enemies":"Centurion and Healer","floor":27,"turns":3},{"damage":4,"enemies":"Shelled Parasite and Fungi","floor":29,"turns":4},{"damage":9,"enemies":"Snecko","floor":31,"turns":4},{"damage":104,"enemies":"Champ","floor":33,"turns":9}],"seed_played":"8434112832949938824","potions_obtained":[{"floor":3,"key":"Poison Potion"},{"floor":13,"key":"Block Potion"},{"floor":16,"key":"AttackPotion"},{"floor":17,"key":"FairyPotion"},{"floor":18,"key":"GamblersBrew"},{"floor":21,"key":"Regen Potion"},{"floor":30,"key":"SteroidPotion"},{"floor":31,"key":"SkillPotion"}],"is_trial":false,"path_per_floor":["M","M","M","M","?","R","M","R","T","R","M","$","M","E","R","B",null,"M","$","?","M","M","R","M","R","T","M","R","M","?","M","R","B"],"character_chosen":"DEFECT","items_purchased":["PreservedInsect","Hologram"],"campfire_rested":3,"item_purchase_floors":[19,19],"current_hp_per_floor":[68,66,66,66,66,66,58,58,58,58,46,46,46,38,60,5,63,37,37,28,22,22,22,22,46,46,37,37,45,45,36,60,0],"gold":84,"neow_bonus":"THREE_RARE_CARDS","is_prod":false,"is_daily":false,"chose_seed":false,"campfire_upgraded":5,"win_rate":0,"timestamp":1558745277,"path_taken":["M","M","M","M","?","R","M","R","T","R","M","$","M","E","R","BOSS","M","$","?","M","M","R","M","R","T","M","R","M","?","M","R","BOSS"],"build_version":"2019-01-23","purchased_purges":1,"victory":false,"max_hp_per_floor":[75,75,75,75,75,75,75,75,75,75,75,75,75,75,75,75,80,80,80,80,80,80,80,80,80,80,80,80,80,80,80,80,80],"card_choices":[{"not_picked":["Seek","Meteor Strike"],"picked":"Hyperbeam","floor":0},{"not_picked":["Turbo","Force Field"],"picked":"Steam Power","floor":1},{"not_picked":["Cold Snap","Hello World"],"picked":"Rebound","floor":2},{"not_picked":["Rebound","FTL"],"picked":"Turbo","floor":3},{"not_picked":["Sweeping Beam","Cold Snap"],"picked":"Genetic Algorithm","floor":4},{"not_picked":["Streamline","Heatsinks","Compile Driver"],"picked":"SKIP","floor":7},{"not_picked":["Compile Driver","Sunder","Ball Lightning"],"picked":"SKIP","floor":11},{"not_picked":["Ball Lightning","Meteor Strike","Consume"],"picked":"SKIP","floor":13},{"not_picked":["Barrage","Force Field"],"picked":"Skim","floor":14},{"not_picked":["Leap","Barrage"],"picked":"Stack","floor":17},{"not_picked":["Hello World","Leap"],"picked":"FTL+1","floor":18},{"not_picked":["Cold Snap","Steam+1"],"picked":"Go for the Eyes+1","floor":21},{"not_picked":["Chill","Loop"],"picked":"Hologram","floor":22},{"not_picked":["Hello World","Scrape+1","Tempest"],"picked":"SKIP","floor":24},{"not_picked":["Redo","All For One","Barrage"],"picked":"SKIP","floor":27},{"not_picked":["Loop","Capacitor+1"],"picked":"Leap","floor":29},{"not_picked":["Sweeping Beam+1","Doom and Gloom","Redo"],"picked":"SKIP","floor":31}],"player_experience":385788,"relics_obtained":[{"floor":14,"key":"Cables"},{"floor":26,"key":"Blue Candle"}],"event_choices":[{"cards_removed":["Strike_B"],"damage_healed":0,"gold_gain":0,"player_choice":"Forget","damage_taken":0,"max_hp_gain":0,"max_hp_loss":0,"event_name":"Living Wall","floor":5,"gold_loss":0},{"damage_healed":0,"gold_gain":0,"player_choice":"Stopped","damage_taken":9,"max_hp_gain":0,"max_hp_loss":0,"event_name":"Cursed Tome","floor":20,"gold_loss":0},{"damage_healed":0,"gold_gain":0,"player_choice":"Bought 1 Potion","damage_taken":0,"max_hp_gain":0,"max_hp_loss":0,"event_name":"The Woman in Blue","floor":30,"gold_loss":0}],"is_beta":false,"boss_relics":[{"not_picked":["FrozenCore","Calling Bell"],"picked":"Tiny House"}],"items_purged_floors":[12],"is_endless":false,"potions_floor_spawned":[3,13,16,18,21,31],"killed_by":"Champ","ascension_level":10}