{"gold_per_floor":[114,124,124,74,20,55,55,90,90,149,149,149,178,192,192,292,292,303,483,494,60,159,185,199,229,229,129,149,149,169,204,204,302,302,319,319,334,64,78,78,96,0,0,11,11,31,59,71,71,71],"floor_reached":51,"playtime":2833,"items_purged":["Strike_B","Strike_B","Defend_B"],"score":867,"play_id":"34a65225-78dc-45db-b230-9f1bc1912742","local_time":"20181221021424","is_ascension_mode":true,"campfire_choices":[{"data":"Zap","floor":7.0,"key":"SMITH"},{"floor":11.0,"key":"REST"},{"data":"Go for the Eyes","floor":15.0,"key":"SMITH"},{"floor":29.0,"key":"REST"},{"floor":32.0,"key":"REST"},{"floor":40.0,"key":"REST"},{"floor":49,"key":"REST"}],"neow_cost":"NONE","seed_source_timestamp":219549452773339,"circlet_count":0,"master_deck":["Strike_B","Defend_B","Defend_B","Defend_B","Zap+1","Dualcast","Ball Lightning","Rip and Tear","Conserve Battery","Core Surge","Loop","Ball Lightning","Go for the Eyes+1","Machine Learning","Static Discharge","Leap","Apotheosis","Storm","Hologram","Coolheaded","Cold Snap","Creative AI+1","Madness","Madness","FTL","Biased Cognition+1","Capacitor+1","Consume","Go for the Eyes+1"],"special_seed":0,"relics":["Cracked Core","Mummified Hand","Centennial Puzzle","Bottled Flame","Vajra","Bronze Scales","Fusion Hammer","Frozen Egg 2","PreservedInsect","Bag of Preparation","Happy Flower","Nuclear Battery","Red Mask","Mango","Toxic Egg 2"],"potions_floor_usage":[50],"damage_taken":[{"damage":2.0,"enemies":"Small Slimes","floor":1.0,"turns":3.0},{"damage":3.0,"enemies":"Jaw Worm","floor":2.0,"turns":3.0},{"damage":19.0,"enemies":"Lagavulin","floor":6.0,"turns":5.0},{"damage":10.0,"enemies":"Gremlin Nob","floor":8.0,"turns":4.0},{"damage":2.0,"enemies":"Gremlin Nob","floor":10.0,"turns":3.0},{"damage":5.0,"enemies":"3 Sentries","floor":13.0,"turns":3.0},{"damage":0.0,"enemies":"Cultist","floor":14.0,"turns":2.0},{"damage":27.0,"enemies":"Hexaghost","floor":16.0,"turns":6.0},{"damage":8.0,"enemies":"2 Thieves","floor":18.0,"turns":3.0},{"damage":3.0,"enemies":"Shell Parasite","floor":20.0,"turns":3.0},{"damage":2.0,"enemies":"Book of Stabbing","floor":23.0,"turns":4.0},{"damage":0.0,"enemies":"Chosen and Byrds","floor":24.0,"turns":4.0},{"damage":27.0,"enemies":"Slavers","floor":25.0,"turns":3.0},{"damage":4.0,"enemies":"Centurion and Healer","floor":28.0,"turns":3.0},{"damage":2.0,"enemies":"Shelled Parasite and Fungi","floor":30.0,"turns":4.0},{"damage":9.0,"enemies":"Book of Stabbing","floor":31.0,"turns":3.0},{"damage":46.0,"enemies":"Automaton","floor":33.0,"turns":11.0},{"damage":3.0,"enemies":"Orb Walker","floor":35.0,"turns":3.0},{"damage":9.0,"enemies":"3 Shapes","floor":37.0,"turns":4.0},{"damage":0.0,"enemies":"Sphere and 2 Shapes","floor":39.0,"turns":4.0},{"damage":0.0,"enemies":"Spire Growth","floor":41.0,"turns":3.0},{"damage":18.0,"enemies":"Maw","floor":44.0,"turns":6.0},{"damage":13,"enemies":"Writhing Mass","floor":46,"turns":4},{"damage":0,"enemies":"Giant Head","floor":47,"turns":6},{"damage":28,"enemies":"Sphere and 2 Shapes","floor":48,"turns":3},{"damage":31,"enemies":"Donu and Deca","floor":50,"turns":6}],"seed_played":"-3223331211596506541","potions_obtained":[{"floor":8.0,"key":"Energy Potion"},{"floor":12.0,"key":"Fruit Juice"},{"floor":12.0,"key":"EssenceOfSteel"},{"floor":13.0,"key":"LiquidBronze"},{"floor":16.0,"key":"Fire Potion"},{"floor":20.0,"key":"Block Potion"},{"floor":24.0,"key":"Fire Potion"},{"floor":31.0,"key":"GamblersBrew"},{"floor":33.0,"key":"Fire Potion"},{"floor":41.0,"key":"Energy Potion"}],"is_trial":false,"path_per_floor":["M","M","?","?","$","E","R","E","T","?","R","?","E","M","R","B",null,"M","?","M","$","?","E","M","E","T","$","M","R","M","E","R","B",null,"M","?","M","$","M","R","M","?","T","M","?","M","E","M","R","B",null],"character_chosen":"DEFECT","items_purchased":["Conserve Battery","Apotheosis","Storm","Fruit Juice","Biased Cognition+1"],"campfire_rested":5,"item_purchase_floors":[5,21,21,21,38],"current_hp_per_floor":[80,77,77,77,77,58,58,48,48,46,70,70,70,70,70,43,87,79,55,52,52,52,55,55,28,28,28,24,51,49,40,67,21,92,89,77,68,68,68,92,92,92,106,88,88,75,75,47,78,47],"gold":71,"neow_bonus":"TEN_PERCENT_HP_BONUS","is_prod":false,"is_daily":false,"chose_seed":false,"campfire_upgraded":2,"win_rate":0,"timestamp":1545347664,"path_taken":["M","M","?","?","?","E","R","E","T","?","R","?","E","M","R","BOSS","M","?","?","$","?","E","M","E","T","$","M","R","M","E","R","BOSS","M","?","M","$","M","R","M","?","T","M","?","?","E","M","R","BOSS"],"build_version":"2018-12-13","purchased_purges":3,"victory":true,"max_hp_per_floor":[82,82,82,82,82,82,82,82,82,82,82,82,87,87,87,87,87,87,87,87,87,87,92,92,92,92,92,92,92,92,92,92,92,92,92,92,92,92,92,92,92,92,106,106,106,106,106,106,106,106],"card_choices":[{"not_picked":["Streamline","Loop"],"picked":"Ball Lightning","floor":1.0},{"not_picked":["Barrage","Melter"],"picked":"Rip and Tear","floor":2.0},{"not_picked":["Rebound","Leap"],"picked":"Core Surge","floor":6.0},{"not_picked":["FTL","Leap"],"picked":"Loop","floor":8.0},{"not_picked":["Beam Cell","Thunder Strike"],"picked":"Ball Lightning","floor":10.0},{"not_picked":["Chaos","Stack","Beam Cell"],"picked":"SKIP","floor":13.0},{"not_picked":["Double Energy","Lockon"],"picked":"Go for the Eyes","floor":14.0},{"not_picked":["Thunder Strike","Hyperbeam"],"picked":"Machine Learning","floor":16.0},{"not_picked":["Hologram+1","Redo"],"picked":"Static Discharge","floor":18.0},{"not_picked":["Streamline","Stack"],"picked":"Leap","floor":20.0},{"not_picked":["Turbo+1","Coolheaded"],"picked":"Hologram","floor":23.0},{"not_picked":["Steam","Beam Cell"],"picked":"Coolheaded","floor":24.0},{"not_picked":["Leap","Gash"],"picked":"Cold Snap","floor":25.0},{"not_picked":["Reprogram","Recycle","Thunder Strike"],"picked":"SKIP","floor":28.0},{"not_picked":["Recycle","Compile Driver","Sunder"],"picked":"SKIP","floor":30.0},{"not_picked":["Leap","Turbo+1","Cold Snap"],"picked":"SKIP","floor":31.0},{"not_picked":["Seek","Electrodynamics+1"],"picked":"Creative AI+1","floor":33.0},{"not_picked":["Barrage+1","Static Discharge+1","Cold Snap+1"],"picked":"SKIP","floor":35.0},{"not_picked":["Cold Snap+1","Ball Lightning+1"],"picked":"FTL","floor":37.0},{"not_picked":["Gash","Go for the Eyes","Leap+1"],"picked":"SKIP","floor":39.0},{"not_picked":["Compile Driver+1","Gash","Meteor Strike"],"picked":"SKIP","floor":41.0},{"not_picked":["Redo","Auto Shields"],"picked":"Capacitor+1","floor":44.0},{"not_picked":["Double Energy+1","Steam+1"],"picked":"Consume","floor":46},{"not_picked":["Gash","Steam Power","Core Surge"],"picked":"SKIP","floor":47},{"not_picked":["Sweeping Beam","Redo+1"],"picked":"Go for the Eyes+1","floor":48}],"player_experience":484354,"relics_obtained":[{"floor":6.0,"key":"Mummified Hand"},{"floor":8.0,"key":"Centennial Puzzle"},{"floor":9.0,"key":"Bottled Flame"},{"floor":10.0,"key":"Vajra"},{"floor":13.0,"key":"Bronze Scales"},{"floor":23.0,"key":"Frozen Egg 2"},{"floor":25.0,"key":"PreservedInsect"},{"floor":26.0,"key":"Bag of Preparation"},{"floor":31.0,"key":"Happy Flower"},{"floor":43.0,"key":"Mango"},{"floor":47,"key":"Toxic Egg 2"}],"event_choices":[{"damage_healed":0.0,"max_hp_gain":0.0,"max_hp_loss":0.0,"gold_gain":0.0,"event_name":"Liars Game","player_choice":"Ignored","floor":3.0,"gold_loss":0.0,"damage_taken":0.0},{"cards_removed":["Strike_B"],"damage_healed":0.0,"max_hp_gain":0.0,"max_hp_loss":0.0,"gold_gain":0.0,"event_name":"The Cleric","player_choice":"Card Removal","floor":4.0,"gold_loss":50.0,"damage_taken":0.0},{"damage_healed":0.0,"max_hp_gain":0.0,"max_hp_loss":0.0,"gold_gain":0.0,"event_name":"Dead Adventurer","player_choice":"Searched \u00271\u0027 times","floor":10.0,"gold_loss":0.0,"damage_taken":0.0},{"damage_healed":0.0,"max_hp_gain":0.0,"max_hp_loss":0.0,"gold_gain":0.0,"event_name":"Lab","player_choice":"Got Potions","floor":12.0,"gold_loss":0.0,"damage_taken":0.0},{"damage_healed":0.0,"max_hp_gain":0.0,"max_hp_loss":0.0,"gold_gain":180.0,"event_name":"Knowing Skull","player_choice":"GOLD GOLD ","floor":19.0,"potions_obtained":[],"gold_loss":0.0,"damage_taken":24.0,"cards_obtained":[]},{"damage_healed":0.0,"max_hp_gain":0.0,"max_hp_loss":0.0,"gold_gain":99.0,"event_name":"Nest","player_choice":"Stole From Cult","floor":22.0,"gold_loss":0.0,"damage_taken":0.0},{"damage_healed":0.0,"max_hp_gain":0.0,"max_hp_loss":0.0,"gold_gain":0.0,"event_name":"Winding Halls","player_choice":"Embrace Madness","floor":36.0,"gold_loss":0.0,"damage_taken":12.0,"cards_obtained":["Madness","Madness"]},{"damage_healed":0.0,"max_hp_gain":0.0,"max_hp_loss":0.0,"gold_gain":0.0,"event_name":"Tomb of Lord Red Mask","player_choice":"Paid","floor":42.0,"gold_loss":96.0,"damage_taken":0.0,"relics_obtained":["Red Mask"]},{"damage_healed":0,"gold_gain":0,"player_choice":"Ignored","damage_taken":0,"max_hp_gain":0,"max_hp_loss":0,"event_name":"WeMeetAgain","floor":45,"gold_loss":0}],"is_beta":false,"boss_relics":[{"not_picked":["Busted Crown","Calling Bell"],"picked":"Fusion Hammer"},{"not_picked":["Lizard Tail","Velvet Choker"],"picked":"Nuclear Battery"}],"items_purged_floors":[21,27,38],"is_endless":false,"potions_floor_spawned":[8,13,16,20,24,31,33,41,46,47],"ascension_level":1}