{"gold_per_floor":[118,118,143,168,192,192,217,217,271,271,271,271,271,271,271,271],"floor_reached":16,"playtime":577,"items_purged":[],"score":90,"play_id":"5d8b5a04-dad4-47b3-96a0-07f1c9769f7a","local_time":"20190602230625","is_ascension_mode":false,"campfire_choices":[{"data":"Endless Agony","floor":6,"key":"SMITH"},{"data":"Blade Dance","floor":8,"key":"SMITH"},{"data":"Dodge and Roll","floor":11,"key":"SMITH"},{"data":"Cloak And Dagger","floor":15,"key":"SMITH"}],"neow_cost":"NONE","seed_source_timestamp":1550117387582800,"circlet_count":0,"master_deck":["Defend_G","Defend_G","Defend_G","Defend_G","Defend_G","Strike_G","Strike_G","Strike_G","Strike_G","Strike_G","Survivor","Neutralize","Dodge and Roll+1","Blade Dance+1","Endless Agony+1","Cloak And Dagger+1","Parasite"],"relics":["Busted Crown","Golden Idol","Boot","Snake Skull"],"potions_floor_usage":[16,16],"damage_taken":[{"damage":1,"enemies":"2 Louse","floor":1,"turns":4},{"damage":2,"enemies":"Jaw Worm","floor":3,"turns":5},{"damage":2,"enemies":"Cultist","floor":4,"turns":4},{"damage":0,"enemies":"Gremlin Gang","floor":5,"turns":4},{"damage":2,"enemies":"3 Louse","floor":7,"turns":3},{"damage":69,"enemies":"The Guardian","floor":16,"turns":6}],"seed_played":"2997428182217434150","potions_obtained":[{"floor":1,"key":"PowerPotion"},{"floor":4,"key":"PowerPotion"},{"floor":5,"key":"Block Potion"}],"is_trial":false,"path_per_floor":["M","?","M","M","M","R","M","R","T","?","R","$","T","$","R","B"],"character_chosen":"THE_SILENT","items_purchased":[],"campfire_rested":0,"item_purchase_floors":[],"current_hp_per_floor":[69,52,50,48,48,48,46,46,46,63,63,63,63,63,63,0],"gold":271,"neow_bonus":"BOSS_RELIC","is_prod":false,"is_daily":false,"chose_seed":false,"campfire_upgraded":4,"win_rate":0,"timestamp":1559531185,"path_taken":["M","?","M","M","M","R","M","R","T","?","R","?","?","?","R","BOSS"],"build_version":"2019-01-23","purchased_purges":0,"victory":false,"max_hp_per_floor":[70,70,70,70,70,70,70,70,70,70,70,70,70,70,70,70],"card_choices":[{"not_picked":[],"picked":"Dodge and Roll","floor":1},{"not_picked":[],"picked":"Blade Dance","floor":3},{"not_picked":[],"picked":"Endless Agony","floor":4},{"not_picked":["PiercingWail"],"picked":"SKIP","floor":5},{"not_picked":[],"picked":"Cloak And Dagger","floor":7}],"player_experience":1053289,"relics_obtained":[{"floor":9,"key":"Boot"},{"floor":13,"key":"Snake Skull"}],"event_choices":[{"damage_healed":0,"gold_gain":0,"player_choice":"Take Damage","damage_taken":17,"relics_obtained":["Golden Idol"],"max_hp_gain":0,"max_hp_loss":0,"event_name":"Golden Idol","floor":2,"gold_loss":0},{"damage_healed":17,"gold_gain":0,"player_choice":"Healed and dodged fight","damage_taken":0,"max_hp_gain":0,"max_hp_loss":0,"event_name":"Mushrooms","floor":10,"gold_loss":0,"cards_obtained":["Parasite"]}],"is_beta":false,"boss_relics":[],"items_purged_floors":[],"is_endless":false,"potions_floor_spawned":[1,4,5],"killed_by":"The Guardian","ascension_level":0}