{"gold_per_floor":[111,61,61,77,77,77,98,20,71,71,87,101,101,129,129,228,228,248,248,67,80,20,46,46,65,113,129,129,142,160,178,178,274,274,288,304,183,196,215,249,249,249,273,288,305,322,69,81,81,81],"floor_reached":51,"playtime":3365,"items_purged":["Strike_G","Parasite"],"score":974,"play_id":"ff4e2210-4cdc-444c-9c19-72b6385804e8","local_time":"20190423203524","is_ascension_mode":true,"campfire_choices":[{"data":"Neutralize","floor":6.0,"key":"SMITH"},{"data":"Noxious Fumes","floor":10.0,"key":"SMITH"},{"data":"Backflip","floor":13.0,"key":"SMITH"},{"floor":15.0,"key":"REST"},{"data":"Footwork","floor":24.0,"key":"SMITH"},{"data":"Adrenaline","floor":28.0,"key":"SMITH"},{"data":"Dodge and Roll","floor":32.0,"key":"SMITH"},{"data":"Blur","floor":41.0,"key":"SMITH"},{"data":"Backflip","floor":49,"key":"SMITH"}],"neow_cost":"NONE","seed_source_timestamp":0,"circlet_count":0,"master_deck":["Defend_G","Defend_G","Defend_G","Defend_G","Defend_G","Strike_G","Strike_G","Survivor","Neutralize+1","Flying Knee","Skewer","Backflip+1","Noxious Fumes+1","Blur+1","Crippling Poison","Footwork+1","Adrenaline+1","Caltrops","Leg Sweep+1","Dodge and Roll+1","Backflip+1","Footwork+1","Corpse Explosion","Noxious Fumes"],"special_seed":0,"relics":["Ring of the Serpent","NeowsBlessing","Question Card","Odd Mushroom","Bag of Preparation","Happy Flower","Coffee Dripper","Orichalcum","PreservedInsect","Smiling Mask","Centennial Puzzle","Pen Nib","Blood Vial"],"potions_floor_usage":[45,45,48,50,50],"damage_taken":[{"damage":0.0,"enemies":"Jaw Worm","floor":1.0,"turns":1.0},{"damage":0.0,"enemies":"Cultist","floor":4.0,"turns":1.0},{"damage":0.0,"enemies":"The Mushroom Lair","floor":7.0,"turns":1.0},{"damage":0.0,"enemies":"2 Louse","floor":11.0,"turns":3.0},{"damage":7.0,"enemies":"Exordium Wildlife","floor":12.0,"turns":4.0},{"damage":26.0,"enemies":"Gremlin Nob","floor":14.0,"turns":6.0},{"damage":9.0,"enemies":"The Guardian","floor":16.0,"turns":12.0},{"damage":12.0,"enemies":"2 Thieves","floor":18.0,"turns":4.0},{"damage":0.0,"enemies":"Shell Parasite","floor":21.0,"turns":5.0},{"damage":13.0,"enemies":"Gremlin Leader","floor":23.0,"turns":7.0},{"damage":0.0,"enemies":"Centurion and Healer","floor":25.0,"turns":8.0},{"damage":4.0,"enemies":"Snake Plant","floor":27.0,"turns":6.0},{"damage":0.0,"enemies":"Snecko","floor":29.0,"turns":6.0},{"damage":0.0,"enemies":"Cultist and Chosen","floor":30.0,"turns":7.0},{"damage":0.0,"enemies":"Centurion and Healer","floor":31.0,"turns":7.0},{"damage":17.0,"enemies":"Collector","floor":33.0,"turns":15.0},{"damage":10.0,"enemies":"3 Shapes","floor":35.0,"turns":3.0},{"damage":0.0,"enemies":"Orb Walker","floor":36.0,"turns":6.0},{"damage":10.0,"enemies":"Transient","floor":38.0,"turns":5.0},{"damage":1.0,"enemies":"Sphere and 2 Shapes","floor":39.0,"turns":4.0},{"damage":0.0,"enemies":"Nemesis","floor":40.0,"turns":9.0},{"damage":0.0,"enemies":"Writhing Mass","floor":44.0,"turns":7.0},{"damage":21,"enemies":"Transient","floor":45,"turns":5},{"damage":0,"enemies":"Sphere and 2 Shapes","floor":46,"turns":4},{"damage":0,"enemies":"4 Shapes","floor":48,"turns":3},{"damage":2,"enemies":"Donu and Deca","floor":50,"turns":9}],"seed_played":"-2224068008576025099","potions_obtained":[{"floor":4.0,"key":"EssenceOfSteel"},{"floor":12.0,"key":"FearPotion"},{"floor":14.0,"key":"Poison Potion"},{"floor":16.0,"key":"SkillPotion"},{"floor":18.0,"key":"SpeedPotion"},{"floor":21.0,"key":"SpeedPotion"},{"floor":29.0,"key":"EssenceOfSteel"},{"floor":33.0,"key":"SpeedPotion"},{"floor":38.0,"key":"Block Potion"},{"floor":44.0,"key":"Ancient Potion"},{"floor":46,"key":"Strength Potion"}],"is_trial":false,"path_per_floor":["M","?","?","M","$","R","?","$","T","R","M","M","R","E","R","B",null,"M","?","$","M","?","E","R","M","T","M","R","M","M","M","R","B",null,"M","M","$","M","M","E","R","?","T","M","M","M","$","M","R","B",null],"character_chosen":"THE_SILENT","items_purchased":["Noxious Fumes","Caltrops","Orichalcum","Noxious Fumes","PowerPotion","Blood Vial"],"campfire_rested":1,"item_purchase_floors":[8,20,20,37,47,47],"current_hp_per_floor":[63,63,51,51,51,51,51,51,51,51,51,44,44,18,39,30,60,48,70,70,70,70,57,57,57,57,53,53,53,53,53,53,36,62,52,52,52,42,41,41,41,41,41,41,20,20,20,22,22,22],"gold":81,"neow_bonus":"THREE_ENEMY_KILL","is_prod":false,"is_daily":false,"chose_seed":false,"campfire_upgraded":8,"win_rate":0,"timestamp":1556066124,"path_taken":["M","?","?","?","?","R","?","?","T","R","M","M","R","E","R","BOSS","M","?","$","M","?","E","R","M","T","M","R","?","M","?","R","BOSS","M","M","$","M","M","E","R","?","T","?","?","M","$","M","R","BOSS"],"build_version":"2019-01-23","purchased_purges":2,"victory":true,"max_hp_per_floor":[70,70,70,70,70,70,70,70,70,70,70,70,70,70,70,70,70,70,70,70,70,70,70,70,70,70,70,70,70,70,70,70,70,70,70,70,70,70,70,70,70,70,70,70,70,70,67,67,67,67],"card_choices":[{"not_picked":["Underhanded Strike","Heel Hook"],"picked":"Flying Knee","floor":1.0},{"not_picked":["Leg Sweep","Dash","Tactician"],"picked":"Skewer","floor":4.0},{"not_picked":["PiercingWail","Bouncing Flask","Dagger Throw"],"picked":"Backflip","floor":7.0},{"not_picked":["Choke","Caltrops","Acrobatics"],"picked":"Blur","floor":11.0},{"not_picked":["Underhanded Strike","Eviscerate","Deflect"],"picked":"Crippling Poison","floor":12.0},{"not_picked":["Deadly Poison","Eviscerate","Reflex"],"picked":"Footwork","floor":14.0},{"not_picked":["Malaise","Unload","Burst"],"picked":"Adrenaline","floor":16.0},{"not_picked":["Finisher","Slice+1","Sucker Punch","All Out Attack+1"],"picked":"SKIP","floor":18.0},{"not_picked":["Calculated Gamble+1","Tactician","Dagger Spray","Blade Dance+1"],"picked":"SKIP","floor":21.0},{"not_picked":["Blade Dance","Deadly Poison+1","Eviscerate"],"picked":"Leg Sweep+1","floor":23.0},{"not_picked":["Acrobatics","Accuracy","Cloak And Dagger"],"picked":"Dodge and Roll","floor":25.0},{"not_picked":["Poisoned Stab","Heel Hook","Quick Slash","Leg Sweep"],"picked":"SKIP","floor":27.0},{"not_picked":["Crippling Poison","Masterful Stab","Riddle With Holes+1"],"picked":"Backflip","floor":29.0},{"not_picked":["Accuracy","Heel Hook+1","Prepared"],"picked":"Footwork+1","floor":30.0},{"not_picked":["All Out Attack","PiercingWail","Poisoned Stab","Expertise"],"picked":"SKIP","floor":31.0},{"not_picked":["Glass Knife","Burst","Doppelganger"],"picked":"Corpse Explosion","floor":33.0},{"not_picked":["Dash+1","Deflect+1","Quick Slash","Slice+1"],"picked":"SKIP","floor":35.0},{"not_picked":["Quick Slash","Setup","Dodge and Roll","Heel Hook+1"],"picked":"SKIP","floor":36.0},{"not_picked":["Quick Slash+1","Dagger Spray","Outmaneuver","Flying Knee"],"picked":"SKIP","floor":38.0},{"not_picked":["Choke","Corpse Explosion","Backflip+1","Skewer+1"],"picked":"SKIP","floor":39.0},{"not_picked":["Deadly Poison","Caltrops+1","Flechettes+1","Escape Plan"],"picked":"SKIP","floor":40.0},{"not_picked":["Flying Knee","Deadly Poison","Sucker Punch+1","Deflect+1"],"picked":"SKIP","floor":44.0},{"not_picked":["Deflect+1","Backflip","Calculated Gamble","Quick Slash"],"picked":"SKIP","floor":45},{"not_picked":["Dagger Spray+1","Dodge and Roll","Well Laid Plans","Accuracy"],"picked":"SKIP","floor":46},{"not_picked":["Dagger Throw","Poisoned Stab","Sucker Punch","Noxious Fumes"],"picked":"SKIP","floor":48}],"player_experience":277540,"relics_obtained":[{"floor":7.0,"key":"Odd Mushroom"},{"floor":9.0,"key":"Bag of Preparation"},{"floor":14.0,"key":"Happy Flower"},{"floor":23.0,"key":"PreservedInsect"},{"floor":26.0,"key":"Smiling Mask"},{"floor":40.0,"key":"Centennial Puzzle"},{"floor":43.0,"key":"Pen Nib"}],"event_choices":[{"cards_removed":["Strike_G"],"damage_healed":0.0,"max_hp_gain":0.0,"max_hp_loss":0.0,"gold_gain":0.0,"event_name":"The Cleric","player_choice":"Card Removal","floor":2.0,"gold_loss":50.0,"damage_taken":0.0},{"damage_healed":0.0,"max_hp_gain":0.0,"max_hp_loss":0.0,"gold_gain":0.0,"event_name":"Scrap Ooze","player_choice":"Success","floor":3.0,"gold_loss":0.0,"damage_taken":12.0,"relics_obtained":["Question Card"]},{"damage_healed":0.0,"max_hp_gain":0.0,"max_hp_loss":0.0,"gold_gain":0.0,"event_name":"Mushrooms","player_choice":"Fought Mushrooms","floor":7.0,"gold_loss":0.0,"damage_taken":0.0},{"damage_healed":23.0,"max_hp_gain":0.0,"max_hp_loss":0.0,"gold_gain":0.0,"event_name":"The Library","player_choice":"Heal","floor":19.0,"gold_loss":0.0,"damage_taken":0.0},{"cards_removed":["Strike_G"],"damage_healed":0.0,"max_hp_gain":0.0,"max_hp_loss":0.0,"gold_gain":0.0,"event_name":"Designer","player_choice":"Single Remove","floor":22.0,"gold_loss":60.0,"damage_taken":0.0},{"damage_healed":0.0,"max_hp_gain":0.0,"max_hp_loss":0.0,"gold_gain":0.0,"event_name":"Match and Keep!","player_choice":"0 cards matched","floor":42.0,"gold_loss":0.0,"damage_taken":0.0,"cards_obtained":[]}],"is_beta":false,"boss_relics":[{"not_picked":["Tiny House","Cursed Key"],"picked":"Coffee Dripper"},{"not_picked":["Lizard Tail","HoveringKite"],"picked":"Ring of the Serpent"}],"items_purged_floors":[37,47],"is_endless":false,"potions_floor_spawned":[4,12,14,16,18,21,29,33,38,44,46],"ascension_level":7}