{"gold_per_floor":[119,119,135,135,152,152,227,227,227,242,262,280,293,305,305,305],"floor_reached":16,"playtime":5419,"items_purged":[],"score":96,"play_id":"7963c415-285c-4e69-8a4d-2be3e2be5fb9","local_time":"20190603231311","is_ascension_mode":false,"campfire_choices":[{"floor":6,"key":"REST"},{"data":"Die Die Die","floor":8,"key":"SMITH"},{"data":"Survivor","floor":15,"key":"SMITH"}],"neow_cost":"NONE","seed_source_timestamp":1632091849893500,"circlet_count":0,"master_deck":["Survivor+1","Neutralize+1","Masterful Stab","Footwork","Riddle With Holes","Terror","After Image","Cloak And Dagger+1","Choke","Bouncing Flask","Concentrate","Die Die Die+1","Dodge and Roll"],"relics":["Pandora\u0027s Box"],"potions_floor_usage":[13],"damage_taken":[{"damage":0,"enemies":"Jaw Worm","floor":1,"turns":2},{"damage":0,"enemies":"Cultist","floor":3,"turns":2},{"damage":3,"enemies":"2 Louse","floor":5,"turns":2},{"damage":27,"enemies":"Exordium Thugs","floor":10,"turns":4},{"damage":3,"enemies":"Looter","floor":11,"turns":3},{"damage":16,"enemies":"Large Slime","floor":12,"turns":4},{"damage":12,"enemies":"3 Louse","floor":13,"turns":2},{"damage":4,"enemies":"Exordium Thugs","floor":14,"turns":3},{"damage":0,"enemies":"Slime Boss","floor":16,"turns":1}],"seed_played":"7927311213466024786","potions_obtained":[{"floor":11,"key":"Strength Potion"},{"floor":12,"key":"Explosive Potion"},{"floor":14,"key":"FearPotion"}],"is_trial":false,"path_per_floor":["M","?","M","?","M","R","T","R","T","M","M","M","M","M","R","B"],"character_chosen":"THE_SILENT","items_purchased":[],"campfire_rested":1,"item_purchase_floors":[],"current_hp_per_floor":[70,75,75,60,57,75,75,75,75,48,45,29,17,13,13,13],"gold":305,"neow_bonus":"BOSS_RELIC","is_prod":false,"is_daily":false,"chose_seed":false,"campfire_upgraded":2,"win_rate":0,"timestamp":1559617991,"path_taken":["M","?","M","?","M","R","?","R","T","M","M","?","M","M","R","BOSS"],"build_version":"2019-01-23","purchased_purges":0,"victory":false,"max_hp_per_floor":[70,75,75,75,75,75,75,75,75,75,75,75,75,75,75,75],"card_choices":[{"not_picked":["Slice","Bane","Reflex"],"picked":"SKIP","floor":1},{"not_picked":["Infinite Blades","Outmaneuver"],"picked":"Dodge and Roll","floor":3},{"not_picked":["Sucker Punch","Catalyst","Outmaneuver"],"picked":"SKIP","floor":5},{"not_picked":["Blade Dance","Bullet Time","PiercingWail"],"picked":"SKIP","floor":10},{"not_picked":["PiercingWail","Setup","Bane"],"picked":"SKIP","floor":11},{"not_picked":["Blade Dance","Prepared","Masterful Stab"],"picked":"SKIP","floor":12},{"not_picked":["Setup","Cloak And Dagger","Blade Dance"],"picked":"SKIP","floor":13},{"not_picked":["Prepared","Skewer","Expertise"],"picked":"SKIP","floor":14}],"player_experience":1081560,"relics_obtained":[],"event_choices":[{"damage_healed":0,"gold_gain":0,"player_choice":"Donut","damage_taken":0,"max_hp_gain":5,"max_hp_loss":0,"event_name":"Big Fish","floor":2,"gold_loss":0},{"damage_healed":0,"gold_gain":0,"player_choice":"Entered Light","damage_taken":15,"max_hp_gain":0,"max_hp_loss":0,"event_name":"Shining Light","floor":4,"gold_loss":0,"cards_upgraded":["Neutralize","Cloak And Dagger"]}],"is_beta":false,"boss_relics":[],"items_purged_floors":[],"is_endless":false,"potions_floor_spawned":[11,12,14],"killed_by":"Slime Boss","ascension_level":0}