{"gold_per_floor":[115,115,125,1,1,1,19,19,19,19,42,53,53,53,53,150,150,164,183,183,200,211,246,246,73,73,73,73,91,103,116,116,211,211,227,227,279,294,294,294,307,407,407,420,57,69,69,82,82,82],"floor_reached":51,"playtime":4658,"items_purged":["Strike_B","Strike_B"],"score":709,"play_id":"842b731d-d9c8-4ba3-853f-8e1d2ba65c98","local_time":"20190606232922","is_ascension_mode":false,"campfire_choices":[{"data":"Hologram","floor":6,"key":"SMITH"},{"data":"Hologram","floor":8,"key":"SMITH"},{"data":"Reboot","floor":13,"key":"SMITH"},{"data":"Conserve Battery","floor":15,"key":"SMITH"},{"data":"Buffer","floor":24,"key":"SMITH"},{"data":"Zap","floor":27,"key":"SMITH"},{"data":"Loop","floor":32,"key":"SMITH"},{"data":"Buffer","floor":40,"key":"SMITH"},{"floor":47,"key":"REST"},{"data":"Defragment","floor":49,"key":"SMITH"}],"neow_cost":"NONE","seed_source_timestamp":1893007939542100,"circlet_count":0,"master_deck":["Defend_B","Defend_B","Defend_B","Defend_B+1","Zap+1","Dualcast+1","Reboot+1","Hologram+1","Hologram+1","FTL","Conserve Battery+1","Buffer+1","Go for the Eyes","Steam","Sunder","Tempest","Ball Lightning","Chill+1","Loop+1","Flash of Steel","Streamline+1","BootSequence+1","Buffer+1","Beam Cell","Steam+1","Ball Lightning+1","Steam+1","Defragment+1","Force Field+1"],"relics":["Cracked Core","Kunai","Dream Catcher","Sozu","Strawberry","Art of War","Busted Crown","Bird Faced Urn","Ice Cream","Mummified Hand","Incense Burner"],"potions_floor_usage":[50],"damage_taken":[{"damage":0,"enemies":"2 Louse","floor":1,"turns":2},{"damage":0,"enemies":"Cultist","floor":3,"turns":4},{"damage":0,"enemies":"Jaw Worm","floor":7,"turns":2},{"damage":0,"enemies":"Exordium Wildlife","floor":12,"turns":4},{"damage":8,"enemies":"The Guardian","floor":16,"turns":11},{"damage":0,"enemies":"Spheric Guardian","floor":18,"turns":4},{"damage":4,"enemies":"3 Byrds","floor":19,"turns":7},{"damage":0,"enemies":"Shelled Parasite and Fungi","floor":21,"turns":6},{"damage":14,"enemies":"Centurion and Healer","floor":22,"turns":14},{"damage":0,"enemies":"Gremlin Leader","floor":23,"turns":10},{"damage":0,"enemies":"Snake Plant","floor":29,"turns":5},{"damage":0,"enemies":"Chosen and Byrds","floor":30,"turns":4},{"damage":0,"enemies":"Sentry and Sphere","floor":31,"turns":5},{"damage":19,"enemies":"Champ","floor":33,"turns":10},{"damage":0,"enemies":"Orb Walker","floor":35,"turns":3},{"damage":14,"enemies":"2 Orb Walkers","floor":37,"turns":6},{"damage":11,"enemies":"3 Darklings","floor":38,"turns":5},{"damage":20,"enemies":"Jaw Worm Horde","floor":41,"turns":6},{"damage":0,"enemies":"Mind Bloom Boss Battle","floor":42,"turns":7},{"damage":0,"enemies":"Transient","floor":44,"turns":5},{"damage":17,"enemies":"Spire Growth","floor":46,"turns":4},{"damage":0,"enemies":"Maw","floor":48,"turns":7},{"damage":0,"enemies":"Awakened One","floor":50,"turns":12}],"seed_played":"5581053203935854350","potions_obtained":[{"floor":7,"key":"FocusPotion"}],"is_trial":false,"path_per_floor":["M","?","M","$","$","R","M","R","T","?","T","M","R","$","R","B",null,"M","M","?","M","M","E","R","$","T","R","?","M","M","M","R","B",null,"M","?","?","M","?","R","M","?","T","M","$","M","R","M","R","B",null],"character_chosen":"DEFECT","items_purchased":["Hologram","Loop","Defragment","Incense Burner"],"campfire_rested":1,"item_purchase_floors":[4,25,45,45],"current_hp_per_floor":[75,75,75,75,75,75,75,75,75,60,60,60,60,60,60,52,75,75,71,71,71,57,64,64,64,64,64,48,48,48,48,48,29,82,82,82,68,63,63,63,49,55,55,61,61,46,70,78,78,82],"gold":82,"neow_bonus":"TRANSFORM_CARD","is_prod":false,"is_daily":false,"chose_seed":false,"campfire_upgraded":9,"win_rate":0.0,"timestamp":1559878162,"path_taken":["M","?","M","?","$","R","?","R","T","?","?","M","R","?","R","BOSS","M","M","?","?","M","E","R","?","T","R","?","?","M","M","R","BOSS","M","?","?","?","?","R","M","?","T","?","$","M","R","M","R","BOSS"],"build_version":"2019-01-23","purchased_purges":2,"victory":true,"max_hp_per_floor":[75,75,75,75,75,75,75,75,75,75,75,75,75,75,75,75,75,75,75,75,75,75,82,82,82,82,82,82,82,82,82,82,82,82,82,82,82,82,82,82,82,82,82,82,82,82,82,82,82,82],"card_choices":[{"not_picked":["Go for the Eyes","Turbo"],"picked":"Gash","floor":1},{"not_picked":["Go for the Eyes","Melter"],"picked":"Hologram","floor":3},{"not_picked":["Loop","Hologram"],"picked":"FTL","floor":7},{"not_picked":["Darkness","Capacitor"],"picked":"Conserve Battery","floor":12},{"not_picked":["Amplify","Thunder Strike"],"picked":"Buffer","floor":16},{"not_picked":["Compile Driver","Barrage"],"picked":"Go for the Eyes","floor":18},{"not_picked":["Barrage","Turbo"],"picked":"Steam","floor":19},{"not_picked":["Undo+1","Hello World"],"picked":"Tempest","floor":21},{"not_picked":["Redo","Stack"],"picked":"Ball Lightning","floor":22},{"not_picked":["Beam Cell+1","Biased Cognition"],"picked":"Chill+1","floor":23},{"not_picked":["Force Field","Go for the Eyes+1"],"picked":"Streamline+1","floor":29},{"not_picked":["Self Repair","Steam"],"picked":"BootSequence+1","floor":30},{"not_picked":["Sweeping Beam+1","BootSequence","Redo"],"picked":"SKIP","floor":31},{"not_picked":["Core Surge","Fission"],"picked":"Buffer","floor":33},{"not_picked":["Rip and Tear"],"picked":"SKIP","floor":35},{"not_picked":[],"picked":"Beam Cell","floor":37},{"not_picked":["Heatsinks"],"picked":"SKIP","floor":38},{"not_picked":[],"picked":"Steam+1","floor":41},{"not_picked":[],"picked":"Ball Lightning+1","floor":42},{"not_picked":[],"picked":"Steam+1","floor":44},{"not_picked":[],"picked":"Force Field+1","floor":46},{"not_picked":["Undo+1"],"picked":"SKIP","floor":48}],"player_experience":1143995,"relics_obtained":[{"floor":9,"key":"Kunai"},{"floor":11,"key":"Dream Catcher"},{"floor":23,"key":"Strawberry"},{"floor":26,"key":"Art of War"},{"floor":37,"key":"Bird Faced Urn"},{"floor":42,"key":"Ice Cream"},{"floor":43,"key":"Mummified Hand"}],"event_choices":[{"damage_healed":0,"gold_gain":0,"player_choice":"Bought 0 Potions","damage_taken":0,"max_hp_gain":0,"max_hp_loss":0,"event_name":"The Woman in Blue","floor":2,"gold_loss":0},{"damage_healed":0,"gold_gain":0,"player_choice":"Entered Light","damage_taken":15,"max_hp_gain":0,"max_hp_loss":0,"event_name":"Shining Light","floor":10,"gold_loss":0,"cards_upgraded":["Dualcast","Defend_B"]},{"damage_healed":0,"gold_gain":0,"cards_transformed":["Strike_B"],"player_choice":"Transformed","damage_taken":0,"max_hp_gain":0,"max_hp_loss":0,"event_name":"Transmorgrifier","floor":20,"gold_loss":0,"cards_obtained":["Sunder"]},{"damage_healed":0,"gold_gain":0,"player_choice":"CARD ","damage_taken":16,"max_hp_gain":0,"max_hp_loss":0,"event_name":"Knowing Skull","floor":28,"potions_obtained":[],"gold_loss":0,"cards_obtained":["Flash of Steel"]},{"damage_healed":0,"gold_gain":0,"player_choice":"Memory 1","damage_taken":0,"max_hp_gain":0,"max_hp_loss":0,"event_name":"SensoryStone","floor":36,"gold_loss":0},{"damage_healed":0,"gold_gain":0,"player_choice":"Fight","damage_taken":0,"max_hp_gain":0,"max_hp_loss":0,"event_name":"Mysterious Sphere","floor":37,"gold_loss":0},{"cards_removed":["Gash"],"damage_healed":0,"gold_gain":0,"player_choice":"Removed Attack","damage_taken":0,"max_hp_gain":0,"max_hp_loss":0,"event_name":"Falling","floor":39,"gold_loss":0},{"damage_healed":0,"gold_gain":0,"player_choice":"Fight","damage_taken":0,"max_hp_gain":0,"max_hp_loss":0,"event_name":"MindBloom","floor":42,"gold_loss":0}],"is_beta":false,"boss_relics":[{"not_picked":["Black Star","FrozenCore"],"picked":"Sozu"},{"not_picked":["Tiny House","Calling Bell"],"picked":"Busted Crown"}],"items_purged_floors":[4,25],"is_endless":false,"potions_floor_spawned":[7,18,21,22,29,37,41,44,46],"ascension_level":0}