{"gold_per_floor":[119,119,138,138,153,188,188,78,101,101,101,114,137,12,12,140,140,165,190,213,213,233,233,251,251,251,265,279,279],"floor_reached":29,"playtime":1513,"items_purged":["Strike_B","Strike_B"],"score":229,"play_id":"b034655f-346e-4f4b-9a5c-23fa6c4f571f","local_time":"20190526171811","is_ascension_mode":false,"campfire_choices":[{"data":"Redo","floor":7,"key":"SMITH"},{"data":"Defragment","floor":10,"key":"SMITH"},{"data":"Leap","floor":15,"key":"SMITH"},{"data":"Loop","floor":23,"key":"SMITH"},{"data":"Electrodynamics","floor":25,"key":"SMITH"}],"neow_cost":"NONE","seed_source_timestamp":923479297453400,"circlet_count":0,"master_deck":["Strike_B","Defend_B","Defend_B+1","Defend_B","Defend_B","Zap+1","Dualcast","Static Discharge+1","Darkness","Gash","Redo+1","Defragment+1","Ball Lightning","FTL","Leap+1","Electrodynamics+1","Gash","Loop+1","Loop+1","Leap+1","Leap"],"relics":["Cracked Core","NeowsBlessing","Golden Idol","Ancient Tea Set","War Paint","Nuclear Battery","Darkstone Periapt"],"potions_floor_usage":[16],"damage_taken":[{"damage":0,"enemies":"2 Louse","floor":1,"turns":1},{"damage":0,"enemies":"Cultist","floor":3,"turns":1},{"damage":0,"enemies":"Small Slimes","floor":5,"turns":1},{"damage":21,"enemies":"3 Sentries","floor":6,"turns":5},{"damage":5,"enemies":"Looter","floor":12,"turns":2},{"damage":16,"enemies":"Exordium Wildlife","floor":13,"turns":3},{"damage":12,"enemies":"Slime Boss","floor":16,"turns":6},{"damage":0,"enemies":"3 Byrds","floor":18,"turns":2},{"damage":15,"enemies":"Spheric Guardian","floor":19,"turns":3},{"damage":13,"enemies":"Snake Plant","floor":20,"turns":3},{"damage":7,"enemies":"Sentry and Sphere","floor":22,"turns":3},{"damage":8,"enemies":"3 Cultists","floor":24,"turns":4},{"damage":13,"enemies":"Snecko","floor":27,"turns":5},{"damage":4,"enemies":"Snake Plant","floor":28,"turns":3},{"damage":18,"enemies":"Shelled Parasite and Fungi","floor":29,"turns":2}],"seed_played":"-272081488751498725","potions_obtained":[{"floor":3,"key":"LiquidBronze"},{"floor":13,"key":"Weak Potion"},{"floor":19,"key":"Strength Potion"},{"floor":28,"key":"Poison Potion"}],"is_trial":false,"path_per_floor":["M","?","M","?","M","E","R","$","T","R","?","M","M","$","R","B",null,"M","M","M","?","M","R","M","R","T","M","M","M"],"character_chosen":"DEFECT","items_purchased":["Defragment","Leap"],"campfire_rested":0,"item_purchase_floors":[8,14],"current_hp_per_floor":[75,75,75,57,57,36,36,36,36,36,36,31,15,15,15,3,75,75,60,47,47,40,40,32,32,32,19,15,0],"gold":279,"neow_bonus":"THREE_ENEMY_KILL","is_prod":false,"is_daily":false,"chose_seed":false,"campfire_upgraded":5,"win_rate":0.0,"timestamp":1558905491,"path_taken":["M","?","?","?","M","E","R","$","T","R","?","M","M","$","R","BOSS","M","M","M","?","M","R","?","R","T","M","M","M"],"build_version":"2019-01-23","purchased_purges":2,"victory":false,"max_hp_per_floor":[75,75,75,75,75,75,75,75,75,75,75,75,75,75,75,75,75,75,75,75,75,75,75,75,75,75,75,75,75],"card_choices":[{"not_picked":["Coolheaded","Gash"],"picked":"Static Discharge","floor":1},{"not_picked":["Cold Snap","Beam Cell"],"picked":"Darkness","floor":3},{"not_picked":["Glacier","Chill"],"picked":"Gash","floor":5},{"not_picked":["Fusion","Consume"],"picked":"Redo","floor":6},{"not_picked":["Conserve Battery","Reboot"],"picked":"Ball Lightning","floor":12},{"not_picked":["Steam","Storm"],"picked":"FTL","floor":13},{"not_picked":["Reboot","Fission"],"picked":"Electrodynamics","floor":16},{"not_picked":["Heatsinks","Go for the Eyes+1"],"picked":"Gash","floor":18},{"not_picked":["Go for the Eyes+1","Doom and Gloom+1"],"picked":"Loop","floor":19},{"not_picked":["Capacitor","Redo+1"],"picked":"Loop","floor":20},{"not_picked":["Ball Lightning+1","Coolheaded","Sweeping Beam"],"picked":"SKIP","floor":22},{"not_picked":["Doom and Gloom","Beam Cell"],"picked":"Leap+1","floor":24},{"not_picked":["Stack","Beam Cell+1"],"picked":"Leap","floor":27},{"not_picked":["Heatsinks+1","Cold Snap","Aggregate+1"],"picked":"SKIP","floor":28}],"player_experience":926888,"relics_obtained":[{"floor":6,"key":"Ancient Tea Set"},{"floor":9,"key":"War Paint"},{"floor":26,"key":"Darkstone Periapt"}],"event_choices":[{"damage_healed":0,"gold_gain":0,"player_choice":"Forge","damage_taken":0,"max_hp_gain":0,"max_hp_loss":0,"event_name":"Accursed Blacksmith","floor":2,"gold_loss":0,"cards_upgraded":["Static Discharge"]},{"damage_healed":0,"gold_gain":0,"player_choice":"Take Damage","damage_taken":18,"relics_obtained":["Golden Idol"],"max_hp_gain":0,"max_hp_loss":0,"event_name":"Golden Idol","floor":4,"gold_loss":0},{"cards_removed":["Strike_B"],"damage_healed":0,"gold_gain":0,"player_choice":"Forget","damage_taken":0,"max_hp_gain":0,"max_hp_loss":0,"event_name":"Living Wall","floor":11,"gold_loss":0},{"damage_healed":0,"gold_gain":0,"player_choice":"Upgraded","damage_taken":0,"max_hp_gain":0,"max_hp_loss":0,"event_name":"Upgrade Shrine","floor":21,"gold_loss":0,"cards_upgraded":["Loop"]}],"is_beta":false,"boss_relics":[{"not_picked":["Snecko Eye","Ectoplasm"],"picked":"Nuclear Battery"}],"items_purged_floors":[8,14],"is_endless":false,"potions_floor_spawned":[3,13,19,28],"killed_by":"Shelled Parasite and Fungi","ascension_level":0}