{"gold_per_floor":[111,111,111,40,53,53,74,74,74,74,90,90,121,43,43,166,166,184,184,184,198,46,46,46],"floor_reached":24,"playtime":839,"items_purged":["Buffer"],"score":259,"play_id":"fa383f32-f2ac-4372-afbb-842909d7eae6","local_time":"20190517194919","is_ascension_mode":true,"campfire_choices":[{"data":"Defragment","floor":6,"key":"SMITH"},{"data":"Glacier","floor":10,"key":"SMITH"},{"data":"Barrage","floor":12,"key":"SMITH"},{"data":"Defragment","floor":15,"key":"SMITH"},{"data":"Echo Form","floor":23,"key":"SMITH"}],"neow_cost":"NONE","seed_source_timestamp":1089911311530541,"circlet_count":0,"master_deck":["Dualcast","Defragment+1","Echo Form+1","Glacier+1","Barrage+1","Defragment+1","Core Surge","Core Surge","Recycle","Creative AI","Self Repair","Glacier"],"relics":["Busted Crown","Bloody Idol","Bottled Tornado","Shovel","Pandora\u0027s Box"],"potions_floor_usage":[13],"damage_taken":[{"damage":2,"enemies":"Jaw Worm","floor":1,"turns":3},{"damage":7,"enemies":"2 Louse","floor":5,"turns":3},{"damage":0,"enemies":"Small Slimes","floor":7,"turns":4},{"damage":0,"enemies":"Exordium Wildlife","floor":11,"turns":5},{"damage":8,"enemies":"Gremlin Nob","floor":13,"turns":6},{"damage":12,"enemies":"Slime Boss","floor":16,"turns":9},{"damage":14,"enemies":"Shell Parasite","floor":18,"turns":7},{"damage":31,"enemies":"3 Byrds","floor":21,"turns":7},{"damage":40,"enemies":"Slavers","floor":24,"turns":3}],"seed_played":"9013429947649825086","potions_obtained":[{"floor":1,"key":"Dexterity Potion"}],"is_trial":false,"path_per_floor":["M","?","?","$","M","R","M","?","T","R","M","R","E","$","R","B",null,"M","?","?","M","$","R","E"],"character_chosen":"DEFECT","items_purchased":["Echo Form","Defragment","Glacier"],"campfire_rested":0,"item_purchase_floors":[4,14,22],"current_hp_per_floor":[66,66,66,66,59,59,59,52,52,52,52,52,44,44,44,32,60,53,53,53,34,34,34,0],"gold":46,"neow_bonus":"BOSS_RELIC","is_prod":false,"is_daily":false,"chose_seed":false,"campfire_upgraded":5,"win_rate":0,"timestamp":1558136959,"path_taken":["M","?","?","$","?","R","M","?","T","R","M","R","E","?","R","BOSS","M","?","?","M","$","R","E"],"build_version":"2019-01-23","purchased_purges":1,"victory":false,"max_hp_per_floor":[75,75,69,69,69,69,69,69,69,69,69,69,69,69,69,69,69,69,69,69,69,69,69,69],"card_choices":[{"not_picked":["Reinforced Body"],"picked":"SKIP","floor":1},{"not_picked":[],"picked":"Glacier","floor":5},{"not_picked":["Steam Power"],"picked":"SKIP","floor":7},{"not_picked":[],"picked":"Barrage","floor":11},{"not_picked":["Storm"],"picked":"SKIP","floor":13},{"not_picked":["Barrage"],"picked":"SKIP","floor":18},{"not_picked":["Turbo+1"],"picked":"SKIP","floor":21}],"player_experience":457704,"relics_obtained":[{"floor":9,"key":"Bottled Tornado"},{"floor":13,"key":"Shovel"}],"event_choices":[{"damage_healed":0,"gold_gain":0,"cards_transformed":["Strike_B"],"player_choice":"Change","damage_taken":0,"max_hp_gain":0,"max_hp_loss":0,"event_name":"Living Wall","floor":2,"gold_loss":0,"cards_obtained":["Defragment"]},{"damage_healed":0,"gold_gain":0,"player_choice":"Lose Max HP","damage_taken":0,"relics_obtained":["Golden Idol"],"max_hp_gain":0,"max_hp_loss":6,"event_name":"Golden Idol","floor":3,"gold_loss":0},{"cards_removed":["Strike_B"],"damage_healed":0,"gold_gain":0,"player_choice":"Card Removal","damage_taken":7,"max_hp_gain":0,"max_hp_loss":0,"event_name":"Golden Wing","floor":8,"gold_loss":0},{"cards_removed":["Zap"],"damage_healed":0,"gold_gain":0,"player_choice":"Elegance","damage_taken":0,"max_hp_gain":0,"max_hp_loss":0,"event_name":"Back to Basics","floor":19,"gold_loss":0},{"damage_healed":0,"gold_gain":0,"player_choice":"Gave Idol","damage_taken":0,"relics_obtained":["Bloody Idol"],"max_hp_gain":0,"max_hp_loss":0,"event_name":"Forgotten Altar","floor":20,"relics_lost":["Golden Idol"],"gold_loss":0}],"is_beta":false,"boss_relics":[{"not_picked":["Coffee Dripper","Fusion Hammer"],"picked":"Pandora\u0027s Box"}],"items_purged_floors":[22],"is_endless":false,"potions_floor_spawned":[1],"killed_by":"Slavers","ascension_level":7}