{"gold_per_floor":[114,47,62,23,23,53,88,119,119,134,149,149,179,179,179,279,279,294,109,124,124,124,154,169,184,234,234,249,249,249,249,249,349,349,364,121,136,151,151,151,151,151,176,191,221,221,33,0,0,0],"floor_reached":51,"playtime":4898,"items_purged":[],"score":678,"play_id":"4ddf1d05-57a4-4eb7-a117-895544c913e9","local_time":"20190609014658","daily_mods":["Allstar","Colorless Cards","Binary"],"is_ascension_mode":false,"campfire_choices":[{"floor":12,"key":"REST"},{"floor":15,"key":"REST"},{"floor":27,"key":"REST"},{"floor":30,"key":"REST"},{"floor":32,"key":"REST"},{"floor":40,"key":"REST"},{"floor":46,"key":"REST"},{"floor":49,"key":"REST"}],"neow_cost":"","seed_source_timestamp":0,"circlet_count":0,"master_deck":["Strike_B+1","Defend_B+1","Defend_B+1","Defend_B+1","Defend_B+1","Zap","Dualcast","Transmutation","Panache","Thinking Ahead","Madness","Dramatic Entrance+1","Lockon+1","Ball Lightning","BootSequence","Gash","Barrage","Amplify","Cold Snap","Conserve Battery","Genetic Algorithm","Blizzard+1","Core Surge+1","Master of Strategy+1","Sweeping Beam","Genetic Algorithm","Hello World+1","Rebound+1","Ball Lightning","Go for the Eyes","Leap+1","Fission","Self Repair","Cold Snap+1","Rebound","Reprogram+1","Leap+1","Storm","Loop","Turbo","Cold Snap","Dark Shackles+1","Trip","Doubt","Ball Lightning+1","Chaos+1","Capacitor"],"special_seed":18056,"relics":["Cracked Core","Question Card","Ice Cream","Gremlin Horn","Odd Mushroom","StoneCalendar","Orichalcum","Symbiotic Virus","Astrolabe","DataDisk","Enchiridion","MutagenicStrength","Lantern","Bag of Preparation","Potion Belt","Orrery","Happy Flower","Whetstone","Darkstone Periapt","Regal Pillow","Red Mask"],"potions_floor_usage":[16,16,24,33,36,45],"damage_taken":[{"damage":0,"enemies":"2 Louse","floor":1,"turns":2},{"damage":0,"enemies":"Cultist","floor":3,"turns":2},{"damage":42,"enemies":"Gremlin Nob","floor":6,"turns":5},{"damage":0,"enemies":"Small Slimes","floor":7,"turns":2},{"damage":0,"enemies":"The Mushroom Lair","floor":8,"turns":2},{"damage":0,"enemies":"Looter","floor":10,"turns":2},{"damage":8,"enemies":"Exordium Thugs","floor":11,"turns":3},{"damage":8,"enemies":"3 Sentries","floor":13,"turns":4},{"damage":30,"enemies":"The Guardian","floor":16,"turns":7},{"damage":12,"enemies":"Chosen","floor":18,"turns":7},{"damage":5,"enemies":"2 Thieves","floor":20,"turns":4},{"damage":17,"enemies":"Slavers","floor":23,"turns":3},{"damage":3,"enemies":"Cultist and Chosen","floor":24,"turns":4},{"damage":13,"enemies":"Centurion and Healer","floor":25,"turns":5},{"damage":9,"enemies":"Snecko","floor":28,"turns":3},{"damage":44,"enemies":"Automaton","floor":33,"turns":8},{"damage":46,"enemies":"3 Darklings","floor":35,"turns":7},{"damage":5,"enemies":"Orb Walker","floor":37,"turns":4},{"damage":25,"enemies":"Maw","floor":38,"turns":7},{"damage":69,"enemies":"Transient","floor":44,"turns":5},{"damage":49,"enemies":"Nemesis","floor":45,"turns":7},{"damage":40,"enemies":"Time Eater","floor":50,"turns":7}],"seed_played":"7782654409507782275","potions_obtained":[{"floor":6,"key":"AttackPotion"},{"floor":8,"key":"FairyPotion"},{"floor":10,"key":"SkillPotion"},{"floor":18,"key":"Ancient Potion"},{"floor":23,"key":"Explosive Potion"},{"floor":28,"key":"Swift Potion"},{"floor":35,"key":"Fruit Juice"},{"floor":38,"key":"EssenceOfSteel"}],"is_trial":false,"path_per_floor":["M","?","M","$","T","E","M","?","T","M","M","R","E","T","R","B",null,"M","$","M","?","?","E","M","M","T","R","M","T","R","?","R","B",null,"M","$","M","M","?","R","?","?","T","M","E","R","$","?","R","B",null],"character_chosen":"DEFECT","items_purchased":["BootSequence","DataDisk","Genetic Algorithm","Loop","Turbo","Happy Flower","Capacitor","Regal Pillow"],"campfire_rested":8,"item_purchase_floors":[4,19,19,36,36,36,47,47],"current_hp_per_floor":[75,75,75,75,75,33,33,33,33,33,25,47,39,39,61,31,75,63,63,58,42,42,25,22,9,9,31,22,22,44,44,66,22,75,36,41,36,18,18,42,80,80,80,25,8,32,32,32,71,31],"gold":0,"neow_bonus":"","is_prod":false,"is_daily":true,"chose_seed":false,"campfire_upgraded":0,"win_rate":0.0,"timestamp":1560062818,"path_taken":["M","?","M","$","?","E","M","?","T","M","M","R","E","?","R","BOSS","M","$","M","?","?","E","M","M","T","R","M","?","R","?","R","BOSS","M","$","M","M","?","R","?","?","T","M","E","R","$","?","R","BOSS"],"build_version":"2019-01-23","purchased_purges":0,"victory":true,"max_hp_per_floor":[75,75,75,75,75,75,75,75,75,75,75,75,75,75,75,75,75,75,75,75,75,75,75,75,75,75,75,75,75,75,75,75,75,75,75,80,80,80,80,80,80,80,80,80,80,80,80,80,80,80],"card_choices":[{"not_picked":["Enlightenment"],"picked":"Lockon","floor":1},{"not_picked":["Rebound","BootSequence"],"picked":"Ball Lightning","floor":3},{"not_picked":["Streamline","Go for the Eyes"],"picked":"Gash","floor":6},{"not_picked":["Trip","Purity"],"picked":"Barrage","floor":7},{"not_picked":["Steam","Stack"],"picked":"Amplify","floor":8},{"not_picked":["Leap","Beam Cell"],"picked":"Cold Snap","floor":10},{"not_picked":["Sweeping Beam","Creative AI"],"picked":"Conserve Battery","floor":11},{"not_picked":["Fusion","Steam"],"picked":"Genetic Algorithm","floor":13},{"not_picked":["Hyperbeam","Magnetism"],"picked":"Creative AI","floor":16},{"not_picked":["Beam Cell","Finesse"],"picked":"Sweeping Beam","floor":18},{"not_picked":["Deep Breath+1","Compile Driver"],"picked":"Hello World+1","floor":20},{"not_picked":["Consume","Multi-Cast"],"picked":"Rebound+1","floor":23},{"not_picked":["Cold Snap","Sweeping Beam"],"picked":"Ball Lightning","floor":24},{"not_picked":["Stack+1","Compile Driver"],"picked":"Go for the Eyes","floor":25},{"not_picked":["Turbo","Static Discharge"],"picked":"Leap+1","floor":28},{"not_picked":["Reboot","Core Surge"],"picked":"Fission","floor":33},{"not_picked":["Sweeping Beam","Go for the Eyes"],"picked":"Self Repair","floor":34},{"not_picked":["Sunder","Swift Strike"],"picked":"Cold Snap+1","floor":34},{"not_picked":["Go for the Eyes","Genetic Algorithm"],"picked":"Rebound","floor":34},{"not_picked":["Hologram","Rebound"],"picked":"Reprogram+1","floor":34},{"not_picked":["Sweeping Beam+1","Hologram"],"picked":"Leap+1","floor":34},{"not_picked":["Hologram+1","Go for the Eyes+1"],"picked":"Storm","floor":35},{"not_picked":["Beam Cell","Creative AI"],"picked":"Cold Snap","floor":37},{"not_picked":["Compile Driver","Go for the Eyes+1"],"picked":"Dark Shackles+1","floor":38},{"not_picked":["Panache","Metamorphosis"],"picked":"Trip","floor":39},{"not_picked":["Blind+1","Steam"],"picked":"Ball Lightning+1","floor":44},{"not_picked":["Apotheosis","Barrage+1"],"picked":"Chaos+1","floor":45}],"player_experience":54931,"relics_obtained":[{"floor":5,"key":"Ice Cream"},{"floor":6,"key":"Gremlin Horn"},{"floor":8,"key":"Odd Mushroom"},{"floor":9,"key":"StoneCalendar"},{"floor":13,"key":"Orichalcum"},{"floor":14,"key":"Symbiotic Virus"},{"floor":21,"key":"Enchiridion"},{"floor":23,"key":"Lantern"},{"floor":26,"key":"Bag of Preparation"},{"floor":29,"key":"Potion Belt"},{"floor":43,"key":"Whetstone"},{"floor":45,"key":"Darkstone Periapt"}],"event_choices":[{"damage_healed":0,"gold_gain":0,"player_choice":"Paid Gold","damage_taken":0,"relics_obtained":["Question Card"],"max_hp_gain":0,"max_hp_loss":0,"event_name":"WeMeetAgain","floor":2,"gold_loss":67},{"damage_healed":0,"gold_gain":0,"player_choice":"Fought Mushrooms","damage_taken":0,"max_hp_gain":0,"max_hp_loss":0,"event_name":"Mushrooms","floor":8,"gold_loss":0},{"damage_healed":0,"gold_gain":0,"player_choice":"Obtained Book","damage_taken":16,"max_hp_gain":0,"max_hp_loss":0,"event_name":"Cursed Tome","floor":21,"gold_loss":0},{"damage_healed":0,"gold_gain":0,"player_choice":"Inject Mutagens","damage_taken":0,"relics_obtained":["MutagenicStrength"],"max_hp_gain":0,"max_hp_loss":0,"event_name":"Drug Dealer","floor":22,"gold_loss":0},{"damage_healed":0,"gold_gain":0,"player_choice":"Simplicity","damage_taken":0,"max_hp_gain":0,"max_hp_loss":0,"event_name":"Back to Basics","floor":31,"gold_loss":0,"cards_upgraded":["Strike_B","Defend_B","Defend_B","Defend_B","Defend_B"]},{"damage_healed":0,"gold_gain":0,"player_choice":"Memory 1","damage_taken":0,"max_hp_gain":0,"max_hp_loss":0,"event_name":"SensoryStone","floor":39,"gold_loss":0},{"damage_healed":38,"gold_gain":0,"player_choice":"Heal","damage_taken":0,"max_hp_gain":0,"max_hp_loss":0,"event_name":"MindBloom","floor":41,"gold_loss":0,"cards_obtained":["Doubt"]},{"cards_removed":["Creative AI"],"damage_healed":0,"gold_gain":0,"player_choice":"Removed Power","damage_taken":0,"max_hp_gain":0,"max_hp_loss":0,"event_name":"Falling","floor":42,"gold_loss":0},{"damage_healed":0,"gold_gain":0,"player_choice":"Paid","damage_taken":0,"relics_obtained":["Red Mask"],"max_hp_gain":0,"max_hp_loss":0,"event_name":"Tomb of Lord Red Mask","floor":48,"gold_loss":33}],"is_beta":false,"boss_relics":[{"not_picked":["Ectoplasm","Velvet Choker"],"picked":"Astrolabe"},{"not_picked":["Snecko Eye","Black Star"],"picked":"Orrery"}],"items_purged_floors":[],"is_endless":false,"potions_floor_spawned":[6,8,10,11,18,23,28,35,38],"ascension_level":0}