{"gold_per_floor":[109,120,120,140,153,153,165,165,165,180,195,195,221,146,146,146],"floor_reached":16,"playtime":1710,"items_purged":["Strike_G"],"score":104,"play_id":"ecabc1f8-a782-4148-a788-750d8d2db8d1","local_time":"20190526140630","is_ascension_mode":false,"campfire_choices":[{"data":"Footwork","floor":6,"key":"SMITH"},{"data":"Blade Dance","floor":8,"key":"SMITH"},{"data":"Backflip","floor":12,"key":"SMITH"},{"data":"Neutralize","floor":15,"key":"SMITH"}],"neow_cost":"NONE","seed_source_timestamp":911780750334100,"circlet_count":0,"master_deck":["Defend_G","Defend_G","Defend_G","Defend_G","Defend_G","Strike_G","Strike_G","Strike_G","Strike_G","Survivor","Neutralize+1","Backstab","Blade Dance+1","Footwork+1","Backflip+1"],"relics":["Sozu","Kunai","Bottled Tornado"],"potions_floor_usage":[],"damage_taken":[{"damage":0,"enemies":"Small Slimes","floor":1,"turns":4},{"damage":0,"enemies":"Cultist","floor":2,"turns":3},{"damage":0,"enemies":"2 Louse","floor":4,"turns":3},{"damage":2,"enemies":"Blue Slaver","floor":5,"turns":4},{"damage":1,"enemies":"Exordium Wildlife","floor":7,"turns":2},{"damage":0,"enemies":"Large Slime","floor":10,"turns":6},{"damage":0,"enemies":"Exordium Thugs","floor":11,"turns":7},{"damage":27,"enemies":"Gremlin Nob","floor":13,"turns":5},{"damage":42,"enemies":"Hexaghost","floor":16,"turns":18}],"seed_played":"2145616831292031532","potions_obtained":[],"is_trial":false,"path_per_floor":["M","M","?","M","M","R","M","R","T","M","M","R","E","$","R","B"],"character_chosen":"THE_SILENT","items_purchased":[],"campfire_rested":0,"item_purchase_floors":[],"current_hp_per_floor":[70,70,70,70,68,68,67,67,67,67,67,67,40,40,40,0],"gold":146,"neow_bonus":"BOSS_RELIC","is_prod":false,"is_daily":false,"chose_seed":false,"campfire_upgraded":4,"win_rate":0,"timestamp":1558893990,"path_taken":["M","M","?","M","M","R","M","R","T","M","M","R","E","?","R","BOSS"],"build_version":"2019-01-23","purchased_purges":1,"victory":false,"max_hp_per_floor":[70,70,70,70,70,70,70,70,70,70,70,70,70,70,70,70],"card_choices":[{"not_picked":["Dagger Throw","Finisher","Eviscerate"],"picked":"SKIP","floor":1},{"not_picked":["Acrobatics","Deadly Poison"],"picked":"Backstab","floor":2},{"not_picked":["Dagger Throw","Dagger Spray"],"picked":"Blade Dance","floor":4},{"not_picked":["Venomology","Underhanded Strike"],"picked":"Footwork","floor":5},{"not_picked":["PiercingWail","Deflect"],"picked":"Backflip","floor":7},{"not_picked":["Prepared","Underhanded Strike","Endless Agony"],"picked":"SKIP","floor":10},{"not_picked":["Calculated Gamble","Dodge and Roll","Acrobatics"],"picked":"SKIP","floor":11},{"not_picked":["Dash","PiercingWail","Distraction"],"picked":"SKIP","floor":13}],"player_experience":921366,"relics_obtained":[{"floor":9,"key":"Kunai"},{"floor":13,"key":"Bottled Tornado"}],"event_choices":[{"damage_healed":0,"gold_gain":0,"player_choice":"Got Potions","damage_taken":0,"max_hp_gain":0,"max_hp_loss":0,"event_name":"Lab","floor":3,"gold_loss":0}],"is_beta":false,"boss_relics":[],"items_purged_floors":[14],"is_endless":false,"potions_floor_spawned":[2,11],"killed_by":"Hexaghost","ascension_level":0}