{"gold_per_floor":[209,225,225,243,262,295,295,305,353,184,196,211,225,235,235,340,340,265,265,265,265,265,265,265,190,190,190,190,190,110,110,110,110,110,110,110,110,35,35],"floor_reached":39,"playtime":3376,"items_purged":[],"score":405,"play_id":"b969ce25-5b23-422d-b2ae-f02c0cd0ba93","local_time":"20190314221310","is_ascension_mode":false,"campfire_choices":[{"floor":7.0,"key":"REST"},{"floor":15.0,"key":"REST"},{"floor":27.0,"key":"REST"},{"floor":32.0,"key":"REST"}],"neow_cost":"NONE","seed_source_timestamp":535123747175980,"circlet_count":0,"master_deck":["Strike_R","Strike_R","Defend_R","Defend_R","Defend_R","Bash","Anger","Burning Pact","Warcry","Blood for Blood","Fire Breathing","Perfected Strike","Carnage","Dramatic Entrance","Flame Barrier","Warcry","Twin Strike","Shrug It Off","Bludgeon","Headbutt","Carnage","Entrench","Ghostly Armor","Uppercut","Blood for Blood","Double Tap","Thunderclap","Anger","Uppercut","Madness","Madness","Parasite"],"special_seed":0,"relics":["Black Blood","Kunai","Bag of Marbles","Ectoplasm","Bottled Flame","Meat on the Bone","Oddly Smooth Stone","PreservedInsect","Enchiridion","Orichalcum"],"potions_floor_usage":[39],"damage_taken":[{"damage":12.0,"enemies":"Small Slimes","floor":1.0,"turns":5.0},{"damage":1.0,"enemies":"Cultist","floor":2.0,"turns":3.0},{"damage":0.0,"enemies":"2 Louse","floor":4.0,"turns":3.0},{"damage":16.0,"enemies":"Blue Slaver","floor":5.0,"turns":5.0},{"damage":39.0,"enemies":"3 Sentries","floor":6.0,"turns":7.0},{"damage":5.0,"enemies":"Looter","floor":8.0,"turns":4.0},{"damage":4.0,"enemies":"2 Fungi Beasts","floor":11.0,"turns":2.0},{"damage":20.0,"enemies":"Exordium Thugs","floor":12.0,"turns":4.0},{"damage":5.0,"enemies":"Looter","floor":13.0,"turns":4.0},{"damage":8.0,"enemies":"Large Slime","floor":14.0,"turns":4.0},{"damage":31.0,"enemies":"Hexaghost","floor":16.0,"turns":9.0},{"damage":21.0,"enemies":"2 Thieves","floor":18.0,"turns":4.0},{"damage":16.0,"enemies":"Shell Parasite","floor":19.0,"turns":3.0},{"damage":89.0,"enemies":"Gremlin Leader","floor":23.0,"turns":10.0},{"damage":16.0,"enemies":"Snecko","floor":28.0,"turns":5.0},{"damage":7.0,"enemies":"Centurion and Healer","floor":31.0,"turns":6.0},{"damage":63.0,"enemies":"Champ","floor":33.0,"turns":12.0},{"damage":48.0,"enemies":"3 Darklings","floor":35.0,"turns":6.0},{"damage":32,"enemies":"Orb Walker","floor":36,"turns":5},{"damage":56,"enemies":"Writhing Mass","floor":39,"turns":6}],"seed_played":"-8661988815020764499","potions_obtained":[{"floor":6.0,"key":"BloodPotion"},{"floor":8.0,"key":"Fire Potion"},{"floor":13.0,"key":"SteroidPotion"},{"floor":14.0,"key":"Regen Potion"},{"floor":16.0,"key":"Energy Potion"},{"floor":28.0,"key":"EntropicBrew"},{"floor":35,"key":"PowerPotion"}],"is_trial":false,"path_per_floor":["M","M","?","M","M","E","R","M","T","$","M","M","M","M","R","B",null,"M","M","?","?","T","E","T","?","T","R","M","?","$","M","R","B",null,"M","M","?","?","M"],"character_chosen":"IRONCLAD","items_purchased":["Carnage","Dramatic Entrance","Double Tap"],"campfire_rested":4,"item_purchase_floors":[10,10,30],"current_hp_per_floor":[74,79,79,80,70,37,61,62,62,62,64,50,51,49,73,48,80,65,55,80,80,80,11,11,11,11,35,37,21,21,32,56,19,80,54,44,34,34,0],"gold":35,"neow_bonus":"HUNDRED_GOLD","is_prod":false,"is_daily":false,"chose_seed":false,"campfire_upgraded":0,"win_rate":0.0,"timestamp":1552615990,"path_taken":["M","M","?","M","M","E","R","M","T","?","M","M","?","M","R","BOSS","M","M","?","?","?","E","?","?","T","R","?","?","$","M","R","BOSS","M","M","?","?","M"],"build_version":"2019-01-23","purchased_purges":0,"victory":false,"max_hp_per_floor":[80,80,80,80,80,80,80,80,80,80,80,80,80,80,80,80,80,80,80,80,80,80,80,80,80,80,80,80,80,80,80,80,80,80,80,80,80,80,80],"card_choices":[{"not_picked":["Perfected Strike","Entrench"],"picked":"Anger","floor":1.0},{"not_picked":["Hemokinesis","Sword Boomerang"],"picked":"Burning Pact","floor":2.0},{"not_picked":["Infernal Blade","Armaments"],"picked":"Warcry","floor":4.0},{"not_picked":["Shockwave","Reckless Charge"],"picked":"Blood for Blood","floor":5.0},{"not_picked":["Combust","Body Slam"],"picked":"Fire Breathing","floor":6.0},{"not_picked":["Whirlwind","Cleave"],"picked":"Perfected Strike","floor":8.0},{"not_picked":["Infernal Blade","Body Slam"],"picked":"Flame Barrier","floor":11.0},{"not_picked":["Rupture","Barricade"],"picked":"Warcry","floor":12.0},{"not_picked":["Iron Wave","Sever Soul"],"picked":"Twin Strike","floor":13.0},{"not_picked":["Sword Boomerang","Reckless Charge"],"picked":"Shrug It Off","floor":14.0},{"not_picked":["Juggernaut","Demon Form"],"picked":"Bludgeon","floor":16.0},{"not_picked":["Sever Soul","Warcry"],"picked":"Headbutt","floor":18.0},{"not_picked":["Corruption","True Grit+1"],"picked":"Carnage","floor":19.0},{"not_picked":["Warcry","Sword Boomerang"],"picked":"Uppercut","floor":23.0},{"not_picked":["Sever Soul","Clash+1"],"picked":"Blood for Blood","floor":28.0},{"not_picked":["Twin Strike","Demon Form"],"picked":"Thunderclap","floor":31.0},{"not_picked":["Clash","Thunderclap"],"picked":"Anger","floor":35},{"not_picked":["Corruption","Body Slam+1"],"picked":"Uppercut","floor":36}],"player_experience":1637,"relics_obtained":[{"floor":6.0,"key":"Kunai"},{"floor":9.0,"key":"Bag of Marbles"},{"floor":22.0,"key":"Bottled Flame"},{"floor":23.0,"key":"Meat on the Bone"},{"floor":24.0,"key":"Oddly Smooth Stone"},{"floor":26.0,"key":"PreservedInsect"},{"floor":29.0,"key":"Enchiridion"}],"event_choices":[{"cards_removed":["Defend_R"],"damage_healed":0.0,"max_hp_gain":0.0,"max_hp_loss":0.0,"gold_gain":0.0,"event_name":"Purifier","player_choice":"Purged","floor":3.0,"gold_loss":0.0,"damage_taken":0.0},{"damage_healed":26.0,"max_hp_gain":0.0,"max_hp_loss":0.0,"gold_gain":0.0,"event_name":"The Library","player_choice":"Heal","floor":20.0,"gold_loss":0.0,"damage_taken":0.0},{"damage_healed":0.0,"max_hp_gain":0.0,"max_hp_loss":0.0,"gold_gain":0.0,"cards_transformed":["Strike_R","Strike_R"],"event_name":"Drug Dealer","player_choice":"Became Test Subject","floor":21.0,"gold_loss":0.0,"damage_taken":0.0,"cards_obtained":["Entrench","Ghostly Armor"]},{"cards_removed":["Strike_R"],"damage_healed":0.0,"max_hp_gain":0.0,"max_hp_loss":0.0,"gold_gain":0.0,"event_name":"Beggar","player_choice":"Gave Gold","floor":25.0,"gold_loss":75.0,"damage_taken":0.0},{"damage_healed":0.0,"max_hp_gain":0.0,"max_hp_loss":0.0,"gold_gain":0.0,"event_name":"Cursed Tome","player_choice":"Obtained Book","floor":29.0,"gold_loss":0.0,"damage_taken":16.0},{"damage_healed":0,"gold_gain":0,"player_choice":"Embrace Madness","damage_taken":10,"max_hp_gain":0,"max_hp_loss":0,"event_name":"Winding Halls","floor":37,"gold_loss":0,"cards_obtained":["Madness","Madness"]},{"damage_healed":0,"gold_gain":0,"player_choice":"Paid Gold","damage_taken":0,"relics_obtained":["Orichalcum"],"max_hp_gain":0,"max_hp_loss":0,"event_name":"WeMeetAgain","floor":38,"gold_loss":75}],"is_beta":false,"boss_relics":[{"not_picked":["White Beast Statue","Runic Cube"],"picked":"Ectoplasm"},{"not_picked":["Cursed Key","Snecko Eye"],"picked":"Black Blood"}],"items_purged_floors":[],"is_endless":false,"potions_floor_spawned":[6,8,13,14,16,28,35],"killed_by":"Writhing Mass","ascension_level":0}