{"gold_per_floor":[116,130,130,150,164,164,164,164,213,230,230,0,0,29,29,127,127,142,158,170,70,83,83,102,117,117,127,127,146,162,177,177,281,281,299,106,106,117,46,78,78,91,115,132,232,247,247,247],"floor_reached":48,"playtime":3079,"items_purged":["Strike_B","Strike_B","Pain"],"score":779,"play_id":"6ede684a-b159-4591-bd7a-d52231961746","local_time":"20190608121720","is_ascension_mode":true,"campfire_choices":[{"floor":6,"key":"REST"},{"data":"Zap","floor":8,"key":"SMITH"},{"data":"Secret Weapon","floor":11,"key":"SMITH"},{"data":"Deep Breath","floor":13,"key":"SMITH"},{"floor":15,"key":"REST"},{"data":"Coolheaded","floor":23,"key":"SMITH"},{"floor":32,"key":"REST"},{"floor":41,"key":"REST"},{"floor":47,"key":"REST"}],"neow_cost":"PERCENT_DAMAGE","seed_source_timestamp":850505982499922,"circlet_count":0,"master_deck":["AscendersBane","Defend_B","Defend_B","Defend_B","Defend_B","Zap+1","Dualcast","Deep Breath+1","Secret Weapon+1","Rip and Tear","Streamline","Ball Lightning","Ball Lightning","Ball Lightning","Biased Cognition","Hologram+1","Coolheaded+1","Coolheaded","Conserve Battery","Gash","Go for the Eyes+1","Stack+1","Beam Cell+1","BootSequence+1","Steam Power","Biased Cognition","Shame","Writhe","Coolheaded+1","Self Repair","Coolheaded+1","Gash","Stack","Stack+1","Loop+1","Aggregate","Capacitor+1"],"relics":["Cracked Core","DataDisk","Blood Vial","Vajra","Runic Dome","Emotion Chip","Pen Nib","Calling Bell","Lantern","Letter Opener","StoneCalendar","Kunai","Pocketwatch"],"potions_floor_usage":[14,19,25,29,30,38,40,48],"damage_taken":[{"damage":3,"enemies":"Jaw Worm","floor":1,"turns":4},{"damage":11,"enemies":"Small Slimes","floor":2,"turns":3},{"damage":0,"enemies":"Cultist","floor":4,"turns":3},{"damage":10,"enemies":"Lots of Slimes","floor":5,"turns":3},{"damage":0,"enemies":"Large Slime","floor":10,"turns":3},{"damage":15,"enemies":"3 Sentries","floor":14,"turns":3},{"damage":29,"enemies":"The Guardian","floor":16,"turns":7},{"damage":7,"enemies":"Chosen","floor":18,"turns":2},{"damage":12,"enemies":"3 Byrds","floor":19,"turns":2},{"damage":9,"enemies":"Cultist and Chosen","floor":20,"turns":4},{"damage":4,"enemies":"3 Cultists","floor":22,"turns":4},{"damage":32,"enemies":"Centurion and Healer","floor":24,"turns":4},{"damage":0,"enemies":"Snecko","floor":25,"turns":3},{"damage":3,"enemies":"Snake Plant","floor":27,"turns":3},{"damage":7,"enemies":"3 Cultists","floor":29,"turns":3},{"damage":0,"enemies":"Chosen and Byrds","floor":30,"turns":4},{"damage":6,"enemies":"Sentry and Sphere","floor":31,"turns":3},{"damage":16,"enemies":"Collector","floor":33,"turns":9},{"damage":1,"enemies":"Orb Walker","floor":35,"turns":3},{"damage":0,"enemies":"3 Darklings","floor":38,"turns":5},{"damage":51,"enemies":"Giant Head","floor":40,"turns":8},{"damage":29,"enemies":"4 Shapes","floor":42,"turns":5},{"damage":3,"enemies":"Transient","floor":44,"turns":5},{"damage":0,"enemies":"Mind Bloom Boss Battle","floor":45,"turns":4},{"damage":24,"enemies":"Jaw Worm Horde","floor":46,"turns":3},{"damage":42,"enemies":"2 Orb Walkers","floor":48,"turns":2}],"seed_played":"-251118404097462275","potions_obtained":[{"floor":4,"key":"FairyPotion"},{"floor":5,"key":"Swift Potion"},{"floor":10,"key":"Explosive Potion"},{"floor":18,"key":"AttackPotion"},{"floor":20,"key":"EssenceOfSteel"},{"floor":24,"key":"SpeedPotion"},{"floor":25,"key":"Poison Potion"},{"floor":31,"key":"Block Potion"},{"floor":35,"key":"LiquidBronze"},{"floor":38,"key":"SkillPotion"}],"is_trial":false,"path_per_floor":["M","M","?","M","M","R","?","R","T","M","R","$","R","E","R","B",null,"M","M","M","$","M","R","M","M","T","M","?","M","M","M","R","B",null,"M","$","?","M","$","E","R","M","T","M","?","M","R","?"],"character_chosen":"DEFECT","items_purchased":["Blood Vial","Self Repair","Gash","Stack"],"campfire_rested":5,"item_purchase_floors":[12,36,39,39],"current_hp_per_floor":[47,36,36,36,26,48,48,48,48,48,48,48,48,35,57,30,64,59,49,42,42,40,40,10,12,12,11,11,6,8,4,26,12,59,60,60,60,69,69,27,49,29,29,35,37,15,37,0],"gold":247,"neow_bonus":"RANDOM_COLORLESS_2","is_prod":false,"is_daily":false,"chose_seed":false,"campfire_upgraded":4,"win_rate":0,"timestamp":1560010640,"path_taken":["M","M","?","M","M","R","?","R","T","M","R","$","R","E","R","BOSS","M","M","?","$","M","R","M","M","T","?","?","M","M","M","R","BOSS","M","$","?","M","$","E","R","M","T","M","?","M","R","?"],"build_version":"2019-01-23","purchased_purges":3,"victory":false,"max_hp_per_floor":[75,75,75,75,75,75,75,75,75,75,75,75,75,75,75,75,75,75,75,75,75,75,75,75,75,75,75,75,75,75,75,75,75,75,75,75,75,75,75,75,75,75,75,75,75,75,75,75],"card_choices":[{"not_picked":["Sweeping Beam","FTL"],"picked":"Rip and Tear","floor":1},{"not_picked":["Hologram","Steam"],"picked":"Streamline","floor":2},{"not_picked":["Scrape","Hello World"],"picked":"Ball Lightning","floor":4},{"not_picked":["Sunder","Hologram"],"picked":"Ball Lightning","floor":5},{"not_picked":["Reprogram","Force Field"],"picked":"Ball Lightning","floor":10},{"not_picked":["Streamline","Multi-Cast","Compile Driver"],"picked":"SKIP","floor":14},{"not_picked":["Rainbow","Electrodynamics"],"picked":"Biased Cognition","floor":16},{"not_picked":["Sweeping Beam+1","Gash"],"picked":"Hologram+1","floor":18},{"not_picked":["Turbo","Compile Driver"],"picked":"Coolheaded","floor":19},{"not_picked":["Steam+1","Streamline"],"picked":"Coolheaded","floor":20},{"not_picked":["Tempest+1","BootSequence+1"],"picked":"Conserve Battery","floor":22},{"not_picked":["Force Field+1","Ball Lightning"],"picked":"Gash","floor":24},{"not_picked":["Defragment","Redo"],"picked":"Go for the Eyes+1","floor":25},{"not_picked":["Streamline+1","Rebound"],"picked":"Stack+1","floor":27},{"not_picked":["Ball Lightning","White Noise"],"picked":"Beam Cell+1","floor":29},{"not_picked":["Streamline","Beam Cell"],"picked":"BootSequence+1","floor":30},{"not_picked":["Darkness","Redo+1"],"picked":"Steam Power","floor":31},{"not_picked":["Reboot","Creative AI"],"picked":"Biased Cognition","floor":33},{"not_picked":["Chill","Chaos"],"picked":"Coolheaded+1","floor":35},{"not_picked":["Go for the Eyes","Loop"],"picked":"Coolheaded+1","floor":38},{"not_picked":["Go for the Eyes+1","Sweeping Beam+1"],"picked":"Stack+1","floor":40},{"not_picked":["Rebound","Defragment","Doom and Gloom+1"],"picked":"SKIP","floor":42},{"not_picked":["Stack","Streamline"],"picked":"Loop+1","floor":44},{"not_picked":["Coolheaded","Sweeping Beam+1"],"picked":"Aggregate","floor":45},{"not_picked":["Compile Driver","Reprogram+1"],"picked":"Capacitor+1","floor":46}],"player_experience":413597,"relics_obtained":[{"floor":9,"key":"DataDisk"},{"floor":14,"key":"Vajra"},{"floor":26,"key":"Emotion Chip"},{"floor":34,"key":"Lantern"},{"floor":34,"key":"Letter Opener"},{"floor":34,"key":"StoneCalendar"},{"floor":40,"key":"Kunai"},{"floor":45,"key":"Pocketwatch"}],"event_choices":[{"cards_removed":["Strike_B"],"damage_healed":0,"gold_gain":0,"player_choice":"Forget","damage_taken":0,"max_hp_gain":0,"max_hp_loss":0,"event_name":"Living Wall","floor":3,"gold_loss":0},{"cards_removed":["Strike_B"],"damage_healed":0,"gold_gain":0,"player_choice":"Offered Basic","damage_taken":0,"max_hp_gain":0,"max_hp_loss":0,"event_name":"Bonfire Elementals","floor":7,"gold_loss":0},{"damage_healed":0,"gold_gain":0,"player_choice":"Opened","damage_taken":0,"relics_obtained":["Pen Nib"],"max_hp_gain":0,"max_hp_loss":0,"event_name":"The Mausoleum","floor":28,"gold_loss":0},{"damage_healed":0,"gold_gain":0,"player_choice":"Ignored","damage_taken":0,"max_hp_gain":0,"max_hp_loss":0,"event_name":"Tomb of Lord Red Mask","floor":37,"gold_loss":0},{"damage_healed":0,"gold_gain":0,"player_choice":"Fight","damage_taken":0,"max_hp_gain":0,"max_hp_loss":0,"event_name":"MindBloom","floor":45,"gold_loss":0},{"damage_healed":0,"gold_gain":0,"player_choice":"Fight","damage_taken":0,"max_hp_gain":0,"max_hp_loss":0,"event_name":"Mysterious Sphere","floor":48,"gold_loss":0}],"is_beta":false,"boss_relics":[{"not_picked":["Pandora\u0027s Box","Coffee Dripper"],"picked":"Runic Dome"},{"not_picked":["Velvet Choker","Lizard Tail"],"picked":"Calling Bell"}],"items_purged_floors":[12,21,36],"is_endless":false,"potions_floor_spawned":[4,5,10,18,20,24,25,31,35,38],"killed_by":"2 Orb Walkers","ascension_level":11}