{"gold_per_floor":[113,132,132,147,147,147,157,157,210,210,224,244,270,286,286,388,388,406,416,429,60,78,78,109,129,129,129,140,140,67,78,78,177,177,194,205,205,216,216,216,248,248,248,348,348,9,22,34,34,34],"floor_reached":51,"playtime":3710,"items_purged":["Defend_G"],"score":803,"play_id":"212ddb4b-3e9b-4e69-967f-7fc0e08b8913","local_time":"20190504024449","is_ascension_mode":false,"campfire_choices":[{"floor":6.0,"key":"REST"},{"floor":8.0,"key":"REST"},{"floor":15,"key":"REST"},{"floor":23,"key":"REST"},{"floor":27,"key":"REST"},{"data":"Noxious Fumes","floor":32,"key":"SMITH"},{"floor":40,"key":"REST"},{"data":"Backflip","floor":42,"key":"SMITH"},{"data":"1","floor":45,"key":"LIFT"},{"floor":49,"key":"REST"}],"neow_cost":"NONE","seed_source_timestamp":104085096154428,"circlet_count":0,"master_deck":["Defend_G","Defend_G","Defend_G","Defend_G","Strike_G","Survivor","Neutralize","A Thousand Cuts+1","All Out Attack","Flying Knee","Blur","Bullet Time","Backflip+1","Backstab","Leg Sweep+1","Corpse Explosion+1","Blade Dance+1","Bouncing Flask+1","Envenom","Choke","Cloak And Dagger+1","PiercingWail+1","Blur+1","Noxious Fumes+1","Backflip+1","After Image","Envenom+1","Infinite Blades+1","Bouncing Flask+1","Outmaneuver+1","Blade Dance+1","Madness+1","Madness+1","Blade Dance+1","Forethought+1","Choke","Flechettes+1"],"special_seed":0,"relics":["Ring of the Snake","Omamori","Lantern","Toxic Egg 2","Snecko Eye","PreservedInsect","Art of War","Pear","Enchiridion","Astrolabe","Kunai","Nunchaku","Girya"],"potions_floor_usage":[13,16,25,28,33,50,50],"damage_taken":[{"damage":0.0,"enemies":"2 Louse","floor":1.0,"turns":4.0},{"damage":11.0,"enemies":"Jaw Worm","floor":2.0,"turns":6.0},{"damage":0.0,"enemies":"Small Slimes","floor":4.0,"turns":3.0},{"damage":29.0,"enemies":"Exordium Thugs","floor":7.0,"turns":4.0},{"damage":0.0,"enemies":"Gremlin Gang","floor":11.0,"turns":2.0},{"damage":13,"enemies":"Large Slime","floor":12,"turns":5},{"damage":0,"enemies":"3 Sentries","floor":13,"turns":6},{"damage":0,"enemies":"3 Louse","floor":14,"turns":2},{"damage":11,"enemies":"Slime Boss","floor":16,"turns":9},{"damage":5,"enemies":"Chosen","floor":18,"turns":6},{"damage":0,"enemies":"Shell Parasite","floor":19,"turns":3},{"damage":27,"enemies":"Snake Plant","floor":20,"turns":5},{"damage":0,"enemies":"Snecko","floor":22,"turns":2},{"damage":13,"enemies":"Book of Stabbing","floor":24,"turns":4},{"damage":0,"enemies":"Cultist and Chosen","floor":25,"turns":2},{"damage":0,"enemies":"Shelled Parasite and Fungi","floor":28,"turns":5},{"damage":0,"enemies":"Chosen and Byrds","floor":31,"turns":4},{"damage":6,"enemies":"Automaton","floor":33,"turns":8},{"damage":0,"enemies":"Orb Walker","floor":35,"turns":2},{"damage":8,"enemies":"3 Darklings","floor":36,"turns":3},{"damage":21,"enemies":"Writhing Mass","floor":38,"turns":7},{"damage":0,"enemies":"Nemesis","floor":41,"turns":5},{"damage":0,"enemies":"Mind Bloom Boss Battle","floor":44,"turns":5},{"damage":1,"enemies":"4 Shapes","floor":47,"turns":3},{"damage":0,"enemies":"3 Darklings","floor":48,"turns":3},{"damage":0,"enemies":"Donu and Deca","floor":50,"turns":5}],"seed_played":"6173027961321450609","potions_obtained":[{"floor":1.0,"key":"Dexterity Potion"},{"floor":7.0,"key":"AttackPotion"},{"floor":13,"key":"Weak Potion"},{"floor":16,"key":"PowerPotion"},{"floor":22,"key":"SteroidPotion"},{"floor":24,"key":"Regen Potion"},{"floor":25,"key":"GamblersBrew"},{"floor":28,"key":"Poison Potion"},{"floor":33,"key":"AttackPotion"},{"floor":36,"key":"EssenceOfSteel"}],"is_trial":false,"path_per_floor":["M","M","?","M","?","R","M","R","T","?","M","M","E","M","R","B",null,"M","M","M","$","M","R","E","M","T","R","M","?","$","M","R","B",null,"M","M","$","M","?","R","E","R","T","?","R","$","M","M","R","B",null],"character_chosen":"THE_SILENT","items_purchased":["Envenom","Choke","PreservedInsect","Cloak And Dagger+1","Noxious Fumes","Block Potion","Blade Dance+1","Forethought+1","Choke"],"campfire_rested":7,"item_purchase_floors":[21,21,21,21,30,46,46,46,46],"current_hp_per_floor":[70,59,34,34,27,48,19,40,40,40,40,27,27,27,48,37,70,65,65,38,38,38,59,46,51,61,80,80,64,64,64,64,58,80,80,72,72,51,41,65,65,65,65,65,65,65,64,64,80,80],"gold":34,"neow_bonus":"ONE_RANDOM_RARE_CARD","is_prod":false,"is_daily":false,"chose_seed":false,"campfire_upgraded":2,"win_rate":0,"timestamp":1556927089,"path_taken":["M","M","?","M","?","R","M","R","T","?","M","?","E","M","R","BOSS","M","M","?","$","M","R","E","M","T","R","M","?","$","M","R","BOSS","M","M","$","M","?","R","E","R","T","?","R","$","M","M","R","BOSS"],"build_version":"2019-01-23","purchased_purges":1,"victory":true,"max_hp_per_floor":[70,70,70,70,70,70,70,70,70,70,70,70,70,70,70,70,70,70,70,70,70,70,70,70,70,80,80,80,80,80,80,80,80,80,80,80,80,80,80,80,80,80,80,80,80,80,80,80,80,80],"card_choices":[{"not_picked":["Dagger Throw","Underhanded Strike"],"picked":"All Out Attack","floor":1.0},{"not_picked":["Outmaneuver","Cloak And Dagger"],"picked":"Flying Knee","floor":2.0},{"not_picked":["Deadly Poison","Quick Slash"],"picked":"Blur","floor":4.0},{"not_picked":["Quick Slash","Flying Knee"],"picked":"Bullet Time","floor":7.0},{"not_picked":["Concentrate","Sucker Punch","Calculated Gamble"],"picked":"SKIP","floor":11.0},{"not_picked":["Dagger Throw","Underhanded Strike"],"picked":"Backflip","floor":12},{"not_picked":["Prepared","Underhanded Strike"],"picked":"Backstab","floor":13},{"not_picked":["Dagger Throw","Caltrops"],"picked":"Leg Sweep+1","floor":14},{"not_picked":["Doppelganger+1","Malaise+1"],"picked":"Corpse Explosion+1","floor":16},{"not_picked":["Flying Knee+1","Heel Hook","Underhanded Strike"],"picked":"SKIP","floor":18},{"not_picked":["Poisoned Stab+1","Dodge and Roll+1"],"picked":"Blade Dance+1","floor":19},{"not_picked":["Setup+1","Slice"],"picked":"Bouncing Flask+1","floor":20},{"not_picked":["Backstab","Tactician+1","Sucker Punch+1"],"picked":"SKIP","floor":22},{"not_picked":["Deflect+1","Outmaneuver+1"],"picked":"PiercingWail+1","floor":24},{"not_picked":["Caltrops","Tactician+1","Backstab"],"picked":"SKIP","floor":25},{"not_picked":["Blade Dance+1","Prepared+1"],"picked":"Blur+1","floor":28},{"not_picked":["Terror+1","Acrobatics+1"],"picked":"Backflip+1","floor":31},{"not_picked":["Corpse Explosion+1","Doppelganger+1"],"picked":"After Image","floor":33},{"not_picked":["Concentrate+1","Deflect+1"],"picked":"Outmaneuver+1","floor":35},{"not_picked":["Flechettes","Dodge and Roll+1","Dagger Spray"],"picked":"SKIP","floor":36},{"not_picked":["Escape Plan+1","Heel Hook"],"picked":"Blade Dance+1","floor":38},{"not_picked":["Backflip+1","Cloak And Dagger+1","Outmaneuver+1"],"picked":"SKIP","floor":41},{"not_picked":["Escape Plan+1","Flying Knee+1","Prepared+1"],"picked":"SKIP","floor":47},{"not_picked":["Terror+1","Flechettes+1","Skewer+1"],"picked":"SKIP","floor":48},{"not_picked":["Terror+1","Skewer+1"],"picked":"Flechettes+1","floor":48}],"player_experience":754741,"relics_obtained":[{"floor":9.0,"key":"Lantern"},{"floor":13,"key":"Toxic Egg 2"},{"floor":24,"key":"Art of War"},{"floor":26,"key":"Pear"},{"floor":29,"key":"Enchiridion"},{"floor":41,"key":"Kunai"},{"floor":43,"key":"Nunchaku"},{"floor":44,"key":"Girya"}],"event_choices":[{"damage_healed":0.0,"max_hp_gain":0.0,"max_hp_loss":0.0,"gold_gain":0.0,"event_name":"Scrap Ooze","player_choice":"Success","floor":3.0,"gold_loss":0.0,"damage_taken":25.0,"relics_obtained":["Omamori"]},{"cards_removed":["Strike_G"],"damage_healed":0.0,"max_hp_gain":0.0,"max_hp_loss":0.0,"gold_gain":0.0,"event_name":"Golden Wing","player_choice":"Card Removal","floor":5.0,"gold_loss":0.0,"damage_taken":7.0},{"damage_healed":0.0,"max_hp_gain":0.0,"max_hp_loss":0.0,"gold_gain":0.0,"event_name":"Living Wall","player_choice":"Grow","floor":10.0,"gold_loss":0.0,"damage_taken":0.0,"cards_upgraded":["A Thousand Cuts"]},{"damage_healed":0,"gold_gain":0,"player_choice":"Obtained Book","damage_taken":16,"max_hp_gain":0,"max_hp_loss":0,"event_name":"Cursed Tome","floor":29,"gold_loss":0},{"damage_healed":0,"gold_gain":0,"player_choice":"Embrace Madness","damage_taken":10,"max_hp_gain":0,"max_hp_loss":0,"event_name":"Winding Halls","floor":39,"gold_loss":0,"cards_obtained":["Madness","Madness"]},{"damage_healed":0,"gold_gain":0,"player_choice":"Fight","damage_taken":0,"max_hp_gain":0,"max_hp_loss":0,"event_name":"MindBloom","floor":44,"gold_loss":0}],"is_beta":false,"boss_relics":[{"not_picked":["White Beast Statue","Eternal Feather"],"picked":"Snecko Eye"},{"not_picked":["Ring of the Serpent","Calling Bell"],"picked":"Astrolabe"}],"items_purged_floors":[46],"is_endless":false,"potions_floor_spawned":[1,7,13,16,22,24,25,28,33,35,36],"ascension_level":0}