{"gold_per_floor":[111,121,46,121,132,132,145,145,197,216,234,254,254,234],"floor_reached":14,"playtime":336,"items_purged":[],"score":168,"play_id":"46bd7ab5-8bee-4b79-b85a-e95def91f45b","local_time":"20190524234539","is_ascension_mode":true,"campfire_choices":[{"data":"Whirlwind","floor":6,"key":"SMITH"},{"data":"True Grit","floor":8,"key":"SMITH"}],"neow_cost":"NONE","seed_source_timestamp":1457759355595167,"circlet_count":0,"master_deck":["AscendersBane","Strike_R","Strike_R","Strike_R","Strike_R","Defend_R","Defend_R","Defend_R","Defend_R","Bash","True Grit+1","Whirlwind+1","True Grit","Cleave","Metallicize"],"relics":["Burning Blood","Orichalcum"],"potions_floor_usage":[],"damage_taken":[{"damage":6,"enemies":"Cultist","floor":1,"turns":3},{"damage":21,"enemies":"Jaw Worm","floor":2,"turns":6},{"damage":17,"enemies":"2 Louse","floor":5,"turns":4},{"damage":10,"enemies":"Looter","floor":7,"turns":5},{"damage":12,"enemies":"2 Fungi Beasts","floor":10,"turns":5},{"damage":6,"enemies":"3 Louse","floor":11,"turns":2},{"damage":20,"enemies":"Large Slime","floor":12,"turns":5},{"damage":1,"enemies":"Exordium Thugs","floor":14,"turns":2}],"seed_played":"-1553183998704437289","potions_obtained":[{"floor":5,"key":"Weak Potion"},{"floor":12,"key":"GamblersBrew"}],"is_trial":false,"path_per_floor":["M","M","?","?","M","R","M","R","T","M","M","M","?","M"],"character_chosen":"IRONCLAD","items_purchased":[],"campfire_rested":0,"item_purchase_floors":[],"current_hp_per_floor":[68,53,53,42,31,31,27,27,27,21,21,7,7,6],"gold":234,"neow_bonus":"TRANSFORM_CARD","is_prod":false,"is_daily":false,"chose_seed":false,"campfire_upgraded":2,"win_rate":0,"timestamp":1558755939,"path_taken":["M","M","?","?","M","R","M","R","T","M","M","M","?","M"],"build_version":"2019-01-23","purchased_purges":0,"victory":false,"max_hp_per_floor":[75,75,75,75,75,75,75,75,75,75,75,75,75,75],"card_choices":[{"not_picked":["Dropkick","Headbutt"],"picked":"True Grit","floor":1},{"not_picked":["Pummel","Warcry","Armaments"],"picked":"SKIP","floor":2},{"not_picked":["Dark Embrace","Armaments"],"picked":"Whirlwind","floor":5},{"not_picked":["Seeing Red","Havoc"],"picked":"True Grit","floor":7},{"not_picked":["Pummel","Anger"],"picked":"Cleave","floor":10},{"not_picked":["Sword Boomerang","Clash","Havoc"],"picked":"SKIP","floor":11},{"not_picked":["Sever Soul","Iron Wave"],"picked":"Metallicize","floor":12}],"player_experience":500090,"relics_obtained":[{"floor":9,"key":"Orichalcum"}],"event_choices":[{"cards_removed":["Brutality"],"damage_healed":0,"gold_gain":0,"player_choice":"Card Removal","damage_taken":0,"max_hp_gain":0,"max_hp_loss":0,"event_name":"The Cleric","floor":3,"gold_loss":75},{"damage_healed":0,"gold_gain":75,"player_choice":"Gather Gold","damage_taken":11,"max_hp_gain":0,"max_hp_loss":0,"event_name":"World of Goop","floor":4,"gold_loss":0},{"damage_healed":0,"gold_gain":0,"player_choice":"Ignored","damage_taken":0,"max_hp_gain":0,"max_hp_loss":0,"event_name":"Shining Light","floor":13,"gold_loss":0}],"is_beta":false,"boss_relics":[],"items_purged_floors":[],"is_endless":false,"potions_floor_spawned":[5,12],"killed_by":"Exordium Thugs","ascension_level":20}