{"gold_per_floor":[119,20,40,52,22,22,42,58,107,107,120,138,151,167,167,266,266,281,249,249,113,133,133,151,168,168,168,182,199,215,31,31,31],"floor_reached":33,"playtime":4944,"items_purged":["Strike_G","Defend_G"],"score":374,"play_id":"b071df53-ffb8-41b2-b8c7-737844feba36","local_time":"20190604190853","is_ascension_mode":false,"campfire_choices":[{"data":"Neutralize","floor":6,"key":"SMITH"},{"data":"Envenom","floor":10,"key":"SMITH"},{"data":"Footwork","floor":15,"key":"SMITH"},{"data":"Noxious Fumes","floor":23,"key":"SMITH"},{"data":"Venomology","floor":27,"key":"SMITH"},{"data":"Accuracy","floor":32,"key":"SMITH"}],"neow_cost":"NONE","seed_source_timestamp":0,"circlet_count":0,"master_deck":["Defend_G","Defend_G","Defend_G","Defend_G","Survivor","Neutralize+1","Dagger Spray","Dodge and Roll","PiercingWail","Backstab","Envenom+1","Backstab","Blade Dance","Blade Dance","Footwork+1","Unload","Dodge and Roll","Infinite Blades","Bite","Bite","Bite","Bite","Bite","Noxious Fumes+1","Dodge and Roll+1","Venomology+1","Cloak And Dagger","Blur","Accuracy+1"],"special_seed":0,"relics":["Philosopher\u0027s Stone"],"potions_floor_usage":[16,19,28,29,29,30,30,33,33,33,33],"damage_taken":[{"damage":0,"enemies":"Cultist","floor":1,"turns":4},{"damage":0,"enemies":"2 Louse","floor":3,"turns":2},{"damage":0,"enemies":"Jaw Worm","floor":4,"turns":3},{"damage":0,"enemies":"Looter","floor":5,"turns":4},{"damage":3,"enemies":"3 Louse","floor":7,"turns":3},{"damage":1,"enemies":"Red Slaver","floor":8,"turns":4},{"damage":3,"enemies":"Blue Slaver","floor":11,"turns":3},{"damage":0,"enemies":"2 Fungi Beasts","floor":12,"turns":3},{"damage":2,"enemies":"Looter","floor":13,"turns":3},{"damage":0,"enemies":"Blue Slaver","floor":14,"turns":3},{"damage":10,"enemies":"Slime Boss","floor":16,"turns":13},{"damage":16,"enemies":"Shell Parasite","floor":18,"turns":6},{"damage":22,"enemies":"2 Thieves","floor":19,"turns":5},{"damage":14,"enemies":"Centurion and Healer","floor":22,"turns":8},{"damage":16,"enemies":"Snake Plant","floor":24,"turns":5},{"damage":19,"enemies":"Sentry and Sphere","floor":25,"turns":9},{"damage":25,"enemies":"Centurion and Healer","floor":28,"turns":6},{"damage":16,"enemies":"Snake Plant","floor":29,"turns":5},{"damage":0,"enemies":"Snecko","floor":30,"turns":5},{"damage":47,"enemies":"Automaton","floor":33,"turns":6}],"seed_played":"-9165839819807784391","potions_obtained":[{"floor":11,"key":"AttackPotion"},{"floor":12,"key":"PowerPotion"},{"floor":13,"key":"LiquidBronze"},{"floor":14,"key":"EssenceOfSteel"},{"floor":18,"key":"SteroidPotion"},{"floor":22,"key":"FearPotion"},{"floor":24,"key":"FearPotion"},{"floor":30,"key":"Ancient Potion"}],"is_trial":false,"path_per_floor":["M","$","M","M","M","R","M","M","T","R","M","M","M","M","R","B",null,"M","M","?","$","M","R","M","M","T","R","M","M","M","$","R","B"],"character_chosen":"THE_SILENT","items_purchased":["Dodge and Roll","Noxious Fumes","Regen Potion","Accuracy","EssenceOfSteel"],"campfire_rested":0,"item_purchase_floors":[2,21,31,31,31],"current_hp_per_floor":[70,70,70,70,70,70,67,66,66,66,63,63,61,61,61,51,70,54,32,32,32,36,36,30,27,27,27,18,10,20,20,20,0],"gold":31,"neow_bonus":"BOSS_RELIC","is_prod":false,"is_daily":false,"chose_seed":false,"campfire_upgraded":6,"win_rate":0,"timestamp":1559689733,"path_taken":["M","$","M","?","M","R","M","M","T","R","M","M","M","M","R","BOSS","M","M","?","$","M","R","M","M","T","R","M","M","M","$","R","BOSS"],"build_version":"2019-01-23","purchased_purges":2,"victory":false,"max_hp_per_floor":[70,70,70,70,70,70,70,70,70,70,70,70,70,70,70,70,70,70,70,49,49,49,49,49,49,49,49,49,49,49,49,49,49],"card_choices":[{"not_picked":["Deflect","Underhanded Strike"],"picked":"Dagger Spray","floor":1},{"not_picked":["Slice","Finisher","Predator"],"picked":"SKIP","floor":3},{"not_picked":["Dagger Throw","Outmaneuver"],"picked":"PiercingWail","floor":4},{"not_picked":["Deflect","Eviscerate"],"picked":"Backstab","floor":5},{"not_picked":["Expertise","Poisoned Stab"],"picked":"Envenom","floor":7},{"not_picked":["Acrobatics","Dagger Throw"],"picked":"Backstab","floor":8},{"not_picked":["Bouncing Flask","Outmaneuver"],"picked":"Blade Dance","floor":11},{"not_picked":["Terror","Slice","Masterful Stab"],"picked":"SKIP","floor":12},{"not_picked":["Prepared","Underhanded Strike"],"picked":"Blade Dance","floor":13},{"not_picked":["Prepared","Underhanded Strike"],"picked":"Footwork","floor":14},{"not_picked":["Tools of the Trade","Die Die Die"],"picked":"Unload","floor":16},{"not_picked":["Slice","Quick Slash"],"picked":"Dodge and Roll","floor":18},{"not_picked":["Dagger Throw","All Out Attack"],"picked":"Infinite Blades","floor":19},{"not_picked":["Dagger Throw","Quick Slash"],"picked":"Dodge and Roll+1","floor":22},{"not_picked":["Acrobatics","Predator","Slice+1"],"picked":"SKIP","floor":24},{"not_picked":["Leg Sweep","Reflex+1"],"picked":"Venomology","floor":25},{"not_picked":["Quick Slash","PiercingWail"],"picked":"Cloak And Dagger","floor":28},{"not_picked":["Dagger Spray","Bouncing Flask+1","Dagger Throw"],"picked":"SKIP","floor":29},{"not_picked":["Acrobatics","Predator"],"picked":"Blur","floor":30}],"player_experience":1100848,"relics_obtained":[],"event_choices":[{"damage_healed":0,"gold_gain":0,"player_choice":"Became a vampire","damage_taken":0,"max_hp_gain":0,"max_hp_loss":21,"event_name":"Vampires","floor":20,"gold_loss":0,"cards_obtained":["Bite","Bite","Bite","Bite","Bite"]}],"is_beta":false,"boss_relics":[{"not_picked":[]}],"items_purged_floors":[2,21],"is_endless":false,"potions_floor_spawned":[11,12,13,14,18,22,24,28,30],"killed_by":"Automaton","ascension_level":0}