{"gold_per_floor":[215,215,235,252,264,264,276,276,276,154,188,188,202,217,217,217],"floor_reached":16,"playtime":2189,"items_purged":["Strike_R"],"score":104,"play_id":"6253b059-adf6-4f03-ab35-fe9b362a8a8d","local_time":"20190527215630","is_ascension_mode":false,"campfire_choices":[{"data":"Entrench","floor":6,"key":"SMITH"},{"data":"Body Slam","floor":8,"key":"SMITH"},{"data":"Armaments","floor":12,"key":"SMITH"},{"data":"Metallicize","floor":15,"key":"SMITH"}],"neow_cost":"NONE","seed_source_timestamp":1025901264820100,"circlet_count":0,"master_deck":["Strike_R","Strike_R","Strike_R","Strike_R","Defend_R","Defend_R","Defend_R","Defend_R","Bash","Body Slam+1","Entrench+1","Armaments","Armaments+1","Battle Trance","Metallicize+1"],"relics":["Burning Blood","Mummified Hand","Dream Catcher"],"potions_floor_usage":[16,16],"damage_taken":[{"damage":0,"enemies":"Small Slimes","floor":1,"turns":4},{"damage":1,"enemies":"Cultist","floor":3,"turns":3},{"damage":13,"enemies":"Jaw Worm","floor":4,"turns":5},{"damage":44,"enemies":"Exordium Thugs","floor":5,"turns":7},{"damage":22,"enemies":"Lots of Slimes","floor":7,"turns":8},{"damage":10,"enemies":"3 Sentries","floor":11,"turns":10},{"damage":0,"enemies":"Blue Slaver","floor":13,"turns":4},{"damage":0,"enemies":"3 Louse","floor":14,"turns":6},{"damage":27,"enemies":"Hexaghost","floor":16,"turns":15}],"seed_played":"798475012686216355","potions_obtained":[{"floor":5,"key":"GamblersBrew"},{"floor":14,"key":"Weak Potion"}],"is_trial":false,"path_per_floor":["M","?","M","M","M","R","M","R","T","$","E","R","M","M","R","B"],"character_chosen":"IRONCLAD","items_purchased":["Armaments"],"campfire_rested":0,"item_purchase_floors":[10],"current_hp_per_floor":[80,80,80,73,35,35,19,19,19,19,15,15,21,27,27,0],"gold":217,"neow_bonus":"HUNDRED_GOLD","is_prod":false,"is_daily":false,"chose_seed":false,"campfire_upgraded":4,"win_rate":0,"timestamp":1559008590,"path_taken":["M","?","M","M","M","R","M","R","T","?","E","R","?","M","R","BOSS"],"build_version":"2019-01-23","purchased_purges":1,"victory":false,"max_hp_per_floor":[80,80,80,80,80,80,80,80,80,80,80,80,80,80,80,80],"card_choices":[{"not_picked":["Sword Boomerang","Twin Strike"],"picked":"Body Slam","floor":1},{"not_picked":["Anger","Rage","Second Wind"],"picked":"SKIP","floor":3},{"not_picked":["Clash","Burning Pact"],"picked":"Entrench","floor":4},{"not_picked":["Uppercut","Hemokinesis","Sword Boomerang"],"picked":"SKIP","floor":5},{"not_picked":["Thunderclap","Flex"],"picked":"Armaments","floor":7},{"not_picked":["Dark Embrace","Second Wind"],"picked":"Battle Trance","floor":11},{"not_picked":["Combust","True Grit"],"picked":"Metallicize","floor":13},{"not_picked":["Perfected Strike","Reckless Charge","Searing Blow"],"picked":"SKIP","floor":14}],"player_experience":951913,"relics_obtained":[{"floor":9,"key":"Mummified Hand"},{"floor":11,"key":"Dream Catcher"}],"event_choices":[{"damage_healed":0,"gold_gain":0,"player_choice":"Ignored","damage_taken":0,"max_hp_gain":0,"max_hp_loss":0,"event_name":"NoteForYourself","floor":2,"gold_loss":0}],"is_beta":false,"boss_relics":[],"items_purged_floors":[10],"is_endless":false,"potions_floor_spawned":[5,14],"killed_by":"Hexaghost","ascension_level":0}