{"gold_per_floor":[112,27,27,27,27,27,61,61,61,61,74,92,111,150,150,150],"floor_reached":16,"playtime":511,"items_purged":[],"score":259,"play_id":"ca601bf3-dace-4ad8-a6a2-13e955cc0784","local_time":"20190608181843","is_ascension_mode":true,"campfire_choices":[{"data":"Footwork","floor":6,"key":"SMITH"},{"data":"Neutralize","floor":8,"key":"SMITH"},{"data":"Dodge and Roll","floor":10,"key":"SMITH"},{"data":"Leg Sweep","floor":15,"key":"SMITH"}],"neow_cost":"NONE","seed_source_timestamp":48619665097461,"circlet_count":0,"master_deck":["AscendersBane","Defend_G","Defend_G","Defend_G","Defend_G","Defend_G","Strike_G","Strike_G","Strike_G","Strike_G","Strike_G","Survivor","Neutralize+1","Infinite Blades","Footwork+1","Backflip","Dodge and Roll+1","PiercingWail","Caltrops","Poisoned Stab","Leg Sweep+1"],"relics":["Ring of the Snake","NeowsBlessing","Golden Idol","Blue Candle","Matryoshka","Bottled Flame"],"potions_floor_usage":[],"damage_taken":[{"damage":0,"enemies":"Jaw Worm","floor":1,"turns":1},{"damage":0,"enemies":"3 Sentries","floor":7,"turns":2},{"damage":0,"enemies":"2 Louse","floor":11,"turns":1},{"damage":0,"enemies":"Cultist","floor":12,"turns":4},{"damage":3,"enemies":"Large Slime","floor":13,"turns":10},{"damage":14,"enemies":"Lagavulin","floor":14,"turns":9},{"damage":43,"enemies":"Slime Boss","floor":16,"turns":10}],"seed_played":"-1661745374488334844","potions_obtained":[{"floor":11,"key":"SpeedPotion"},{"floor":14,"key":"SteroidPotion"}],"is_trial":false,"path_per_floor":["M","$","?","?","?","R","E","R","T","R","M","M","M","E","R","B"],"character_chosen":"THE_SILENT","items_purchased":["Footwork"],"campfire_rested":0,"item_purchase_floors":[2],"current_hp_per_floor":[59,59,59,59,59,59,59,59,59,59,59,59,56,42,42,0],"gold":150,"neow_bonus":"THREE_ENEMY_KILL","is_prod":false,"is_daily":false,"chose_seed":false,"campfire_upgraded":4,"win_rate":0,"timestamp":1560032323,"path_taken":["M","$","?","?","?","R","E","R","T","R","?","M","M","E","R","BOSS"],"build_version":"2019-01-23","purchased_purges":0,"victory":false,"max_hp_per_floor":[66,66,66,60,60,60,60,60,60,60,60,60,60,60,60,60],"card_choices":[{"not_picked":["Sucker Punch","Expertise"],"picked":"Infinite Blades","floor":1},{"not_picked":["Bane","Grand Finale"],"picked":"Dodge and Roll","floor":7},{"not_picked":["Concentrate","Heel Hook"],"picked":"PiercingWail","floor":11},{"not_picked":["Concentrate","Bane"],"picked":"Caltrops","floor":12},{"not_picked":["PiercingWail","Dodge and Roll"],"picked":"Poisoned Stab","floor":13},{"not_picked":["Endless Agony","Concentrate"],"picked":"Leg Sweep","floor":14}],"player_experience":604034,"relics_obtained":[{"floor":7,"key":"Blue Candle"},{"floor":9,"key":"Matryoshka"},{"floor":14,"key":"Bottled Flame"}],"event_choices":[{"damage_healed":0,"gold_gain":0,"player_choice":"Leave","damage_taken":0,"max_hp_gain":0,"max_hp_loss":0,"event_name":"The Cleric","floor":3,"gold_loss":0},{"damage_healed":0,"gold_gain":0,"player_choice":"Lose Max HP","damage_taken":0,"relics_obtained":["Golden Idol"],"max_hp_gain":0,"max_hp_loss":6,"event_name":"Golden Idol","floor":4,"gold_loss":0},{"damage_healed":0,"gold_gain":0,"player_choice":"1 cards matched","damage_taken":0,"max_hp_gain":0,"max_hp_loss":0,"event_name":"Match and Keep!","floor":5,"gold_loss":0,"cards_obtained":["Backflip"]}],"is_beta":false,"boss_relics":[],"items_purged_floors":[],"is_endless":false,"potions_floor_spawned":[11,14],"killed_by":"Slime Boss","ascension_level":19}