{"gold_per_floor":[99,99,99,59,59,59,59,59,59,59,59,59,59,59,59,59,59,59,59,31,31,31,31,31,31,31,31,31,31,31,31,31,31,31,31,31,31,0,0,0,0,0,0,0,0,0,0,0,0,0,0,0,0,0,0,0],"floor_reached":56,"playtime":4409,"items_purged":[],"score":2015,"play_id":"e21b9471-2e3d-4dc7-b722-efe8a87cd1aa","local_time":"20190609173310","is_ascension_mode":true,"campfire_choices":[{"floor":7.0,"key":"REST"},{"data":"Go for the Eyes","floor":11.0,"key":"SMITH"},{"data":"Hologram","floor":13.0,"key":"SMITH"},{"data":"Sunder","floor":15.0,"key":"SMITH"},{"data":"Meteor Strike","floor":24.0,"key":"SMITH"},{"floor":27.0,"key":"REST"},{"data":"Coolheaded","floor":30.0,"key":"SMITH"},{"floor":32.0,"key":"RECALL"},{"data":"Self Repair","floor":40.0,"key":"SMITH"},{"data":"Seek","floor":42.0,"key":"SMITH"},{"data":"Panacea","floor":49.0,"key":"SMITH"},{"floor":53.0,"key":"REST"}],"neow_cost":"NONE","seed_source_timestamp":949590305249077,"circlet_count":0,"master_deck":["AscendersBane","Strike_B+1","Strike_B+1","Defend_B+1","Defend_B+1","Defend_B+1","Defend_B+1","Zap","Dualcast","Sunder+1","Streamline+1","Self Repair+1","Steam","Go for the Eyes+1","Glacier","Doom and Gloom+1","Hologram+1","Chill","Meteor Strike+1","Undo","RitualDagger","Coolheaded+1","Conserve Battery","Coolheaded","Creative AI","Double Energy","Seek+1","Steam+1","Coolheaded","Genetic Algorithm","Compile Driver+1","Stack","Blind","Panacea+1","Stack+1"],"special_seed":0,"relics":["Ectoplasm","Strawberry","Ancient Tea Set","Ice Cream","Odd Mushroom","Cursed Key","MawBank","Bronze Scales","Whetstone","Art of War","Orrery","Red Mask","Juzu Bracelet","Lantern","Blue Candle"],"potions_floor_usage":[56,56],"damage_taken":[{"damage":0.0,"enemies":"Cultist","floor":1.0,"turns":4.0},{"damage":9.0,"enemies":"Small Slimes","floor":2.0,"turns":3.0},{"damage":2.0,"enemies":"2 Louse","floor":3.0,"turns":3.0},{"damage":12.0,"enemies":"Looter","floor":4.0,"turns":3.0},{"damage":8.0,"enemies":"2 Fungi Beasts","floor":5.0,"turns":4.0},{"damage":24.0,"enemies":"3 Sentries","floor":6.0,"turns":7.0},{"damage":13.0,"enemies":"Lagavulin","floor":8.0,"turns":6.0},{"damage":42.0,"enemies":"3 Sentries","floor":10.0,"turns":11.0},{"damage":5.0,"enemies":"The Mushroom Lair","floor":12.0,"turns":4.0},{"damage":0.0,"enemies":"Large Slime","floor":14.0,"turns":4.0},{"damage":4.0,"enemies":"The Guardian","floor":16.0,"turns":9.0},{"damage":12.0,"enemies":"Shell Parasite","floor":18.0,"turns":4.0},{"damage":2.0,"enemies":"Spheric Guardian","floor":21.0,"turns":5.0},{"damage":18.0,"enemies":"Book of Stabbing","floor":23.0,"turns":6.0},{"damage":21.0,"enemies":"Slavers","floor":25.0,"turns":8.0},{"damage":0.0,"enemies":"Gremlin Leader","floor":28.0,"turns":7.0},{"damage":15.0,"enemies":"Book of Stabbing","floor":31.0,"turns":4.0},{"damage":27.0,"enemies":"Automaton","floor":33.0,"turns":9.0},{"damage":0.0,"enemies":"3 Shapes","floor":35.0,"turns":8.0},{"damage":15.0,"enemies":"Reptomancer","floor":41.0,"turns":10.0},{"damage":4.0,"enemies":"3 Darklings","floor":44.0,"turns":9.0},{"damage":12.0,"enemies":"Giant Head","floor":48.0,"turns":11.0},{"damage":46.0,"enemies":"Time Eater","floor":50.0,"turns":13.0},{"damage":38.0,"enemies":"Donu and Deca","floor":51.0,"turns":14.0},{"damage":48.0,"enemies":"Shield and Spear","floor":55.0,"turns":9.0},{"damage":46,"enemies":"The Heart","floor":56,"turns":3}],"seed_played":"-6339672909274294025","potions_obtained":[{"floor":2.0,"key":"Swift Potion"},{"floor":3.0,"key":"SpeedPotion"},{"floor":4.0,"key":"Swift Potion"},{"floor":6.0,"key":"Dexterity Potion"},{"floor":10.0,"key":"PowerPotion"},{"floor":18.0,"key":"Swift Potion"},{"floor":21.0,"key":"Poison Potion"},{"floor":23.0,"key":"Strength Potion"},{"floor":31.0,"key":"SpeedPotion"},{"floor":55.0,"key":"Block Potion"}],"is_trial":false,"path_per_floor":["M","M","M","M","M","E","R","E","T","E","R","?","R","M","R","B",null,"M","?","$","M","?","E","R","E","T","R","E","?","R","E","R","B",null,"M","?","?","?","$","R","E","R","T","M","$","?","?","E","R","B","B",null,"R","$","E","B"],"character_chosen":"DEFECT","items_purchased":["Coolheaded"],"campfire_rested":3,"item_purchase_floors":[20],"current_hp_per_floor":[64,55,53,48,47,37,60,54,54,19,19,21,21,28,28,31,66,61,55,55,60,60,49,49,35,35,58,65,65,65,57,57,37,68,78,74,74,74,74,74,69,69,69,74,74,64,84,82,82,46,18,68,84,84,46,0],"gold":0,"neow_bonus":"BOSS_RELIC","is_prod":false,"is_daily":false,"chose_seed":false,"campfire_upgraded":8,"win_rate":0,"timestamp":1560126790,"path_taken":["M","M","?","M","M","E","R","E","T","E","R","?","R","M","R","BOSS","M","?","$","M","?","E","R","E","T","R","E","?","R","E","R","BOSS","M","?","?","?","$","R","E","R","T","M","?","?","?","E","R","BOSS","BOSS","R","$","E","BOSS"],"build_version":"2019-06-07","purchased_purges":0,"victory":false,"max_hp_per_floor":[71,71,71,71,71,78,78,78,78,78,78,78,78,78,78,78,78,78,78,78,78,78,78,78,78,78,78,78,78,78,78,78,78,78,78,74,74,74,74,74,74,74,74,74,74,74,84,84,84,84,84,84,84,84,84,84],"card_choices":[{"not_picked":["Hologram","Leap"],"picked":"Sunder","floor":1.0},{"not_picked":["Rebound","Cold Snap"],"picked":"Streamline","floor":2.0},{"not_picked":["White Noise","Sweeping Beam"],"picked":"Self Repair","floor":3.0},{"not_picked":["Turbo","Meteor Strike"],"picked":"Steam","floor":4.0},{"not_picked":["Compile Driver","Barrage","Turbo"],"picked":"SKIP","floor":5.0},{"not_picked":["Consume","Hello World"],"picked":"Go for the Eyes","floor":6.0},{"not_picked":["Reboot","Redo"],"picked":"Glacier","floor":8.0},{"not_picked":["Storm","Darkness"],"picked":"Doom and Gloom","floor":10.0},{"not_picked":["Compile Driver","Ball Lightning"],"picked":"Hologram","floor":12.0},{"not_picked":["Streamline","Gash"],"picked":"Chill","floor":14.0},{"not_picked":["Electrodynamics","Machine Learning"],"picked":"Meteor Strike","floor":16.0},{"not_picked":["Streamline+1","Heatsinks"],"picked":"Undo","floor":18.0},{"not_picked":["Barrage","Stack"],"picked":"Conserve Battery","floor":21.0},{"not_picked":["Scrape","Gash","White Noise"],"picked":"SKIP","floor":23.0},{"not_picked":["Ball Lightning","Turbo"],"picked":"Coolheaded","floor":25.0},{"not_picked":["Gash","Beam Cell","Cold Snap"],"picked":"SKIP","floor":28.0},{"not_picked":["Reprogram+1","Hyperbeam"],"picked":"Double Energy","floor":31.0},{"not_picked":["Reboot","Buffer"],"picked":"Seek","floor":33.0},{"not_picked":["Compile Driver","Chaos"],"picked":"Steam+1","floor":34.0},{"not_picked":["Turbo","Reprogram"],"picked":"Coolheaded","floor":34.0},{"not_picked":["Cold Snap","Hologram"],"picked":"Self Repair","floor":34.0},{"not_picked":["Hello World","Ball Lightning"],"picked":"Genetic Algorithm","floor":34.0},{"not_picked":["Double Energy","Steam"],"picked":"Compile Driver+1","floor":35.0},{"not_picked":["Cold Snap+1","Beam Cell","Rebound"],"picked":"SKIP","floor":41.0},{"not_picked":["Sweeping Beam","Cold Snap"],"picked":"Stack","floor":44.0},{"not_picked":["Chrysalis","Dramatic Entrance"],"picked":"Blind","floor":46.0},{"not_picked":["Purity","Deep Breath"],"picked":"Panacea","floor":46.0},{"not_picked":["Genetic Algorithm","Sweeping Beam","Turbo"],"picked":"SKIP","floor":48.0},{"not_picked":["Compile Driver","Barrage"],"picked":"Stack+1","floor":55.0}],"player_experience":1642332,"relics_obtained":[{"floor":6.0,"key":"Strawberry"},{"floor":8.0,"key":"Ancient Tea Set"},{"floor":10.0,"key":"Ice Cream"},{"floor":12.0,"key":"Odd Mushroom"},{"floor":23.0,"key":"MawBank"},{"floor":25.0,"key":"Bronze Scales"},{"floor":28.0,"key":"Whetstone"},{"floor":31.0,"key":"Art of War"},{"floor":41.0,"key":"Juzu Bracelet"},{"floor":48.0,"key":"Lantern"},{"floor":55.0,"key":"Blue Candle"}],"event_choices":[{"damage_healed":0.0,"max_hp_gain":0.0,"max_hp_loss":0.0,"gold_gain":0.0,"event_name":"Mushrooms","player_choice":"Fought Mushrooms","floor":12.0,"gold_loss":0.0,"damage_taken":0.0},{"damage_healed":0.0,"max_hp_gain":0.0,"max_hp_loss":0.0,"gold_gain":0.0,"event_name":"Nest","player_choice":"Joined the Cult","floor":19.0,"gold_loss":0.0,"damage_taken":6.0,"cards_obtained":["RitualDagger"]},{"damage_healed":0.0,"max_hp_gain":0.0,"max_hp_loss":0.0,"gold_gain":0.0,"event_name":"Back to Basics","player_choice":"Simplicity","floor":22.0,"gold_loss":0.0,"damage_taken":0.0,"cards_upgraded":["Strike_B","Strike_B","Strike_B","Strike_B","Defend_B","Defend_B","Defend_B","Defend_B"]},{"damage_healed":0.0,"max_hp_gain":0.0,"max_hp_loss":0.0,"gold_gain":0.0,"cards_transformed":["Strike_B","Strike_B"],"event_name":"Drug Dealer","player_choice":"Became Test Subject","floor":29.0,"gold_loss":0.0,"damage_taken":0.0,"cards_obtained":["Creative AI","All For One"]},{"damage_healed":0.0,"max_hp_gain":0.0,"max_hp_loss":4.0,"gold_gain":0.0,"event_name":"Winding Halls","player_choice":"Max HP","floor":36.0,"gold_loss":0.0,"damage_taken":0.0},{"cards_removed":["Self Repair"],"damage_healed":0.0,"max_hp_gain":0.0,"max_hp_loss":0.0,"gold_gain":0.0,"event_name":"Falling","player_choice":"Removed Power","floor":37.0,"gold_loss":0.0,"damage_taken":0.0},{"damage_healed":0.0,"max_hp_gain":0.0,"max_hp_loss":0.0,"gold_gain":0.0,"event_name":"Tomb of Lord Red Mask","player_choice":"Paid","floor":38.0,"gold_loss":31.0,"damage_taken":0.0,"relics_obtained":["Red Mask"]},{"damage_healed":0.0,"max_hp_gain":0.0,"max_hp_loss":0.0,"gold_gain":0.0,"event_name":"SensoryStone","player_choice":"Memory 3","floor":46.0,"gold_loss":0.0,"damage_taken":10.0},{"cards_removed":["All For One"],"damage_healed":10.0,"max_hp_gain":10.0,"max_hp_loss":0.0,"gold_gain":0.0,"event_name":"Bonfire Elementals","player_choice":"Offered Rare","floor":47.0,"gold_loss":0.0,"damage_taken":0.0}],"is_beta":true,"boss_relics":[{"not_picked":["Lizard Tail","Runic Dome"],"picked":"Cursed Key"},{"not_picked":["Coffee Dripper","Calling Bell"],"picked":"Orrery"}],"items_purged_floors":[],"is_endless":false,"potions_floor_spawned":[2,3,4,6,10,18,21,23,31,41,44,55],"killed_by":"The Heart","ascension_level":20}