{"gold_per_floor":[113,59,69,69,69,69,101,101,178,192,203,228,30,30,30,109,109,127,127],"floor_reached":19,"playtime":858,"items_purged":[],"score":400,"play_id":"1d952ec0-61be-456d-9121-3601a36c685e","local_time":"20190609235240","is_ascension_mode":true,"campfire_choices":[{"data":"Neutralize","floor":6.0,"key":"SMITH"},{"data":"Cloak And Dagger","floor":8.0,"key":"SMITH"},{"data":"Dodge and Roll","floor":15.0,"key":"SMITH"}],"neow_cost":"NONE","seed_source_timestamp":266827867955600,"circlet_count":0,"master_deck":["AscendersBane","Defend_G","Defend_G","Defend_G+1","Defend_G","Defend_G","Strike_G","Strike_G","Strike_G","Strike_G","Strike_G+1","Survivor","Neutralize+1","Cloak And Dagger+1","Infinite Blades","Masterful Stab","Noxious Fumes+1","Dodge and Roll+1","Leg Sweep","Footwork+1","Venomology","Footwork+1"],"special_seed":0,"relics":["Ring of the Snake","NeowsBlessing","Frozen Egg 2","The Courier","Lantern","Potion Belt","HoveringKite"],"potions_floor_usage":[],"damage_taken":[{"damage":0.0,"enemies":"Cultist","floor":1.0,"turns":1.0},{"damage":0.0,"enemies":"Jaw Worm","floor":3.0,"turns":1.0},{"damage":0.0,"enemies":"Lagavulin","floor":7.0,"turns":1.0},{"damage":0.0,"enemies":"Small Slimes","floor":10.0,"turns":4.0},{"damage":3.0,"enemies":"Looter","floor":11.0,"turns":3.0},{"damage":3.0,"enemies":"3 Sentries","floor":12.0,"turns":9.0},{"damage":13.0,"enemies":"Slime Boss","floor":16.0,"turns":9.0},{"damage":9.0,"enemies":"Shell Parasite","floor":18.0,"turns":7.0},{"damage":68,"enemies":"Masked Bandits","floor":19,"turns":5}],"seed_played":"2674849382053627014","potions_obtained":[{"floor":7.0,"key":"SteroidPotion"},{"floor":12.0,"key":"EssenceOfSteel"}],"is_trial":false,"path_per_floor":["M","$","M","?","?","R","E","R","T","M","M","E","$","?","R","B",null,"M","?"],"character_chosen":"THE_SILENT","items_purchased":["Block Potion","Footwork+1","Potion Belt"],"campfire_rested":0,"item_purchase_floors":[2,13,13],"current_hp_per_floor":[59,59,59,59,64,64,64,64,64,64,61,58,58,37,37,24,59,50,0],"gold":127,"neow_bonus":"THREE_ENEMY_KILL","is_prod":false,"is_daily":false,"chose_seed":false,"campfire_upgraded":3,"win_rate":0,"timestamp":1560138760,"path_taken":["M","$","M","?","?","R","E","R","T","M","M","E","$","?","R","BOSS","M","?"],"build_version":"2019-01-23","purchased_purges":0,"victory":false,"max_hp_per_floor":[66,66,66,66,71,71,71,71,71,71,71,71,71,71,71,71,71,71,71],"card_choices":[{"not_picked":["Dodge and Roll","Bouncing Flask"],"picked":"Cloak And Dagger","floor":1.0},{"not_picked":["Underhanded Strike","Acrobatics"],"picked":"Infinite Blades","floor":3.0},{"not_picked":["Expertise","Finisher"],"picked":"Masterful Stab","floor":7.0},{"not_picked":["Underhanded Strike","Deadly Poison"],"picked":"Noxious Fumes+1","floor":10.0},{"not_picked":["Choke","Poisoned Stab"],"picked":"Dodge and Roll","floor":11.0},{"not_picked":["Dagger Throw","Choke"],"picked":"Leg Sweep","floor":12.0},{"not_picked":["Doppelganger","Bullet Time"],"picked":"Venomology","floor":16.0},{"not_picked":["Tactician","Flying Knee"],"picked":"Footwork+1","floor":18.0}],"player_experience":497043,"relics_obtained":[{"floor":7.0,"key":"Frozen Egg 2"},{"floor":9.0,"key":"The Courier"},{"floor":12.0,"key":"Lantern"}],"event_choices":[{"damage_healed":0.0,"max_hp_gain":0.0,"max_hp_loss":0.0,"gold_gain":0.0,"event_name":"Liars Game","player_choice":"Ignored","floor":4.0,"gold_loss":0.0,"damage_taken":0.0},{"damage_healed":0.0,"max_hp_gain":5.0,"max_hp_loss":0.0,"gold_gain":0.0,"event_name":"Big Fish","player_choice":"Donut","floor":5.0,"gold_loss":0.0,"damage_taken":0.0},{"damage_healed":0.0,"max_hp_gain":0.0,"max_hp_loss":0.0,"gold_gain":0.0,"event_name":"Shining Light","player_choice":"Entered Light","floor":14.0,"gold_loss":0.0,"damage_taken":21.0,"cards_upgraded":["Strike_G","Defend_G"]},{"damage_healed":0,"gold_gain":0,"player_choice":"Fought Bandits","damage_taken":0,"max_hp_gain":0,"max_hp_loss":0,"event_name":"Masked Bandits","floor":19,"gold_loss":0}],"is_beta":false,"boss_relics":[{"not_picked":["Coffee Dripper","Sozu"],"picked":"HoveringKite"}],"items_purged_floors":[],"is_endless":false,"potions_floor_spawned":[7,12],"killed_by":"Masked Bandits","ascension_level":20}