{"gold_per_floor":[109,59,76,76,76,104,104,70,97,124,136,167,209,241,253,362,374,402,113,212,38,51,51,84,84,109,129,148,164,164],"floor_reached":30,"playtime":2043,"items_purged":["Strike_G","Defend_G"],"score":375,"play_id":"608fe80b-f12a-4ebe-a852-9b96ec374caa","local_time":"20190428103549","is_ascension_mode":true,"campfire_choices":[{"data":"Skewer","floor":7,"key":"SMITH"},{"data":"Infinite Blades","floor":11,"key":"SMITH"},{"data":"Flying Knee","floor":15,"key":"SMITH"},{"floor":23,"key":"REST"},{"floor":25,"key":"REST"}],"neow_cost":"NONE","seed_source_timestamp":620190229874172,"circlet_count":0,"master_deck":["AscendersBane","Defend_G","Defend_G","Defend_G","Defend_G","Strike_G","Survivor","Neutralize+1","Flying Knee+1","Skewer+1","Unload+1","Infinite Blades+1","Escape Plan","A Thousand Cuts","Infinite Blades","Accuracy","Noxious Fumes+1","PiercingWail+1","Noxious Fumes+1","Backflip+1"],"relics":["Ring of the Serpent","Gremlin Horn","MawBank","Oddly Smooth Stone","Happy Flower","Whetstone"],"potions_floor_usage":[6,6,6,16,22,29,30],"damage_taken":[{"damage":4,"enemies":"Cultist","floor":1,"turns":5},{"damage":1,"enemies":"Small Slimes","floor":3,"turns":4},{"damage":20,"enemies":"Lagavulin","floor":6,"turns":7},{"damage":0,"enemies":"Jaw Worm","floor":10,"turns":2},{"damage":7,"enemies":"Gremlin Gang","floor":12,"turns":3},{"damage":1,"enemies":"2 Fungi Beasts","floor":14,"turns":3},{"damage":20,"enemies":"Slime Boss","floor":16,"turns":10},{"damage":18,"enemies":"3 Byrds","floor":18,"turns":4},{"damage":26,"enemies":"2 Thieves","floor":22,"turns":4},{"damage":29,"enemies":"Gremlin Leader","floor":24,"turns":7},{"damage":5,"enemies":"Snecko","floor":27,"turns":5},{"damage":12,"enemies":"Snake Plant","floor":28,"turns":4},{"damage":0,"enemies":"Cultist and Chosen","floor":29,"turns":6},{"damage":22,"enemies":"Snecko","floor":30,"turns":5}],"seed_played":"3318986418574858269","potions_obtained":[{"floor":0,"key":"LiquidBronze"},{"floor":0,"key":"SkillPotion"},{"floor":0,"key":"Strength Potion"},{"floor":3,"key":"Dexterity Potion"},{"floor":12,"key":"AttackPotion"},{"floor":18,"key":"Swift Potion"},{"floor":27,"key":"Dexterity Potion"},{"floor":28,"key":"Fruit Juice"}],"is_trial":false,"path_per_floor":["M","?","M","?","?","E","R","$","T","M","R","M","?","M","R","B",null,"M","$","?","$","M","R","E","R","T","M","M","M","M"],"character_chosen":"THE_SILENT","items_purchased":["Infinite Blades","Oddly Smooth Stone","Infinite Blades","Accuracy"],"campfire_rested":2,"item_purchase_floors":[8,19,19,21],"current_hp_per_floor":[59,59,58,51,51,31,31,31,31,31,31,24,24,23,23,3,53,35,35,35,35,9,30,1,22,22,17,5,10,0],"gold":164,"neow_bonus":"THREE_SMALL_POTIONS","is_prod":false,"is_daily":false,"chose_seed":false,"campfire_upgraded":3,"win_rate":0,"timestamp":1556462149,"path_taken":["M","?","M","?","?","E","R","?","T","?","R","M","?","M","R","BOSS","M","$","?","?","M","R","E","R","T","M","M","M","M"],"build_version":"2019-01-23","purchased_purges":2,"victory":false,"max_hp_per_floor":[70,70,70,70,70,70,70,70,70,70,70,70,70,70,70,70,70,70,70,70,70,70,70,70,70,70,70,70,75,75],"card_choices":[{"not_picked":["Endless Agony","Dagger Spray"],"picked":"Flying Knee","floor":1},{"not_picked":["Slice","Blade Dance","Heel Hook"],"picked":"SKIP","floor":3},{"not_picked":["Accuracy","Flechettes"],"picked":"Unload","floor":6},{"not_picked":["Slice","Dagger Throw"],"picked":"Escape Plan","floor":10},{"not_picked":["Bane","Setup","Slice"],"picked":"SKIP","floor":12},{"not_picked":["Dagger Spray","Slice","Distraction"],"picked":"SKIP","floor":14},{"not_picked":["Grand Finale","Venomology"],"picked":"A Thousand Cuts","floor":16},{"not_picked":["Poisoned Stab","Quick Slash","Riddle With Holes+1"],"picked":"SKIP","floor":18},{"not_picked":["Deadly Poison","Well Laid Plans"],"picked":"Noxious Fumes+1","floor":22},{"not_picked":["Acrobatics","Deadly Poison"],"picked":"PiercingWail+1","floor":24},{"not_picked":["Quick Slash","Blade Dance"],"picked":"Noxious Fumes+1","floor":27},{"not_picked":["Slice","Dagger Throw+1"],"picked":"Backflip+1","floor":28},{"not_picked":["Calculated Gamble","Masterful Stab","Heel Hook"],"picked":"SKIP","floor":29}],"player_experience":329687,"relics_obtained":[{"floor":6,"key":"Gremlin Horn"},{"floor":9,"key":"MawBank"},{"floor":24,"key":"Happy Flower"},{"floor":26,"key":"Whetstone"}],"event_choices":[{"cards_removed":["Strike_G"],"damage_healed":0,"gold_gain":0,"player_choice":"Card Removal","damage_taken":0,"max_hp_gain":0,"max_hp_loss":0,"event_name":"The Cleric","floor":2,"gold_loss":50},{"cards_removed":["Strike_G"],"damage_healed":0,"gold_gain":0,"player_choice":"Card Removal","damage_taken":7,"max_hp_gain":0,"max_hp_loss":0,"event_name":"Golden Wing","floor":4,"gold_loss":0},{"damage_healed":0,"gold_gain":0,"cards_transformed":["Strike_G"],"player_choice":"Change","damage_taken":0,"max_hp_gain":0,"max_hp_loss":0,"event_name":"Living Wall","floor":5,"gold_loss":0,"cards_obtained":["Skewer"]},{"damage_healed":0,"gold_gain":30,"player_choice":"Searched \u00271\u0027 times","damage_taken":0,"max_hp_gain":0,"max_hp_loss":0,"event_name":"Dead Adventurer","floor":13,"gold_loss":0},{"damage_healed":0,"gold_gain":99,"player_choice":"Stole From Cult","damage_taken":0,"max_hp_gain":0,"max_hp_loss":0,"event_name":"Nest","floor":20,"gold_loss":0}],"is_beta":false,"boss_relics":[{"not_picked":["Calling Bell","Snecko Eye"],"picked":"Ring of the Serpent"}],"items_purged_floors":[19,21],"is_endless":false,"potions_floor_spawned":[3,12,18,27,28],"killed_by":"Snecko","ascension_level":10}