{"gold_per_floor":[112,125,139,139,154,154,170,188,188,216,227,227,254,273,273,371,371,382,172,185,202,202,202,237,44,44,63,79,89,89,100,100,197,197,210,170,184,194,213,213,246,246,246,263,278,290,306,320,320,320],"floor_reached":51,"playtime":3063,"items_purged":[],"score":823,"play_id":"8d8c0856-b12d-4665-94ed-b3684ee8cb08","local_time":"20190321224929","is_ascension_mode":false,"campfire_choices":[{"data":"Pommel Strike","floor":6,"key":"SMITH"},{"data":"Brutality","floor":15,"key":"SMITH"},{"data":"Metamorphosis","floor":23,"key":"SMITH"},{"data":"Feed","floor":30,"key":"SMITH"},{"data":"Armaments","floor":32,"key":"SMITH"},{"floor":40,"key":"REST"},{"data":"1","floor":42,"key":"LIFT"},{"floor":49,"key":"REST"}],"neow_cost":"NONE","seed_source_timestamp":109509259937497,"circlet_count":0,"master_deck":["Strike_R+1","Strike_R","Strike_R+1","Strike_R","Strike_R","Defend_R","Defend_R","Defend_R","Defend_R","Bash+1","Pommel Strike+1","Perfected Strike","Reaper","Dropkick","Headbutt","Brutality+1","Thunderclap","Feel No Pain","Cleave","Bludgeon","Metallicize+1","Warcry","Metamorphosis+1","Feed+1","Dropkick","Perfected Strike","Armaments+1","Feed","Carnage","Flex+1","Pummel","Headbutt+1","Thunderclap+1","Inflame+1","Evolve"],"relics":["Burning Blood","Mummified Hand","Gambling Chip","Happy Flower","Mark of Pain","Ornamental Fan","Lee\u0027s Waffle","Meat on the Bone","Fusion Hammer","Girya","Question Card"],"potions_floor_usage":[5,18,24,33,33,33,38,39,41,41,41,45,50],"damage_taken":[{"damage":6,"enemies":"Jaw Worm","floor":1,"turns":3},{"damage":5,"enemies":"Small Slimes","floor":2,"turns":3},{"damage":6,"enemies":"2 Louse","floor":3,"turns":2},{"damage":10,"enemies":"Exordium Thugs","floor":5,"turns":4},{"damage":16,"enemies":"Gremlin Gang","floor":7,"turns":4},{"damage":5,"enemies":"Large Slime","floor":8,"turns":7},{"damage":35,"enemies":"3 Sentries","floor":10,"turns":8},{"damage":10,"enemies":"Blue Slaver","floor":11,"turns":3},{"damage":4,"enemies":"Gremlin Nob","floor":13,"turns":3},{"damage":10,"enemies":"3 Louse","floor":14,"turns":2},{"damage":4,"enemies":"Slime Boss","floor":16,"turns":5},{"damage":11,"enemies":"3 Byrds","floor":18,"turns":4},{"damage":17,"enemies":"Spheric Guardian","floor":20,"turns":4},{"damage":31,"enemies":"Snake Plant","floor":21,"turns":4},{"damage":12,"enemies":"Book of Stabbing","floor":24,"turns":4},{"damage":21,"enemies":"Centurion and Healer","floor":27,"turns":3},{"damage":23,"enemies":"Cultist and Chosen","floor":28,"turns":5},{"damage":14,"enemies":"Snecko","floor":29,"turns":4},{"damage":21,"enemies":"Centurion and Healer","floor":31,"turns":4},{"damage":48,"enemies":"Automaton","floor":33,"turns":8},{"damage":7,"enemies":"Orb Walker","floor":35,"turns":2},{"damage":40,"enemies":"3 Shapes","floor":37,"turns":5},{"damage":36,"enemies":"Maw","floor":38,"turns":6},{"damage":27,"enemies":"Writhing Mass","floor":39,"turns":4},{"damage":65,"enemies":"Nemesis","floor":41,"turns":5},{"damage":35,"enemies":"4 Shapes","floor":44,"turns":4},{"damage":28,"enemies":"Jaw Worm Horde","floor":45,"turns":4},{"damage":16,"enemies":"Maw","floor":46,"turns":6},{"damage":31,"enemies":"4 Shapes","floor":47,"turns":9},{"damage":26,"enemies":"Spire Growth","floor":48,"turns":4},{"damage":86,"enemies":"Donu and Deca","floor":50,"turns":8}],"seed_played":"8410962675805989570","potions_obtained":[{"floor":1,"key":"Strength Potion"},{"floor":7,"key":"Ancient Potion"},{"floor":10,"key":"FearPotion"},{"floor":11,"key":"SteroidPotion"},{"floor":20,"key":"Explosive Potion"},{"floor":21,"key":"Block Potion"},{"floor":27,"key":"FearPotion"},{"floor":36,"key":"Fire Potion"},{"floor":36,"key":"EntropicBrew"},{"floor":36,"key":"Poison Potion"},{"floor":41,"key":"Energy Potion"},{"floor":44,"key":"Regen Potion"},{"floor":45,"key":"Dexterity Potion"},{"floor":48,"key":"Swift Potion"}],"is_trial":false,"path_per_floor":["M","M","M","?","M","R","M","M","T","E","M","?","E","M","R","B",null,"M","$","M","M","?","R","E","$","T","M","M","M","R","M","R","B",null,"M","?","M","M","M","R","E","R","T","M","M","M","M","M","R","B",null],"character_chosen":"IRONCLAD","items_purchased":["Warcry","Metamorphosis","Lee\u0027s Waffle"],"campfire_rested":2,"item_purchase_floors":[19,19,25],"current_hp_per_floor":[80,80,80,64,60,60,66,71,71,54,50,55,61,57,57,59,85,85,85,74,49,49,49,43,92,92,77,63,59,59,66,66,36,96,98,98,73,61,52,83,46,46,46,52,64,71,92,72,108,60],"gold":320,"neow_bonus":"UPGRADE_CARD","is_prod":false,"is_daily":false,"chose_seed":false,"campfire_upgraded":5,"win_rate":0,"timestamp":1553222969,"path_taken":["M","M","M","?","M","R","M","M","T","E","M","?","E","M","R","BOSS","M","$","M","M","?","R","E","$","T","M","M","M","R","M","R","BOSS","M","?","M","M","M","R","E","R","T","?","M","M","M","M","R","BOSS"],"build_version":"2019-01-23","purchased_purges":0,"victory":true,"max_hp_per_floor":[80,80,80,80,80,80,80,80,80,80,80,85,85,85,85,85,85,85,85,85,85,85,85,85,92,92,92,92,92,92,96,96,96,96,99,99,106,106,106,106,106,106,106,109,113,113,120,120,120,120],"card_choices":[{"not_picked":["Uppercut","Flex"],"picked":"Pommel Strike","floor":1},{"not_picked":["Clothesline","Anger"],"picked":"Perfected Strike","floor":2},{"not_picked":["Flex","Evolve"],"picked":"Reaper","floor":3},{"not_picked":["Heavy Blade","Shrug It Off"],"picked":"Dropkick","floor":5},{"not_picked":["Ghostly Armor","Havoc"],"picked":"Headbutt","floor":7},{"not_picked":["Wild Strike","Shockwave","Dropkick"],"picked":"SKIP","floor":8},{"not_picked":["Havoc","Battle Trance"],"picked":"Brutality","floor":10},{"not_picked":["Power Through","Iron Wave"],"picked":"Thunderclap","floor":11},{"not_picked":["Immolate","Thunderclap"],"picked":"Feel No Pain","floor":13},{"not_picked":["Clothesline","Wild Strike"],"picked":"Cleave","floor":14},{"not_picked":["Exhume","Impervious"],"picked":"Bludgeon","floor":16},{"not_picked":["Pummel+1","Sever Soul+1"],"picked":"Metallicize+1","floor":18},{"not_picked":["Sword Boomerang","True Grit+1","Heavy Blade"],"picked":"SKIP","floor":20},{"not_picked":["Iron Wave","Perfected Strike"],"picked":"Rupture","floor":21},{"not_picked":["Whirlwind","Heavy Blade"],"picked":"Feed","floor":24},{"not_picked":["Twin Strike","Warcry"],"picked":"Dropkick","floor":27},{"not_picked":["Sever Soul","Clothesline","Second Wind"],"picked":"SKIP","floor":28},{"not_picked":["Rage","Cleave+1"],"picked":"Perfected Strike","floor":29},{"not_picked":["Reckless Charge","Twin Strike"],"picked":"Armaments","floor":31},{"not_picked":["Immolate","Exhume"],"picked":"Feed","floor":33},{"not_picked":["Body Slam","Anger","Infernal Blade"],"picked":"SKIP","floor":35},{"not_picked":["Entrench+1","Heavy Blade+1","Clothesline"],"picked":"SKIP","floor":37},{"not_picked":["True Grit","Body Slam"],"picked":"Carnage","floor":38},{"not_picked":["Infernal Blade+1","Shrug It Off+1"],"picked":"Flex+1","floor":39},{"not_picked":["Body Slam+1","Dropkick"],"picked":"Pummel","floor":41},{"not_picked":["Spot Weakness+1","True Grit","Feel No Pain+1"],"picked":"Headbutt+1","floor":44},{"not_picked":["Wild Strike+1","Armaments","Bloodletting"],"picked":"Thunderclap+1","floor":45},{"not_picked":["True Grit","Thunderclap+1","Fiend Fire"],"picked":"Inflame+1","floor":46},{"not_picked":["Twin Strike","Shrug It Off","Flex"],"picked":"Evolve","floor":47},{"not_picked":["Twin Strike","True Grit+1","Bloodletting","Iron Wave+1"],"picked":"SKIP","floor":48}],"player_experience":62087,"relics_obtained":[{"floor":9,"key":"Mummified Hand"},{"floor":10,"key":"Gambling Chip"},{"floor":13,"key":"Happy Flower"},{"floor":24,"key":"Ornamental Fan"},{"floor":26,"key":"Meat on the Bone"},{"floor":41,"key":"Girya"},{"floor":43,"key":"Question Card"}],"event_choices":[{"damage_healed":0,"gold_gain":0,"player_choice":"Entered Light","damage_taken":16,"max_hp_gain":0,"max_hp_loss":0,"event_name":"Shining Light","floor":4,"gold_loss":0,"cards_upgraded":["Strike_R","Strike_R"]},{"damage_healed":0,"gold_gain":0,"player_choice":"Donut","damage_taken":0,"max_hp_gain":5,"max_hp_loss":0,"event_name":"Big Fish","floor":12,"gold_loss":0},{"cards_removed":["Rupture"],"damage_healed":0,"gold_gain":0,"player_choice":"Card Removal","damage_taken":0,"max_hp_gain":0,"max_hp_loss":0,"event_name":"Wheel of Change","floor":22,"gold_loss":0},{"damage_healed":0,"gold_gain":0,"player_choice":"Bought 3 Potions","damage_taken":0,"max_hp_gain":0,"max_hp_loss":0,"event_name":"The Woman in Blue","floor":36,"gold_loss":0}],"is_beta":false,"boss_relics":[{"not_picked":["Sozu","Ectoplasm"],"picked":"Mark of Pain"},{"not_picked":["Astrolabe","Black Blood"],"picked":"Fusion Hammer"}],"items_purged_floors":[],"is_endless":false,"potions_floor_spawned":[1,7,10,11,16,20,21,27,29,31,41,44,45,47,48],"ascension_level":0}