{"gold_per_floor":[117,137,155,105,72,72,88,88,141,158,188,188,188,208,208,304,304,315,328,328,341,341,341,356,356,380,395,395,395,405,405,405,506,506,524,66,84,96,0,0,0,15,15,29,46,56,56,67,67,67],"floor_reached":51,"playtime":3812,"items_purged":["Defend_G"],"score":655,"play_id":"2c647f72-720c-42d5-81d1-c944cd72b0f7","local_time":"20190526151220","is_ascension_mode":false,"campfire_choices":[{"data":"Noxious Fumes","floor":6,"key":"SMITH"},{"data":"Bouncing Flask","floor":8,"key":"SMITH"},{"data":"Deadly Poison","floor":13,"key":"SMITH"},{"data":"Neutralize","floor":15,"key":"SMITH"},{"data":"Blur","floor":23,"key":"SMITH"},{"data":"Footwork","floor":29,"key":"SMITH"},{"data":"Catalyst","floor":32,"key":"SMITH"},{"data":"Backflip","floor":40,"key":"SMITH"},{"data":"Corpse Explosion","floor":47,"key":"SMITH"},{"data":"Die Die Die","floor":49,"key":"SMITH"}],"neow_cost":"NONE","seed_source_timestamp":913616476778000,"circlet_count":0,"master_deck":["Defend_G","Defend_G","Defend_G","Defend_G","Survivor+1","Neutralize+1","Backflip+1","Bouncing Flask+1","Noxious Fumes+1","Bane","Deadly Poison+1","Die Die Die+1","Terror+1","Blur+1","Bite","Bite","Bite","Bite","Bite","Footwork+1","Corpse Explosion+1","Catalyst+1","Blur+1","Parasite"],"relics":["Velvet Choker","Ancient Tea Set","Strawberry","Coffee Dripper","The Courier","Bag of Marbles","Singing Bowl","Busted Crown","TwistedFunnel","Thread and Needle","Red Mask","Blue Candle"],"potions_floor_usage":[33,50,50],"damage_taken":[{"damage":0,"enemies":"Jaw Worm","floor":1,"turns":5},{"damage":0,"enemies":"Small Slimes","floor":2,"turns":3},{"damage":0,"enemies":"Cultist","floor":3,"turns":4},{"damage":5,"enemies":"3 Louse","floor":7,"turns":4},{"damage":8,"enemies":"Gremlin Gang","floor":10,"turns":4},{"damage":8,"enemies":"Lagavulin","floor":11,"turns":5},{"damage":0,"enemies":"Exordium Wildlife","floor":14,"turns":3},{"damage":16,"enemies":"Slime Boss","floor":16,"turns":9},{"damage":5,"enemies":"Spheric Guardian","floor":18,"turns":3},{"damage":0,"enemies":"Shell Parasite","floor":19,"turns":3},{"damage":22,"enemies":"Snake Plant","floor":21,"turns":4},{"damage":10,"enemies":"Snecko","floor":24,"turns":5},{"damage":11,"enemies":"Shelled Parasite and Fungi","floor":27,"turns":5},{"damage":16,"enemies":"Chosen and Byrds","floor":30,"turns":6},{"damage":17,"enemies":"Collector","floor":33,"turns":8},{"damage":0,"enemies":"3 Shapes","floor":35,"turns":2},{"damage":7,"enemies":"3 Darklings","floor":37,"turns":3},{"damage":0,"enemies":"Sphere and 2 Shapes","floor":38,"turns":4},{"damage":0,"enemies":"Transient","floor":42,"turns":5},{"damage":0,"enemies":"Writhing Mass","floor":44,"turns":3},{"damage":0,"enemies":"Sphere and 2 Shapes","floor":45,"turns":4},{"damage":0,"enemies":"4 Shapes","floor":46,"turns":5},{"damage":0,"enemies":"3 Darklings","floor":48,"turns":3},{"damage":14,"enemies":"Awakened One","floor":50,"turns":14}],"seed_played":"-3568311468160412585","potions_obtained":[{"floor":1,"key":"SteroidPotion"},{"floor":7,"key":"EssenceOfSteel"},{"floor":16,"key":"SpeedPotion"},{"floor":18,"key":"Dexterity Potion"},{"floor":30,"key":"GhostInAJar"},{"floor":35,"key":"AttackPotion"},{"floor":44,"key":"Block Potion"},{"floor":48,"key":"GhostInAJar"}],"is_trial":false,"path_per_floor":["M","M","M","?","$","R","M","R","T","M","E","?","R","M","R","B",null,"M","M","T","M","?","R","M","?","T","M","?","R","M","?","R","B",null,"M","$","M","M","?","R","?","M","T","M","M","M","R","M","R","B",null],"character_chosen":"THE_SILENT","items_purchased":["Noxious Fumes","TwistedFunnel","Thread and Needle"],"campfire_rested":0,"item_purchase_floors":[5,36,36],"current_hp_per_floor":[70,70,70,70,70,70,65,65,65,57,56,56,56,56,56,40,77,72,72,72,50,50,50,40,40,40,43,43,43,39,39,39,38,55,57,57,54,61,61,61,61,63,63,65,67,69,69,71,71,71],"gold":67,"neow_bonus":"BOSS_RELIC","is_prod":false,"is_daily":false,"chose_seed":false,"campfire_upgraded":10,"win_rate":0,"timestamp":1558897940,"path_taken":["M","M","M","?","$","R","M","R","T","M","E","?","R","M","R","BOSS","M","M","?","M","?","R","?","?","T","M","?","R","M","?","R","BOSS","M","$","M","M","?","R","?","M","T","M","M","?","R","M","R","BOSS"],"build_version":"2019-01-23","purchased_purges":1,"victory":true,"max_hp_per_floor":[70,70,70,70,70,70,70,70,70,70,77,77,77,77,77,77,77,77,77,77,77,77,77,77,53,53,53,53,53,53,53,53,55,55,57,57,59,61,61,61,61,63,63,65,67,69,69,71,71,71],"card_choices":[{"not_picked":["Riddle With Holes","Blade Dance","Slice"],"picked":"SKIP","floor":1},{"not_picked":["Blade Dance","PiercingWail"],"picked":"Backflip","floor":2},{"not_picked":["Masterful Stab","Infinite Blades"],"picked":"Bouncing Flask","floor":3},{"not_picked":["Blade Dance","Slice"],"picked":"Bane","floor":7},{"not_picked":["Sucker Punch","Riddle With Holes"],"picked":"Deadly Poison","floor":10},{"not_picked":["Infinite Blades","Setup","Heel Hook"],"picked":"SKIP","floor":11},{"not_picked":["PiercingWail","Underhanded Strike","Bane"],"picked":"SKIP","floor":14},{"not_picked":["Phantasmal Killer","Doppelganger"],"picked":"Die Die Die","floor":16},{"not_picked":["Deflect","Flying Knee+1","Prepared"],"picked":"SKIP","floor":18},{"not_picked":["Flying Knee","Malaise"],"picked":"Terror+1","floor":19},{"not_picked":["Sucker Punch","Heel Hook"],"picked":"Blur","floor":21},{"not_picked":["Poisoned Stab","Sucker Punch","Underhanded Strike"],"picked":"SKIP","floor":24},{"not_picked":["PiercingWail","Heel Hook+1"],"picked":"Footwork","floor":27},{"not_picked":["Skewer","Dagger Throw"],"picked":"Corpse Explosion","floor":30},{"not_picked":["Corpse Explosion","Wraith Form v2","Glass Knife"],"picked":"Singing Bowl","floor":33},{"not_picked":["Flying Knee+1"],"picked":"Singing Bowl","floor":35},{"not_picked":["Deadly Poison+1"],"picked":"Singing Bowl","floor":37},{"not_picked":["Underhanded Strike"],"picked":"Singing Bowl","floor":38},{"not_picked":["Deadly Poison"],"picked":"Singing Bowl","floor":42},{"not_picked":["Flying Knee+1"],"picked":"Singing Bowl","floor":44},{"not_picked":["Flying Knee+1"],"picked":"Singing Bowl","floor":45},{"not_picked":["Flying Knee"],"picked":"Singing Bowl","floor":46},{"not_picked":["Dagger Throw+1"],"picked":"Singing Bowl","floor":48}],"player_experience":923076,"relics_obtained":[{"floor":9,"key":"Ancient Tea Set"},{"floor":11,"key":"Strawberry"},{"floor":20,"key":"The Courier"},{"floor":26,"key":"Bag of Marbles"},{"floor":43,"key":"Blue Candle"}],"event_choices":[{"cards_removed":["Strike_G"],"damage_healed":0,"gold_gain":0,"player_choice":"Card Removal","damage_taken":0,"max_hp_gain":0,"max_hp_loss":0,"event_name":"The Cleric","floor":4,"gold_loss":50},{"damage_healed":0,"gold_gain":0,"player_choice":"Upgraded","damage_taken":0,"max_hp_gain":0,"max_hp_loss":0,"event_name":"Upgrade Shrine","floor":12,"gold_loss":0,"cards_upgraded":["Survivor"]},{"damage_healed":0,"gold_gain":0,"player_choice":"Ignored","damage_taken":0,"max_hp_gain":0,"max_hp_loss":0,"event_name":"NoteForYourself","floor":22,"gold_loss":0},{"damage_healed":0,"gold_gain":0,"player_choice":"Became a vampire","damage_taken":0,"max_hp_gain":0,"max_hp_loss":24,"event_name":"Vampires","floor":25,"gold_loss":0,"cards_obtained":["Bite","Bite","Bite","Bite","Bite"]},{"damage_healed":0,"gold_gain":0,"player_choice":"Opened","damage_taken":0,"relics_obtained":["Singing Bowl"],"max_hp_gain":0,"max_hp_loss":0,"event_name":"The Mausoleum","floor":28,"gold_loss":0},{"damage_healed":0,"gold_gain":0,"player_choice":"Read","damage_taken":0,"max_hp_gain":0,"max_hp_loss":0,"event_name":"The Library","floor":31,"gold_loss":0,"cards_obtained":["Catalyst"]},{"damage_healed":0,"gold_gain":0,"player_choice":"Paid","damage_taken":0,"relics_obtained":["Red Mask"],"max_hp_gain":0,"max_hp_loss":0,"event_name":"Tomb of Lord Red Mask","floor":39,"gold_loss":96},{"damage_healed":0,"gold_gain":0,"player_choice":"Copied","damage_taken":0,"max_hp_gain":0,"max_hp_loss":0,"event_name":"Duplicator","floor":41,"gold_loss":0,"cards_obtained":["Blur"]}],"is_beta":false,"boss_relics":[{"not_picked":["Astrolabe","Calling Bell"],"picked":"Coffee Dripper"},{"not_picked":["Eternal Feather","Pandora\u0027s Box"],"picked":"Busted Crown"}],"items_purged_floors":[36],"is_endless":false,"potions_floor_spawned":[1,7,16,18,30,35,42,44,48],"ascension_level":0}