{"gold_per_floor":[115,65,79,91,110,141,157,157],"floor_reached":8,"playtime":640,"items_purged":[],"score":81,"play_id":"2df6ad18-2899-42ca-8881-49364074bfee","local_time":"20190517162811","is_ascension_mode":true,"campfire_choices":[],"neow_cost":"NONE","seed_source_timestamp":119982464281307,"circlet_count":0,"master_deck":["Strike_B","Strike_B","Strike_B","Defend_B","Defend_B","Defend_B","Defend_B","Zap","Dualcast","Defragment","Defragment","Beam Cell","Sweeping Beam","BootSequence"],"relics":["Cracked Core","Mummified Hand"],"potions_floor_usage":[6,7],"damage_taken":[{"damage":7,"enemies":"Jaw Worm","floor":1,"turns":3},{"damage":1,"enemies":"2 Louse","floor":3,"turns":3},{"damage":0,"enemies":"Small Slimes","floor":4,"turns":3},{"damage":24,"enemies":"Exordium Thugs","floor":5,"turns":4},{"damage":40,"enemies":"3 Sentries","floor":6,"turns":10},{"damage":1,"enemies":"3 Louse","floor":7,"turns":3},{"damage":10,"enemies":"Lagavulin","floor":8,"turns":2}],"seed_played":"-2649597934663757464","potions_obtained":[{"floor":1,"key":"Weak Potion"},{"floor":5,"key":"SkillPotion"}],"is_trial":false,"path_per_floor":["M","?","M","M","M","E","M","E"],"character_chosen":"DEFECT","items_purchased":[],"campfire_rested":0,"item_purchase_floors":[],"current_hp_per_floor":[68,68,67,67,43,3,2,0],"gold":157,"neow_bonus":"TEN_PERCENT_HP_BONUS","is_prod":false,"is_daily":false,"chose_seed":false,"campfire_upgraded":0,"win_rate":0,"timestamp":1558124891,"path_taken":["M","?","M","M","M","E","M","E"],"build_version":"2019-01-23","purchased_purges":0,"victory":false,"max_hp_per_floor":[82,82,82,82,82,82,82,82],"card_choices":[{"not_picked":["Redo","Conserve Battery"],"picked":"Defragment","floor":1},{"not_picked":["Go for the Eyes","Skim"],"picked":"Defragment","floor":3},{"not_picked":["Force Field","Sunder"],"picked":"Beam Cell","floor":4},{"not_picked":["Stack","Static Discharge","Hologram"],"picked":"SKIP","floor":5},{"not_picked":["Turbo","Beam Cell"],"picked":"Sweeping Beam","floor":6},{"not_picked":["Redo","Reprogram"],"picked":"BootSequence","floor":7}],"player_experience":332206,"relics_obtained":[{"floor":6,"key":"Mummified Hand"}],"event_choices":[{"cards_removed":["Strike_B"],"damage_healed":0,"gold_gain":0,"player_choice":"Card Removal","damage_taken":0,"max_hp_gain":0,"max_hp_loss":0,"event_name":"The Cleric","floor":2,"gold_loss":50}],"is_beta":false,"boss_relics":[],"items_purged_floors":[],"is_endless":false,"potions_floor_spawned":[1,5],"killed_by":"Lagavulin","ascension_level":7}