{"gold_per_floor":[119,119,135,153,172,172,185,203,228,244,261,186,186,221,221,319,319,338,263,277,72,72,72,100,100,100,129,142,162,162,174,174,174],"floor_reached":33,"playtime":3321,"items_purged":["Decay","Masterful Stab"],"score":306,"play_id":"3d11d6bc-9d17-481d-a1b1-b65b2c0d5ebc","local_time":"20190609213400","is_ascension_mode":true,"campfire_choices":[{"data":"Neutralize","floor":6,"key":"SMITH"},{"data":"Endless Agony","floor":13,"key":"SMITH"},{"data":"Survivor","floor":15,"key":"SMITH"},{"data":"RitualDagger","floor":23,"key":"SMITH"},{"data":"Footwork","floor":25,"key":"SMITH"},{"data":"Distraction","floor":30,"key":"SMITH"},{"data":"Caltrops","floor":32,"key":"SMITH"}],"neow_cost":"NONE","seed_source_timestamp":2146656957025200,"circlet_count":0,"master_deck":["Survivor+1","Neutralize+1","Unload","Heel Hook","Endless Agony+1","Deadly Poison","Cloak And Dagger","Dagger Spray","Bouncing Flask","Venomology","Deadly Poison","Die Die Die","Calculated Gamble","Caltrops","Adrenaline","Corpse Explosion","Venomology","Reflex","All Out Attack","Glass Knife","Distraction+1","Footwork+1","Footwork+1","PiercingWail","RitualDagger+1","Caltrops+1","Deflect+1"],"relics":["Ring of the Snake","Orichalcum","Bag of Preparation","Pandora\u0027s Box","Potion Belt","Pear","Snake Skull"],"potions_floor_usage":[7,11,14,14,14,16,16,18,18,20,24,24,24,24,27,27,28,28,29,29,31,33,33,33],"damage_taken":[{"damage":0,"enemies":"2 Louse","floor":1,"turns":3},{"damage":0,"enemies":"Cultist","floor":3,"turns":4},{"damage":0,"enemies":"Jaw Worm","floor":4,"turns":4},{"damage":4,"enemies":"Gremlin Gang","floor":5,"turns":4},{"damage":19,"enemies":"Lots of Slimes","floor":7,"turns":5},{"damage":7,"enemies":"Looter","floor":8,"turns":3},{"damage":5,"enemies":"Gremlin Gang","floor":10,"turns":4},{"damage":2,"enemies":"Large Slime","floor":11,"turns":5},{"damage":11,"enemies":"3 Sentries","floor":14,"turns":8},{"damage":4,"enemies":"Hexaghost","floor":16,"turns":9},{"damage":1,"enemies":"Spheric Guardian","floor":18,"turns":3},{"damage":4,"enemies":"Chosen","floor":20,"turns":4},{"damage":3,"enemies":"Slavers","floor":24,"turns":3},{"damage":15,"enemies":"Book of Stabbing","floor":27,"turns":5},{"damage":0,"enemies":"Centurion and Healer","floor":28,"turns":5},{"damage":0,"enemies":"3 Cultists","floor":29,"turns":2},{"damage":9,"enemies":"Snake Plant","floor":31,"turns":5},{"damage":44,"enemies":"Champ","floor":33,"turns":10}],"seed_played":"623578819371826288","potions_obtained":[{"floor":1,"key":"GamblersBrew"},{"floor":7,"key":"Ancient Potion"},{"floor":10,"key":"AttackPotion"},{"floor":11,"key":"GamblersBrew"},{"floor":16,"key":"Ancient Potion"},{"floor":20,"key":"Poison Potion"},{"floor":24,"key":"Swift Potion"},{"floor":27,"key":"Weak Potion"},{"floor":28,"key":"Strength Potion"}],"is_trial":false,"path_per_floor":["M","?","M","M","M","R","M","M","T","M","M","$","R","E","R","B",null,"M","?","M","$","?","R","E","R","T","E","M","M","R","M","R","B"],"character_chosen":"THE_SILENT","items_purchased":["Footwork","PiercingWail"],"campfire_rested":0,"item_purchase_floors":[21,21],"current_hp_per_floor":[70,70,70,70,66,66,47,40,40,35,33,33,33,22,22,18,70,69,69,65,65,59,59,56,56,66,51,51,51,51,42,42,0],"gold":174,"neow_bonus":"ONE_RANDOM_RARE_CARD","is_prod":false,"is_daily":false,"chose_seed":false,"campfire_upgraded":7,"win_rate":0,"timestamp":1560130440,"path_taken":["M","?","M","M","M","R","?","M","T","M","?","$","R","E","R","BOSS","M","?","M","$","?","R","E","R","T","E","M","M","R","M","R","BOSS"],"build_version":"2019-01-23","purchased_purges":2,"victory":false,"max_hp_per_floor":[70,70,70,70,70,70,70,70,70,70,70,70,70,70,70,70,70,70,70,70,70,70,70,70,70,80,80,80,80,80,80,80,80],"card_choices":[{"not_picked":["Reflex","Setup"],"picked":"Heel Hook","floor":1},{"not_picked":["Underhanded Strike","Finisher"],"picked":"Endless Agony","floor":3},{"not_picked":["Riddle With Holes","Bane"],"picked":"Deadly Poison","floor":4},{"not_picked":["Quick Slash","Deflect"],"picked":"Cloak And Dagger","floor":5},{"not_picked":["Underhanded Strike","Bane"],"picked":"Dagger Spray","floor":7},{"not_picked":["Accuracy","Dagger Spray"],"picked":"Bouncing Flask","floor":8},{"not_picked":["Poisoned Stab","Sucker Punch"],"picked":"Venomology","floor":10},{"not_picked":["Tactician","Slice"],"picked":"Deadly Poison","floor":11},{"not_picked":["Storm of Steel","Slice","Predator"],"picked":"SKIP","floor":14},{"not_picked":["Wraith Form v2","Bullet Time"],"picked":"Die Die Die","floor":16},{"not_picked":["Underhanded Strike","Slice"],"picked":"Distraction","floor":18},{"not_picked":["Outmaneuver","Flechettes"],"picked":"Footwork+1","floor":20},{"not_picked":["Quick Slash+1","Predator"],"picked":"Caltrops","floor":24},{"not_picked":["Bane","Infinite Blades","Flying Knee"],"picked":"SKIP","floor":27},{"not_picked":["Flying Knee","Blade Dance"],"picked":"Deflect+1","floor":28},{"not_picked":["Skewer","Storm of Steel","Underhanded Strike"],"picked":"SKIP","floor":29},{"not_picked":["Outmaneuver","Backstab","Slice"],"picked":"SKIP","floor":31}],"player_experience":1225430,"relics_obtained":[{"floor":9,"key":"Orichalcum"},{"floor":14,"key":"Bag of Preparation"},{"floor":24,"key":"Potion Belt"},{"floor":26,"key":"Pear"},{"floor":27,"key":"Snake Skull"}],"event_choices":[{"damage_healed":0,"gold_gain":0,"player_choice":"Cursed","damage_taken":0,"max_hp_gain":0,"max_hp_loss":0,"event_name":"Wheel of Change","floor":2,"gold_loss":0,"cards_obtained":["Decay"]},{"cards_removed":["Infinite Blades"],"damage_healed":0,"gold_gain":0,"player_choice":"Gave Gold","damage_taken":0,"max_hp_gain":0,"max_hp_loss":0,"event_name":"Beggar","floor":19,"gold_loss":75},{"damage_healed":0,"gold_gain":0,"player_choice":"Joined the Cult","damage_taken":6,"max_hp_gain":0,"max_hp_loss":0,"event_name":"Nest","floor":22,"gold_loss":0,"cards_obtained":["RitualDagger"]}],"is_beta":false,"boss_relics":[{"not_picked":["Fusion Hammer","Black Star"],"picked":"Pandora\u0027s Box"}],"items_purged_floors":[12,21],"is_endless":false,"potions_floor_spawned":[1,7,10,11,16,20,24,27,28],"killed_by":"Champ","ascension_level":1}