{"gold_per_floor":[112,132,132,152,327,359,377,88,137,151,213,313,333,346,346,442,442,454,454,466,145,161,189,202,202,229,31,31,31,49,63,63,161,161,180,280,290,307,323,357,367,367,367,380,380,380,395,57,57,57],"floor_reached":51,"playtime":2722,"items_purged":["Strike_B","Strike_B"],"score":715,"play_id":"536d6bbb-def2-49d7-a3ad-9e9c9ee0baef","local_time":"20190322194947","is_ascension_mode":false,"campfire_choices":[{"data":"Heatsinks","floor":15.0,"key":"SMITH"},{"floor":25.0,"key":"REST"},{"floor":28.0,"key":"REST"},{"floor":32.0,"key":"REST"},{"floor":42,"key":"REST"},{"floor":45,"key":"REST"},{"floor":49,"key":"REST"}],"neow_cost":"NONE","seed_source_timestamp":0,"circlet_count":0,"master_deck":["Strike_B","Strike_B","Defend_B","Defend_B","Defend_B","Zap+1","Dualcast","Darkness","Sweeping Beam","Sweeping Beam","Defragment","Heatsinks","Bandage Up","Barrage","Chill","White Noise","Compile Driver","Heatsinks+1","Rainbow","Genetic Algorithm","Rainbow","Storm","Violence","Redo","Storm","Compile Driver","Defragment+1","Echo Form","Gash","Sunder+1","Sweeping Beam+1","Go for the Eyes+1","Compile Driver+1"],"special_seed":0,"relics":["Cracked Core","Meat on the Bone","Blood Vial","Potion Belt","Tiny Chest","Fusion Hammer","Orichalcum","Lantern","OrangePellets","Letter Opener","Inserter","Thread and Needle","Dodecahedron","Molten Egg 2","Gremlin Horn"],"potions_floor_usage":[39,40,44,50],"damage_taken":[{"damage":1.0,"enemies":"Jaw Worm","floor":1.0,"turns":3.0},{"damage":0.0,"enemies":"Small Slimes","floor":2.0,"turns":2.0},{"damage":1.0,"enemies":"Cultist","floor":4.0,"turns":3.0},{"damage":26.0,"enemies":"Lagavulin","floor":6.0,"turns":5.0},{"damage":16.0,"enemies":"2 Fungi Beasts","floor":7.0,"turns":3.0},{"damage":22.0,"enemies":"Gremlin Gang","floor":10.0,"turns":4.0},{"damage":13.0,"enemies":"3 Sentries","floor":11.0,"turns":4.0},{"damage":14.0,"enemies":"Blue Slaver","floor":13.0,"turns":3.0},{"damage":13.0,"enemies":"Exordium Wildlife","floor":14.0,"turns":4.0},{"damage":36.0,"enemies":"Hexaghost","floor":16.0,"turns":9.0},{"damage":34.0,"enemies":"2 Thieves","floor":18.0,"turns":3.0},{"damage":0.0,"enemies":"3 Byrds","floor":20.0,"turns":4.0},{"damage":21.0,"enemies":"Snecko","floor":22.0,"turns":6.0},{"damage":35.0,"enemies":"Book of Stabbing","floor":23.0,"turns":5.0},{"damage":17.0,"enemies":"Snake Plant","floor":24.0,"turns":3.0},{"damage":7.0,"enemies":"Cultist and Chosen","floor":30.0,"turns":5.0},{"damage":7.0,"enemies":"3 Cultists","floor":31.0,"turns":3.0},{"damage":27.0,"enemies":"Collector","floor":33.0,"turns":8.0},{"damage":21.0,"enemies":"3 Shapes","floor":35.0,"turns":3.0},{"damage":7.0,"enemies":"Mind Bloom Boss Battle","floor":36.0,"turns":5.0},{"damage":8.0,"enemies":"3 Darklings","floor":37.0,"turns":6.0},{"damage":7.0,"enemies":"4 Shapes","floor":38.0,"turns":4.0},{"damage":0,"enemies":"Transient","floor":39,"turns":5},{"damage":71,"enemies":"Nemesis","floor":40,"turns":5},{"damage":24,"enemies":"Writhing Mass","floor":41,"turns":7},{"damage":9,"enemies":"Maw","floor":44,"turns":6},{"damage":17,"enemies":"Sphere and 2 Shapes","floor":47,"turns":4},{"damage":31,"enemies":"Time Eater","floor":50,"turns":7}],"seed_played":"-4219877302081892846","potions_obtained":[{"floor":1.0,"key":"EssenceOfSteel"},{"floor":7.0,"key":"Fire Potion"},{"floor":10.0,"key":"AttackPotion"},{"floor":14.0,"key":"Poison Potion"},{"floor":16.0,"key":"SpeedPotion"},{"floor":20.0,"key":"PowerPotion"},{"floor":24.0,"key":"Weak Potion"},{"floor":30.0,"key":"FearPotion"},{"floor":35.0,"key":"EssenceOfSteel"},{"floor":39,"key":"Regen Potion"},{"floor":40,"key":"Regen Potion"},{"floor":41,"key":"Strength Potion"},{"floor":44,"key":"Energy Potion"}],"is_trial":false,"path_per_floor":["M","M","?","M","?","E","M","$","T","M","E","?","M","M","R","B",null,"M","?","M","$","M","E","M","R","T","$","R","?","M","M","R","B",null,"M","?","M","M","M","E","M","R","T","M","R","?","M","$","R","B",null],"character_chosen":"DEFECT","items_purchased":["Blood Vial","Bandage Up","Barrage","Storm","Violence","OrangePellets","Gremlin Horn"],"campfire_rested":6,"item_purchase_floors":[8,8,8,21,21,27,48],"current_hp_per_floor":[74,74,67,66,66,40,36,36,36,32,37,37,37,42,42,24,75,45,45,51,51,48,31,28,50,50,50,72,72,67,62,75,48,75,58,57,55,54,60,19,13,35,35,46,68,68,57,57,75,48],"gold":57,"neow_bonus":"UPGRADE_CARD","is_prod":false,"is_daily":false,"chose_seed":false,"campfire_upgraded":1,"win_rate":0,"timestamp":1553298587,"path_taken":["M","M","?","M","?","E","M","?","T","M","E","?","?","M","R","BOSS","M","?","?","$","M","E","M","R","T","$","R","?","M","M","R","BOSS","M","?","M","M","M","E","M","R","T","M","R","?","?","?","R","BOSS"],"build_version":"2019-01-23","purchased_purges":2,"victory":true,"max_hp_per_floor":[75,75,75,75,75,75,75,75,75,75,75,75,75,75,75,75,75,75,75,75,75,75,75,75,75,75,75,75,75,75,75,75,75,75,75,75,75,75,75,75,75,75,75,75,75,75,75,75,75,75],"card_choices":[{"not_picked":["Self Repair","Barrage"],"picked":"Darkness","floor":1.0},{"not_picked":["Rebound","Go for the Eyes"],"picked":"Sweeping Beam","floor":2.0},{"not_picked":["Fusion","Force Field"],"picked":"Sweeping Beam","floor":4.0},{"not_picked":["Steam Power","Ball Lightning"],"picked":"Defragment","floor":6.0},{"not_picked":["Hologram","Hello World"],"picked":"Heatsinks","floor":7.0},{"not_picked":["Turbo","Rip and Tear"],"picked":"Chill","floor":10.0},{"not_picked":["Barrage","Recycle"],"picked":"White Noise","floor":11.0},{"not_picked":["Turbo","Rip and Tear"],"picked":"Compile Driver","floor":13.0},{"not_picked":["Gash","Loop"],"picked":"Heatsinks","floor":14.0},{"not_picked":["Meteor Strike","Buffer"],"picked":"Rainbow","floor":16.0},{"not_picked":["Gash+1","Auto Shields"],"picked":"Genetic Algorithm","floor":18.0},{"not_picked":["Stack","Go for the Eyes","Cold Snap"],"picked":"SKIP","floor":20.0},{"not_picked":["Consume","Tempest"],"picked":"Redo","floor":22.0},{"not_picked":["Force Field+1","Creative AI"],"picked":"Storm","floor":23.0},{"not_picked":["Leap","Go for the Eyes","Rip and Tear"],"picked":"SKIP","floor":24.0},{"not_picked":["Ball Lightning","Darkness"],"picked":"Compile Driver","floor":30.0},{"not_picked":["Loop","All For One"],"picked":"Defragment+1","floor":31.0},{"not_picked":["Meteor Strike","Buffer"],"picked":"Echo Form","floor":33.0},{"not_picked":["Beam Cell","Stack+1"],"picked":"Gash","floor":35.0},{"not_picked":["Redo","Compile Driver"],"picked":"Sunder+1","floor":36.0},{"not_picked":["Leap+1","Stack","Chill+1"],"picked":"SKIP","floor":37.0},{"not_picked":["Beam Cell+1","Ball Lightning+1","Stack"],"picked":"SKIP","floor":38.0},{"not_picked":["Beam Cell","Barrage"],"picked":"Sweeping Beam+1","floor":39},{"not_picked":["Doom and Gloom+1","Rebound"],"picked":"Go for the Eyes+1","floor":40},{"not_picked":["Reinforced Body","Blizzard","White Noise"],"picked":"SKIP","floor":41},{"not_picked":["Core Surge+1","Stack+1","Tempest+1"],"picked":"SKIP","floor":44},{"not_picked":["Conserve Battery","Redo"],"picked":"Compile Driver+1","floor":47}],"player_experience":68042,"relics_obtained":[{"floor":6.0,"key":"Meat on the Bone"},{"floor":9.0,"key":"Potion Belt"},{"floor":11.0,"key":"Tiny Chest"},{"floor":23.0,"key":"Orichalcum"},{"floor":26.0,"key":"Lantern"},{"floor":36.0,"key":"Thread and Needle"},{"floor":40,"key":"Dodecahedron"},{"floor":43,"key":"Molten Egg 2"}],"event_choices":[{"cards_removed":["Defend_B"],"damage_healed":0.0,"max_hp_gain":0.0,"max_hp_loss":0.0,"gold_gain":0.0,"event_name":"Golden Wing","player_choice":"Card Removal","floor":3.0,"gold_loss":0.0,"damage_taken":7.0},{"damage_healed":0.0,"max_hp_gain":0.0,"max_hp_loss":0.0,"gold_gain":175.0,"event_name":"Liars Game","player_choice":"AGREE","floor":5.0,"gold_loss":0.0,"damage_taken":0.0,"cards_obtained":["Doubt"]},{"damage_healed":0.0,"max_hp_gain":0.0,"max_hp_loss":0.0,"gold_gain":100.0,"event_name":"Golden Shrine","player_choice":"Pray","floor":12.0,"gold_loss":0.0,"damage_taken":0.0},{"damage_healed":0.0,"max_hp_gain":0.0,"max_hp_loss":0.0,"gold_gain":0.0,"event_name":"Duplicator","player_choice":"Copied","floor":19.0,"gold_loss":0.0,"damage_taken":0.0,"cards_obtained":["Rainbow"]},{"damage_healed":0.0,"max_hp_gain":0.0,"max_hp_loss":0.0,"gold_gain":0.0,"event_name":"Addict","player_choice":"Stole Relic","floor":29.0,"gold_loss":0.0,"damage_taken":0.0,"relics_obtained":["Letter Opener"],"cards_obtained":["Shame"]},{"damage_healed":0.0,"max_hp_gain":0.0,"max_hp_loss":0.0,"gold_gain":0.0,"event_name":"MindBloom","player_choice":"Fight","floor":36.0,"gold_loss":0.0,"damage_taken":0.0},{"cards_removed":["Shame","Doubt"],"damage_healed":0,"gold_gain":0,"player_choice":"Removed Curses","damage_taken":0,"max_hp_gain":0,"max_hp_loss":0,"event_name":"Fountain of Cleansing","floor":46,"gold_loss":0}],"is_beta":false,"boss_relics":[{"not_picked":["Snecko Eye","Runic Dome"],"picked":"Fusion Hammer"},{"not_picked":["Orrery","FrozenCore"],"picked":"Inserter"}],"items_purged_floors":[21,48],"is_endless":false,"potions_floor_spawned":[1,7,10,14,16,20,24,30,35,39,40,41,44],"ascension_level":0}