{"gold_per_floor":[109,126,201,212,113,138,138,149,198,214,226,254,254,270,270,365,365,382,20,20,37,51,85,0,0,70,70,105,105,7,7,7,106,106,122,134,145,2,17,17,45,45,45,60,88,38,48,59,59,59,59,59,9,37,37],"floor_reached":55,"playtime":5266,"items_purged":["Strike_B","Strike_B","Strike_B","Strike_B","Defend_B","Parasite"],"score":1294,"play_id":"5369ddf6-26f6-4e33-8be8-bc63d5cac6b8","local_time":"20190524221731","is_ascension_mode":true,"campfire_choices":[{"data":"Zap","floor":7.0,"key":"SMITH"},{"data":"Fission","floor":13.0,"key":"SMITH"},{"data":"Coolheaded","floor":15.0,"key":"SMITH"},{"floor":25.0,"key":"REST"},{"floor":27.0,"key":"RECALL"},{"data":"Go for the Eyes","floor":29.0,"key":"SMITH"},{"floor":32.0,"key":"REST"},{"data":"Madness","floor":40.0,"key":"SMITH"},{"data":"Chill","floor":42.0,"key":"SMITH"},{"data":"Reprogram","floor":49,"key":"SMITH"},{"data":"Steam","floor":52,"key":"SMITH"}],"neow_cost":"NONE","seed_source_timestamp":0,"circlet_count":0,"master_deck":["AscendersBane","Defend_B","Defend_B","Defend_B","Zap+1","Dualcast","Blind","Self Repair","Glacier","Stack","Gash","Reprogram+1","Gash+1","Ball Lightning+1","Fission+1","Coolheaded+1","Storm+1","Electrodynamics+1","Steam+1","Coolheaded+1","Go for the Eyes+1","Biased Cognition+1","Gash","Stack","Chill+1","Reboot","Go for the Eyes","Hologram+1","Madness+1","Gash+1","Echo Form+1","Lockon+1","Steam+1","Beam Cell+1","Aggregate+1","Capacitor+1"],"special_seed":0,"relics":["Cracked Core","Frozen Egg 2","Smiling Mask","Whetstone","Sozu","Unceasing Top","Nilry\u0027s Codex","Letter Opener","Bag of Marbles","Lantern","Eternal Feather","Shuriken","Anchor","Symbiotic Virus","Boot"],"potions_floor_usage":[],"damage_taken":[{"damage":0.0,"enemies":"Small Slimes","floor":1.0,"turns":3.0},{"damage":2.0,"enemies":"Jaw Worm","floor":2.0,"turns":4.0},{"damage":0.0,"enemies":"2 Louse","floor":4.0,"turns":5.0},{"damage":8.0,"enemies":"Lagavulin","floor":6.0,"turns":11.0},{"damage":11.0,"enemies":"2 Fungi Beasts","floor":8.0,"turns":4.0},{"damage":1.0,"enemies":"Exordium Wildlife","floor":10.0,"turns":3.0},{"damage":4.0,"enemies":"Large Slime","floor":11.0,"turns":6.0},{"damage":0.0,"enemies":"3 Sentries","floor":12.0,"turns":12.0},{"damage":8.0,"enemies":"Blue Slaver","floor":14.0,"turns":3.0},{"damage":11.0,"enemies":"Slime Boss","floor":16.0,"turns":12.0},{"damage":0.0,"enemies":"3 Byrds","floor":18.0,"turns":3.0},{"damage":0.0,"enemies":"Spheric Guardian","floor":21.0,"turns":2.0},{"damage":38.0,"enemies":"Shelled Parasite and Fungi","floor":22.0,"turns":5.0},{"damage":0.0,"enemies":"Book of Stabbing","floor":23.0,"turns":5.0},{"damage":0.0,"enemies":"Gremlin Leader","floor":28.0,"turns":4.0},{"damage":71.0,"enemies":"Champ","floor":33.0,"turns":8.0},{"damage":0.0,"enemies":"3 Darklings","floor":35.0,"turns":2.0},{"damage":0.0,"enemies":"Orb Walker","floor":36.0,"turns":2.0},{"damage":2.0,"enemies":"Maw","floor":37.0,"turns":4.0},{"damage":26.0,"enemies":"Writhing Mass","floor":39.0,"turns":5.0},{"damage":0.0,"enemies":"Nemesis","floor":41.0,"turns":5.0},{"damage":0.0,"enemies":"Jaw Worm Horde","floor":44.0,"turns":1.0},{"damage":25.0,"enemies":"Giant Head","floor":45.0,"turns":6.0},{"damage":0.0,"enemies":"Transient","floor":47.0,"turns":5.0},{"damage":0.0,"enemies":"Writhing Mass","floor":48.0,"turns":5.0},{"damage":1,"enemies":"Donu and Deca","floor":50,"turns":5},{"damage":69,"enemies":"Shield and Spear","floor":54,"turns":7},{"damage":11,"enemies":"The Heart","floor":55,"turns":2}],"seed_played":"7266606732076168659","potions_obtained":[{"floor":4.0,"key":"Weak Potion"},{"floor":8.0,"key":"Explosive Potion"},{"floor":10.0,"key":"EssenceOfSteel"},{"floor":11.0,"key":"Block Potion"},{"floor":12.0,"key":"SmokeBomb"},{"floor":14.0,"key":"FocusPotion"}],"is_trial":false,"path_per_floor":["M","M","?","M","$","E","R","M","T","M","M","E","R","M","R","B",null,"M","$","?","M","M","E","?","R","T","R","E","R","$","?","R","B",null,"M","M","M","$","M","R","E","R","T","M","E","$","M","M","R","B",null,"R","$","E","B"],"character_chosen":"DEFECT","items_purchased":["Gash","Unceasing Top","Stack","Madness"],"campfire_rested":2,"item_purchase_floors":[5,19,30,38],"current_hp_per_floor":[68,73,62,69,69,68,68,64,64,63,66,73,73,72,72,68,73,75,75,59,59,28,35,35,57,57,57,57,57,57,57,75,11,59,59,59,64,64,45,63,63,75,75,75,57,57,64,64,75,75,75,75,72,10,0],"gold":37,"neow_bonus":"RANDOM_COLORLESS","is_prod":false,"is_daily":false,"chose_seed":false,"campfire_upgraded":8,"win_rate":0,"timestamp":1558750651,"path_taken":["M","M","?","M","$","E","R","M","T","M","M","E","R","M","R","BOSS","M","$","?","M","M","E","?","R","T","R","E","R","$","?","R","BOSS","M","M","M","$","M","R","E","R","T","M","E","$","M","M","R","BOSS","R","$","E","BOSS"],"build_version":"2019-01-23","purchased_purges":6,"victory":false,"max_hp_per_floor":[75,75,75,75,75,75,75,75,75,75,75,75,75,75,75,75,75,75,75,75,75,75,75,75,75,75,75,75,75,75,75,75,75,75,75,75,75,75,75,75,75,75,75,75,75,75,75,75,75,75,75,75,72,72,72],"card_choices":[{"not_picked":["Compile Driver","Hologram"],"picked":"Self Repair","floor":1.0},{"not_picked":["Compile Driver","Doom and Gloom"],"picked":"Glacier","floor":2.0},{"not_picked":["Force Field","Undo"],"picked":"Stack","floor":4.0},{"not_picked":["Darkness","Streamline"],"picked":"Reprogram","floor":6.0},{"not_picked":["Streamline","Conserve Battery"],"picked":"Gash","floor":8.0},{"not_picked":["Cold Snap","Sweeping Beam"],"picked":"Ball Lightning","floor":10.0},{"not_picked":["BootSequence","Turbo"],"picked":"Fission","floor":11.0},{"not_picked":["Streamline","Skim"],"picked":"Coolheaded","floor":12.0},{"not_picked":["Consume","Streamline"],"picked":"Storm+1","floor":14.0},{"not_picked":["Amplify","Reboot"],"picked":"Electrodynamics+1","floor":16.0},{"not_picked":["Compile Driver","Conserve Battery+1"],"picked":"Steam","floor":18.0},{"not_picked":["Cold Snap","Steam"],"picked":"Coolheaded+1","floor":21.0},{"not_picked":["Streamline","Ball Lightning"],"picked":"Go for the Eyes","floor":22.0},{"not_picked":["Stack","Leap"],"picked":"Biased Cognition+1","floor":23.0},{"not_picked":["Sweeping Beam","Go for the Eyes"],"picked":"Gash","floor":28.0},{"not_picked":["Hyperbeam","Electrodynamics+1"],"picked":"Reboot","floor":33.0},{"not_picked":["Leap+1","Coolheaded","Redo"],"picked":"SKIP","floor":35.0},{"not_picked":["Tempest","Barrage"],"picked":"Go for the Eyes","floor":36.0},{"not_picked":["Streamline","Melter"],"picked":"Hologram+1","floor":37.0},{"not_picked":["Stack","Melter"],"picked":"Gash+1","floor":39.0},{"not_picked":["Self Repair+1","Compile Driver"],"picked":"Echo Form+1","floor":41.0},{"not_picked":["Redo","Go for the Eyes+1"],"picked":"Lockon+1","floor":44.0},{"not_picked":["Coolheaded","Conserve Battery+1"],"picked":"Steam+1","floor":45.0},{"not_picked":["Chill+1","Redo"],"picked":"Beam Cell+1","floor":47.0},{"not_picked":["Loop+1","Compile Driver+1"],"picked":"Aggregate+1","floor":48},{"not_picked":["Darkness+1","FTL"],"picked":"Capacitor+1","floor":54}],"player_experience":387697,"relics_obtained":[{"floor":6.0,"key":"Frozen Egg 2"},{"floor":9.0,"key":"Smiling Mask"},{"floor":12.0,"key":"Whetstone"},{"floor":20.0,"key":"Nilry\u0027s Codex"},{"floor":23.0,"key":"Letter Opener"},{"floor":28.0,"key":"Lantern"},{"floor":41.0,"key":"Shuriken"},{"floor":43.0,"key":"Anchor"},{"floor":45.0,"key":"Symbiotic Virus"},{"floor":54,"key":"Boot"}],"event_choices":[{"damage_healed":0.0,"max_hp_gain":0.0,"max_hp_loss":0.0,"gold_gain":75.0,"event_name":"World of Goop","player_choice":"Gather Gold","floor":3.0,"gold_loss":0.0,"damage_taken":11.0},{"damage_healed":0.0,"max_hp_gain":0.0,"max_hp_loss":0.0,"gold_gain":0.0,"event_name":"Cursed Tome","player_choice":"Obtained Book","floor":20.0,"gold_loss":0.0,"damage_taken":16.0},{"damage_healed":0.0,"max_hp_gain":0.0,"max_hp_loss":0.0,"gold_gain":0.0,"event_name":"Addict","player_choice":"Obtained Relic","floor":24.0,"gold_loss":85.0,"damage_taken":0.0,"relics_obtained":["Bag of Marbles"]},{"damage_healed":0.0,"max_hp_gain":0.0,"max_hp_loss":0.0,"gold_gain":0.0,"event_name":"The Library","player_choice":"Read","floor":31.0,"gold_loss":0.0,"damage_taken":0.0,"cards_obtained":["Chill"]}],"is_beta":false,"boss_relics":[{"not_picked":["FrozenCore","Velvet Choker"],"picked":"Sozu"},{"not_picked":["Cursed Key","Snecko Eye"],"picked":"Eternal Feather"}],"items_purged_floors":[5,19,30,38,46,53],"is_endless":false,"potions_floor_spawned":[4,8,10,11,12,14,22,28,33,36,41,44,47],"killed_by":"The Heart","ascension_level":10}