{"gold_per_floor":[118,132,132,143,156,156,219,231,256,256,267,287,99,130,130,226,226,238,338,351,351,362,362,372,383,437,454,454],"floor_reached":28,"playtime":2736,"items_purged":[],"score":226,"play_id":"c28b5c87-da21-479a-a2b1-305c1a8d75a1","local_time":"20190531221807","is_ascension_mode":false,"campfire_choices":[{"data":"Infinite Blades","floor":6,"key":"SMITH"},{"floor":10,"key":"REST"},{"floor":15,"key":"REST"},{"floor":23,"key":"REST"}],"neow_cost":"NONE","seed_source_timestamp":3666881060202,"circlet_count":0,"master_deck":["Defend_G","Defend_G","Defend_G","Defend_G","Defend_G","Strike_G","Strike_G+1","Strike_G","Strike_G","Strike_G+1","Survivor","Neutralize","Infinite Blades+1","Leg Sweep","Dagger Spray","Noxious Fumes","Eviscerate","Dagger Spray","Finisher","Flying Knee","Noxious Fumes","Blade Dance","Malaise","Outmaneuver","Slice","Heel Hook","Prepared+1","Quick Slash","Outmaneuver","Flying Knee"],"relics":["Ring of the Snake","NeowsBlessing","Whetstone","Centennial Puzzle","Snake Skull","PreservedInsect","Busted Crown","Tingsha","Ornamental Fan","Boot"],"potions_floor_usage":[22,22,22,28],"damage_taken":[{"damage":0,"enemies":"2 Louse","floor":1,"turns":1},{"damage":0,"enemies":"Jaw Worm","floor":2,"turns":1},{"damage":0,"enemies":"Cultist","floor":4,"turns":1},{"damage":10,"enemies":"2 Fungi Beasts","floor":5,"turns":4},{"damage":30,"enemies":"3 Sentries","floor":7,"turns":8},{"damage":9,"enemies":"3 Louse","floor":8,"turns":4},{"damage":5,"enemies":"Looter","floor":11,"turns":4},{"damage":20,"enemies":"Exordium Wildlife","floor":12,"turns":4},{"damage":15,"enemies":"Gremlin Nob","floor":14,"turns":4},{"damage":9,"enemies":"Hexaghost","floor":16,"turns":9},{"damage":9,"enemies":"Shell Parasite","floor":18,"turns":6},{"damage":31,"enemies":"Colosseum Slavers","floor":19,"turns":5},{"damage":7,"enemies":"Colosseum Nobs","floor":19,"turns":4},{"damage":18,"enemies":"Spheric Guardian","floor":20,"turns":4},{"damage":0,"enemies":"Shelled Parasite and Fungi","floor":22,"turns":5},{"damage":3,"enemies":"Centurion and Healer","floor":24,"turns":6},{"damage":7,"enemies":"Cultist and Chosen","floor":25,"turns":5},{"damage":14,"enemies":"Snake Plant","floor":27,"turns":4},{"damage":2,"enemies":"Gremlin Leader","floor":28,"turns":1}],"seed_played":"5223388287992050202","potions_obtained":[{"floor":1,"key":"SteroidPotion"},{"floor":4,"key":"Swift Potion"},{"floor":5,"key":"Fire Potion"},{"floor":12,"key":"SkillPotion"},{"floor":19,"key":"SteroidPotion"},{"floor":21,"key":"GhostInAJar"},{"floor":21,"key":"GhostInAJar"},{"floor":25,"key":"AttackPotion"},{"floor":27,"key":"Ancient Potion"}],"is_trial":false,"path_per_floor":["M","M","?","M","M","R","?","M","T","R","M","M","$","E","R","B",null,"M","?","M","?","M","R","M","M","T","M","E"],"character_chosen":"THE_SILENT","items_purchased":["Noxious Fumes","Snake Skull"],"campfire_rested":3,"item_purchase_floors":[13,13],"current_hp_per_floor":[70,70,70,70,60,60,30,21,21,42,37,17,17,2,23,14,70,61,23,5,5,5,26,23,16,16,2,0],"gold":454,"neow_bonus":"THREE_ENEMY_KILL","is_prod":false,"is_daily":false,"chose_seed":false,"campfire_upgraded":1,"win_rate":0.0,"timestamp":1559359087,"path_taken":["M","M","?","M","M","R","?","M","T","R","M","M","$","E","R","BOSS","M","?","M","?","?","R","M","M","T","M","E"],"build_version":"2019-01-23","purchased_purges":0,"victory":false,"max_hp_per_floor":[70,70,70,70,70,70,70,70,70,70,70,70,70,70,70,70,70,70,70,70,70,70,70,70,70,70,70,70],"card_choices":[{"not_picked":["All Out Attack","Tactician"],"picked":"Infinite Blades","floor":1},{"not_picked":["Deadly Poison","Predator"],"picked":"Leg Sweep","floor":2},{"not_picked":["Deflect","Predator"],"picked":"Dagger Spray","floor":4},{"not_picked":["Prepared","Bouncing Flask"],"picked":"Noxious Fumes","floor":5},{"not_picked":["Deadly Poison","Quick Slash"],"picked":"Eviscerate","floor":7},{"not_picked":["Calculated Gamble","Sucker Punch"],"picked":"Dagger Spray","floor":8},{"not_picked":["Outmaneuver","Wraith Form v2"],"picked":"Finisher","floor":11},{"not_picked":["Deflect","Sucker Punch"],"picked":"Flying Knee","floor":12},{"not_picked":["Finisher","Dodge and Roll"],"picked":"Blade Dance","floor":14},{"not_picked":["Venomology","Doppelganger"],"picked":"Malaise","floor":16},{"not_picked":[],"picked":"Outmaneuver","floor":18},{"not_picked":[],"picked":"Slice","floor":19},{"not_picked":[],"picked":"Heel Hook","floor":20},{"not_picked":[],"picked":"Prepared+1","floor":22},{"not_picked":[],"picked":"Quick Slash","floor":24},{"not_picked":[],"picked":"Outmaneuver","floor":25},{"not_picked":[],"picked":"Flying Knee","floor":27}],"player_experience":5438,"relics_obtained":[{"floor":7,"key":"Whetstone"},{"floor":9,"key":"Centennial Puzzle"},{"floor":14,"key":"PreservedInsect"},{"floor":19,"key":"Tingsha"},{"floor":19,"key":"Ornamental Fan"},{"floor":26,"key":"Boot"}],"event_choices":[{"damage_healed":0,"gold_gain":0,"player_choice":"Ignored","damage_taken":0,"max_hp_gain":0,"max_hp_loss":0,"event_name":"Golden Wing","floor":3,"gold_loss":0},{"damage_healed":0,"gold_gain":30,"player_choice":"Searched \u00272\u0027 times","damage_taken":0,"max_hp_gain":0,"max_hp_loss":0,"event_name":"Dead Adventurer","floor":7,"gold_loss":0},{"damage_healed":0,"gold_gain":0,"player_choice":"Fight","damage_taken":0,"max_hp_gain":0,"max_hp_loss":0,"event_name":"Colosseum","floor":19,"gold_loss":0},{"damage_healed":0,"gold_gain":0,"player_choice":"Fought Nobs","damage_taken":0,"max_hp_gain":0,"max_hp_loss":0,"event_name":"Colosseum","floor":19,"gold_loss":0},{"damage_healed":0,"gold_gain":0,"player_choice":"Got Potions","damage_taken":0,"max_hp_gain":0,"max_hp_loss":0,"event_name":"Lab","floor":21,"gold_loss":0}],"is_beta":false,"boss_relics":[{"not_picked":["Astrolabe","Calling Bell"],"picked":"Busted Crown"}],"items_purged_floors":[],"is_endless":false,"potions_floor_spawned":[1,4,5,11,12,18,19,25,27],"killed_by":"Gremlin Leader","ascension_level":0}