{"gold_per_floor":[111,286,296,246,121,154,154,66,66,98,116,151,165,184,184,282,282,293,193,204,219,318,347,357,357,380,255,283,283,296,66,66,66],"floor_reached":33,"playtime":1993,"items_purged":["Defend_R","Writhe","Injury","Clumsy"],"score":397,"play_id":"d1128dde-683c-47ee-9244-73ead9e55000","local_time":"20181112154856","is_ascension_mode":true,"campfire_choices":[{"data":"Perfected Strike","floor":7,"key":"SMITH"},{"data":"Bash","floor":15,"key":"SMITH"},{"data":"Double Tap","floor":25,"key":"SMITH"},{"data":"Flex","floor":29,"key":"SMITH"},{"floor":32,"key":"DIG"}],"neow_cost":"PERCENT_DAMAGE","seed_source_timestamp":183895438970564,"circlet_count":0,"master_deck":["Strike_R","Strike_R","Strike_R","Strike_R","Strike_R","Defend_R","Defend_R","Defend_R","Bash+1","Perfected Strike+1","Swift Strike","Flex","Twin Strike","Battle Trance","Double Tap+1","Clash","Pommel Strike+1","Flex+1","Sword Boomerang+1","Perfected Strike","Twin Strike"],"relics":["Burning Blood","Magic Flower","Blood Vial","Red Skull","Meat on the Bone","Orichalcum","Calling Bell","Centennial Puzzle","Self Forming Clay","Shovel","Unceasing Top","Pen Nib","Toxic Egg 2","Ornamental Fan"],"potions_floor_usage":[3,6,16,16,20,23,28,33],"damage_taken":[{"damage":3,"enemies":"Jaw Worm","floor":1,"turns":4},{"damage":8,"enemies":"2 Louse","floor":3,"turns":2},{"damage":41,"enemies":"Lagavulin","floor":6,"turns":8},{"damage":8,"enemies":"Gremlin Nob","floor":10,"turns":3},{"damage":0,"enemies":"Small Slimes","floor":11,"turns":2},{"damage":35,"enemies":"Lagavulin","floor":12,"turns":7},{"damage":4,"enemies":"3 Louse","floor":13,"turns":3},{"damage":10,"enemies":"Exordium Thugs","floor":14,"turns":3},{"damage":36,"enemies":"The Guardian","floor":16,"turns":8},{"damage":18,"enemies":"3 Byrds","floor":18,"turns":7},{"damage":16,"enemies":"2 Thieves","floor":20,"turns":2},{"damage":24,"enemies":"Centurion and Healer","floor":21,"turns":4},{"damage":46,"enemies":"Gremlin Leader","floor":23,"turns":4},{"damage":19,"enemies":"Cultist and Chosen","floor":24,"turns":5},{"damage":23,"enemies":"Book of Stabbing","floor":28,"turns":3},{"damage":0,"enemies":"Snake Plant","floor":30,"turns":1},{"damage":83,"enemies":"Automaton","floor":33,"turns":6}],"seed_played":"-3044318332799662294","potions_obtained":[{"floor":1,"key":"Fire Potion"},{"floor":3,"key":"Weak Potion"},{"floor":12,"key":"Weak Potion"},{"floor":14,"key":"SkillPotion"},{"floor":18,"key":"PowerPotion"},{"floor":21,"key":"AttackPotion"},{"floor":24,"key":"GamblersBrew"},{"floor":28,"key":"FearPotion"}],"is_trial":false,"path_per_floor":["M","?","M","?","$","E","R","$","T","E","M","E","M","M","R","B",null,"M","$","M","M","?","E","M","R","T","$","E","R","M","$","R","B"],"character_chosen":"IRONCLAD","items_purchased":["Perfected Strike","Swift Strike","Perfected Strike","Twin Strike"],"campfire_rested":0,"item_purchase_floors":[5,8,31,31],"current_hp_per_floor":[57,57,58,58,58,26,26,26,26,30,60,55,63,65,65,59,75,69,69,65,53,53,37,48,48,48,48,55,55,67,67,67,0],"gold":66,"neow_bonus":"ONE_RARE_RELIC","is_prod":false,"is_daily":false,"chose_seed":false,"campfire_upgraded":4,"win_rate":0,"timestamp":1542055736,"path_taken":["M","?","M","?","?","E","R","?","T","E","?","E","M","M","R","BOSS","M","$","M","M","?","E","M","R","T","$","E","R","M","$","R","BOSS"],"build_version":"2018-11-08","purchased_purges":4,"victory":false,"max_hp_per_floor":[80,80,80,80,80,80,80,80,80,80,80,80,80,80,80,80,80,80,80,80,80,80,80,80,80,80,80,80,80,80,80,80,80],"card_choices":[{"not_picked":["Second Wind","Combust","Havoc"],"picked":"SKIP","floor":1},{"not_picked":["Sword Boomerang","Armaments","True Grit"],"picked":"SKIP","floor":3},{"not_picked":["Clothesline","Shrug It Off","Anger"],"picked":"SKIP","floor":6},{"not_picked":["Dark Embrace","Corruption"],"picked":"Flex","floor":10},{"not_picked":["Second Wind","Shockwave","Blood for Blood"],"picked":"SKIP","floor":11},{"not_picked":["Blood for Blood","Sever Soul"],"picked":"Twin Strike","floor":12},{"not_picked":["Burning Pact","True Grit"],"picked":"Battle Trance","floor":13},{"not_picked":["Clothesline","Intimidate","Iron Wave"],"picked":"SKIP","floor":14},{"not_picked":["Juggernaut","Demon Form"],"picked":"Double Tap","floor":16},{"not_picked":["Second Wind+1","Shrug It Off"],"picked":"Clash","floor":18},{"not_picked":["Warcry","Cleave","Ghostly Armor"],"picked":"SKIP","floor":20},{"not_picked":["Heavy Blade+1","Blood for Blood"],"picked":"Pommel Strike+1","floor":21},{"not_picked":["Cleave","Sword Boomerang"],"picked":"Flex","floor":23},{"not_picked":["Anger","Headbutt","Sentinel"],"picked":"SKIP","floor":24},{"not_picked":["Rupture","Feel No Pain"],"picked":"Sword Boomerang+1","floor":28},{"not_picked":["Armaments+1","Whirlwind","Rampage"],"picked":"SKIP","floor":30}],"player_experience":246082,"relics_obtained":[{"floor":6,"key":"Blood Vial"},{"floor":9,"key":"Red Skull"},{"floor":10,"key":"Meat on the Bone"},{"floor":12,"key":"Orichalcum"},{"floor":17,"key":"Centennial Puzzle"},{"floor":17,"key":"Self Forming Clay"},{"floor":17,"key":"Shovel"},{"floor":23,"key":"Unceasing Top"},{"floor":26,"key":"Pen Nib"},{"floor":28,"key":"Toxic Egg 2"},{"floor":32,"key":"Ornamental Fan"}],"event_choices":[{"damage_healed":0,"gold_gain":175,"player_choice":"AGREE","damage_taken":0,"max_hp_gain":0,"max_hp_loss":0,"event_name":"Liars Game","floor":2,"gold_loss":0,"cards_obtained":["Doubt"]},{"cards_removed":["Doubt"],"damage_healed":0,"gold_gain":0,"player_choice":"Card Removal","damage_taken":0,"max_hp_gain":0,"max_hp_loss":0,"event_name":"The Cleric","floor":4,"gold_loss":50},{"damage_healed":0,"gold_gain":99,"player_choice":"Stole From Cult","damage_taken":0,"max_hp_gain":0,"max_hp_loss":0,"event_name":"Nest","floor":22,"gold_loss":0}],"is_beta":false,"boss_relics":[{"not_picked":["Velvet Choker","Lizard Tail"],"picked":"Calling Bell"}],"items_purged_floors":[5,19,27,31],"is_endless":false,"potions_floor_spawned":[1,3,12,14,18,21,24,28],"killed_by":"Automaton","ascension_level":6}