{"gold_per_floor":[109,109,109,123,73,73,73,102,125,142,177,177],"floor_reached":12,"playtime":510,"items_purged":[],"score":172,"play_id":"6eb99492-2bbe-405d-99b8-9ca424fe9f4d","local_time":"20190606183704","is_ascension_mode":true,"campfire_choices":[{"data":"True Grit","floor":6,"key":"SMITH"}],"neow_cost":"NONE","seed_source_timestamp":1932341230736501,"circlet_count":0,"master_deck":["AscendersBane","Strike_R","Strike_R","Strike_R","Strike_R","Defend_R","Defend_R","Defend_R","Defend_R","Bash+1","True Grit+1","Anger","Armaments","Hemokinesis"],"relics":["Burning Blood","Juzu Bracelet","Smiling Mask","Strawberry","Blue Candle"],"potions_floor_usage":[8,11],"damage_taken":[{"damage":11,"enemies":"Cultist","floor":1,"turns":4},{"damage":10,"enemies":"Small Slimes","floor":4,"turns":4},{"damage":34,"enemies":"Lagavulin","floor":8,"turns":7},{"damage":2,"enemies":"Jaw Worm","floor":10,"turns":5},{"damage":37,"enemies":"3 Sentries","floor":11,"turns":10},{"damage":19,"enemies":"Lots of Slimes","floor":12,"turns":2}],"seed_played":"-7104160354694297222","potions_obtained":[{"floor":4,"key":"Fruit Juice"},{"floor":10,"key":"Explosive Potion"}],"is_trial":false,"path_per_floor":["M","?","?","M","$","R","?","E","T","M","E","M"],"character_chosen":"IRONCLAD","items_purchased":["Anger"],"campfire_rested":0,"item_purchase_floors":[5],"current_hp_per_floor":[63,63,63,59,59,59,59,36,43,47,16,0],"gold":177,"neow_bonus":"RANDOM_COMMON_RELIC","is_prod":false,"is_daily":false,"chose_seed":false,"campfire_upgraded":1,"win_rate":0,"timestamp":1559860624,"path_taken":["M","?","?","M","$","R","?","E","T","M","E","M"],"build_version":"2019-01-23","purchased_purges":0,"victory":false,"max_hp_per_floor":[75,75,75,75,75,75,75,80,87,87,87,87],"card_choices":[{"not_picked":["Perfected Strike","Fire Breathing"],"picked":"True Grit","floor":1},{"not_picked":["Power Through","Havoc","Clash"],"picked":"SKIP","floor":4},{"not_picked":["Heavy Blade","Warcry","Bloodletting"],"picked":"SKIP","floor":8},{"not_picked":["Headbutt","Twin Strike"],"picked":"Armaments","floor":10},{"not_picked":["Wild Strike","Havoc"],"picked":"Hemokinesis","floor":11}],"player_experience":569321,"relics_obtained":[{"floor":8,"key":"Smiling Mask"},{"floor":9,"key":"Strawberry"},{"floor":11,"key":"Blue Candle"}],"event_choices":[{"cards_removed":["Strike_R"],"damage_healed":0,"gold_gain":0,"player_choice":"Offered Basic","damage_taken":0,"max_hp_gain":0,"max_hp_loss":0,"event_name":"Bonfire Elementals","floor":2,"gold_loss":0},{"damage_healed":0,"gold_gain":0,"player_choice":"Grow","damage_taken":0,"max_hp_gain":0,"max_hp_loss":0,"event_name":"Living Wall","floor":3,"gold_loss":0,"cards_upgraded":["Bash"]},{"damage_healed":0,"gold_gain":0,"player_choice":"Ignored","damage_taken":0,"max_hp_gain":0,"max_hp_loss":0,"event_name":"Shining Light","floor":7,"gold_loss":0}],"is_beta":false,"boss_relics":[],"items_purged_floors":[],"is_endless":false,"potions_floor_spawned":[4,10],"killed_by":"Lots of Slimes","ascension_level":20}