{"gold_per_floor":[119,119,132,151,161,161,15,39,39,50,50,65,82,12,12,113,113,131,166,166,182,199,199,29,29,29,29,47,67,67],"floor_reached":30,"playtime":3673,"items_purged":["Strike_R","Strike_R"],"score":274,"play_id":"a541d62e-aeb5-4909-95a3-5fd940307a84","local_time":"20190523141323","is_ascension_mode":false,"campfire_choices":[{"data":"Defend_R","floor":6.0,"key":"SMITH"},{"floor":11.0,"key":"REST"},{"data":"Anger","floor":15.0,"key":"SMITH"},{"floor":23.0,"key":"REST"},{"floor":27.0,"key":"REST"}],"neow_cost":"NONE","seed_source_timestamp":0,"circlet_count":0,"master_deck":["Strike_R","Strike_R","Strike_R","Defend_R","Defend_R+1","Defend_R+1","Defend_R+1","Bash","Heavy Blade","Body Slam","Anger+1","Shrug It Off","Battle Trance","Cleave","Headbutt","Shrug It Off","Uppercut","Pummel","Heavy Blade","Cleave","Rampage","Demon Form","Anger+1","Spot Weakness","Reckless Charge","Whirlwind","Heavy Blade","Flame Barrier+1","Heavy Blade","Whirlwind","Flex+1","Pommel Strike+1","Entrench","Body Slam","Flame Barrier","Decay","Anger","Shrug It Off","Heavy Blade+1"],"special_seed":0,"relics":["Burning Blood","War Paint","Odd Mushroom","Prayer Wheel","Orrery","Red Mask","Paper Frog"],"potions_floor_usage":[],"damage_taken":[{"damage":0.0,"enemies":"2 Louse","floor":1.0,"turns":3.0},{"damage":0.0,"enemies":"Cultist","floor":3.0,"turns":3.0},{"damage":6.0,"enemies":"Jaw Worm","floor":4.0,"turns":4.0},{"damage":2.0,"enemies":"Exordium Wildlife","floor":5.0,"turns":5.0},{"damage":21.0,"enemies":"The Mushroom Lair","floor":8.0,"turns":5.0},{"damage":8.0,"enemies":"Exordium Thugs","floor":10.0,"turns":6.0},{"damage":0.0,"enemies":"Looter","floor":12.0,"turns":3.0},{"damage":4.0,"enemies":"Blue Slaver","floor":13.0,"turns":3.0},{"damage":37.0,"enemies":"Slime Boss","floor":16.0,"turns":11.0},{"damage":2.0,"enemies":"Chosen","floor":18.0,"turns":6.0},{"damage":57.0,"enemies":"Masked Bandits","floor":19.0,"turns":7.0},{"damage":15.0,"enemies":"Shell Parasite","floor":21.0,"turns":6.0},{"damage":10.0,"enemies":"Snecko","floor":22.0,"turns":4.0},{"damage":29.0,"enemies":"Chosen and Byrds","floor":28.0,"turns":7.0},{"damage":32.0,"enemies":"Sentry and Sphere","floor":29.0,"turns":7.0},{"damage":20,"enemies":"Cultist and Chosen","floor":30,"turns":3}],"seed_played":"-4136827201925285266","potions_obtained":[{"floor":5.0,"key":"Explosive Potion"},{"floor":12.0,"key":"SkillPotion"},{"floor":13.0,"key":"Explosive Potion"},{"floor":21.0,"key":"Dexterity Potion"},{"floor":22.0,"key":"Strength Potion"}],"is_trial":false,"path_per_floor":["M","?","M","M","M","R","$","?","T","M","R","M","M","$","R","B",null,"M","?","?","M","M","R","$","?","T","R","M","M","M"],"character_chosen":"IRONCLAD","items_purchased":["Battle Trance","Rampage","Flame Barrier"],"campfire_rested":3,"item_purchase_floors":[7,14,24],"current_hp_per_floor":[80,72,78,78,80,80,80,65,65,63,80,80,80,80,80,49,80,80,29,29,20,16,40,40,40,40,64,41,15,0],"gold":67,"neow_bonus":"RANDOM_COMMON_RELIC","is_prod":false,"is_daily":false,"chose_seed":false,"campfire_upgraded":2,"win_rate":0.0,"timestamp":1558635203,"path_taken":["M","?","M","?","M","R","?","?","T","M","R","?","M","$","R","BOSS","M","?","?","M","?","R","?","?","T","R","?","M","M"],"build_version":"2019-01-23","purchased_purges":2,"victory":false,"max_hp_per_floor":[80,80,80,80,80,80,80,80,80,80,80,80,80,80,80,80,80,80,80,80,80,80,80,80,80,80,80,80,80,80],"card_choices":[{"not_picked":["Iron Wave","Pommel Strike"],"picked":"Heavy Blade","floor":1.0},{"not_picked":["Reckless Charge","Sever Soul"],"picked":"Body Slam","floor":3.0},{"not_picked":["Flame Barrier","Blood for Blood"],"picked":"Anger","floor":4.0},{"not_picked":["Warcry","True Grit"],"picked":"Shrug It Off","floor":5.0},{"not_picked":["True Grit","Bloodletting"],"picked":"Cleave","floor":8.0},{"not_picked":["Berserk","Flex"],"picked":"Headbutt","floor":10.0},{"not_picked":["Sword Boomerang","Fire Breathing"],"picked":"Shrug It Off","floor":10.0},{"not_picked":["Clothesline","Armaments"],"picked":"Uppercut","floor":12.0},{"not_picked":["Bloodletting","Perfected Strike"],"picked":"Pummel","floor":12.0},{"not_picked":["Twin Strike","Dual Wield"],"picked":"Heavy Blade","floor":13.0},{"not_picked":["Barricade","Warcry"],"picked":"Cleave","floor":13.0},{"not_picked":["Juggernaut","Impervious"],"picked":"Demon Form","floor":16.0},{"not_picked":["Armaments","Corruption"],"picked":"Anger","floor":17.0},{"not_picked":["Bloodletting","Clothesline"],"picked":"Spot Weakness","floor":17.0},{"not_picked":["Carnage","Disarm"],"picked":"Reckless Charge","floor":17.0},{"not_picked":["Cleave","Warcry"],"picked":"Whirlwind","floor":17.0},{"not_picked":["Cleave","Rupture"],"picked":"Heavy Blade","floor":17.0},{"not_picked":["Whirlwind","Metallicize"],"picked":"Flame Barrier+1","floor":18.0},{"not_picked":["Sword Boomerang","Clothesline"],"picked":"Heavy Blade","floor":18.0},{"not_picked":["Hemokinesis+1","Body Slam"],"picked":"Whirlwind","floor":19.0},{"not_picked":["Limit Break","Armaments"],"picked":"Flex+1","floor":21.0},{"not_picked":["Shockwave+1","Twin Strike"],"picked":"Pommel Strike+1","floor":21.0},{"not_picked":["Thunderclap","Twin Strike"],"picked":"Entrench","floor":22.0},{"not_picked":["True Grit","Rage"],"picked":"Body Slam","floor":22.0},{"not_picked":["Corruption","Dropkick"],"picked":"Anger","floor":28.0},{"not_picked":["Twin Strike","Perfected Strike"],"picked":"Shrug It Off","floor":28.0},{"not_picked":["Whirlwind","Barricade"],"picked":"Heavy Blade+1","floor":29.0},{"not_picked":["Warcry+1","Thunderclap","Clothesline"],"picked":"SKIP","floor":29.0}],"player_experience":10842,"relics_obtained":[{"floor":8.0,"key":"Odd Mushroom"},{"floor":9.0,"key":"Prayer Wheel"},{"floor":19.0,"key":"Red Mask"},{"floor":26.0,"key":"Paper Frog"}],"event_choices":[{"damage_healed":0.0,"max_hp_gain":0.0,"max_hp_loss":0.0,"gold_gain":0.0,"event_name":"Wheel of Change","player_choice":"Damaged","floor":2.0,"gold_loss":0.0,"damage_taken":8.0},{"damage_healed":0.0,"max_hp_gain":0.0,"max_hp_loss":0.0,"gold_gain":0.0,"event_name":"Mushrooms","player_choice":"Fought Mushrooms","floor":8.0,"gold_loss":0.0,"damage_taken":0.0},{"damage_healed":0.0,"max_hp_gain":0.0,"max_hp_loss":0.0,"gold_gain":0.0,"event_name":"Masked Bandits","player_choice":"Fought Bandits","floor":19.0,"gold_loss":0.0,"damage_taken":0.0},{"damage_healed":0.0,"max_hp_gain":0.0,"max_hp_loss":0.0,"gold_gain":0.0,"event_name":"Upgrade Shrine","player_choice":"Upgraded","floor":20.0,"gold_loss":0.0,"damage_taken":0.0,"cards_upgraded":["Anger"]},{"damage_healed":0.0,"max_hp_gain":0.0,"max_hp_loss":0.0,"gold_gain":0.0,"event_name":"Wheel of Change","player_choice":"Cursed","floor":25.0,"gold_loss":0.0,"damage_taken":0.0,"cards_obtained":["Decay"]}],"is_beta":false,"boss_relics":[{"not_picked":["Velvet Choker","Black Star"],"picked":"Orrery"}],"items_purged_floors":[7,24],"is_endless":false,"potions_floor_spawned":[5,12,13,21,22],"killed_by":"Cultist and Chosen","ascension_level":0}