{"gold_per_floor":[109,121,131,60,71,106,125,144,144,144,244,256,282,299,299,402,402,388,388,403,453,472,507,507,153,176,203,223,223,29,43,43,142,142,158,211,226,241,257,257,149,161,161,188,188,188,203,218,218,218],"floor_reached":51,"playtime":6351,"items_purged":[],"score":760,"play_id":"b9d99d1f-0c95-4e48-9d26-eb88e7bcdda9","local_time":"20190601231550","is_ascension_mode":false,"campfire_choices":[{"data":"Body Slam","floor":10.0,"key":"SMITH"},{"floor":15.0,"key":"REST"},{"floor":24,"key":"REST"},{"floor":29,"key":"REST"},{"floor":32,"key":"REST"},{"floor":40,"key":"REST"},{"data":"Barricade","floor":46,"key":"SMITH"},{"data":"Demon Form","floor":49,"key":"SMITH"}],"neow_cost":"NONE","seed_source_timestamp":0,"circlet_count":0,"master_deck":["Strike_R","Strike_R","Strike_R","Strike_R","Strike_R","Defend_R+1","Defend_R","Defend_R","Defend_R","Bash","Body Slam+1","Rage","Flame Barrier","Impervious","Power Through","Battle Trance+1","Armaments","Shrug It Off","Anger","Metallicize","Rampage","Barricade+1","Whirlwind+1","Cleave","Iron Wave+1","Shrug It Off+1","Shrug It Off","Swift Strike","Transmutation","Dropkick","Thunderclap","Shockwave+1","Demon Form+1","Ghostly Armor+1","Armaments+1","Juggernaut","Iron Wave+1","Ghostly Armor+1","Flame Barrier+1","Infernal Blade+1","Cleave+1","Purity+1","Armaments+1","Heavy Blade+1","Doubt","Shrug It Off+1","Doubt","Sword Boomerang","Searing Blow"],"special_seed":0,"relics":["Burning Blood","Self Forming Clay","Shuriken","Bag of Preparation","Runic Pyramid","Enchiridion","Centennial Puzzle","Potion Belt","Happy Flower","Toxic Egg 2","Cursed Key","Ice Cream","Bottled Tornado","War Paint"],"potions_floor_usage":[23,23,31,31,31,31,33,33,36,36,36,48,50,50],"damage_taken":[{"damage":10.0,"enemies":"Jaw Worm","floor":1.0,"turns":4.0},{"damage":4.0,"enemies":"Cultist","floor":2.0,"turns":4.0},{"damage":2.0,"enemies":"2 Louse","floor":3.0,"turns":4.0},{"damage":0.0,"enemies":"Exordium Thugs","floor":5.0,"turns":4.0},{"damage":29.0,"enemies":"3 Sentries","floor":6.0,"turns":15.0},{"damage":3.0,"enemies":"2 Fungi Beasts","floor":7.0,"turns":4.0},{"damage":9.0,"enemies":"Gremlin Gang","floor":8.0,"turns":7.0},{"damage":2.0,"enemies":"Large Slime","floor":12.0,"turns":6.0},{"damage":57.0,"enemies":"Gremlin Nob","floor":13.0,"turns":6.0},{"damage":1.0,"enemies":"2 Fungi Beasts","floor":14.0,"turns":3.0},{"damage":44.0,"enemies":"The Guardian","floor":16.0,"turns":10.0},{"damage":21.0,"enemies":"2 Thieves","floor":18.0,"turns":4.0},{"damage":6.0,"enemies":"Spheric Guardian","floor":20.0,"turns":6.0},{"damage":17.0,"enemies":"Chosen and Byrds","floor":22.0,"turns":8.0},{"damage":30,"enemies":"Slavers","floor":23,"turns":5},{"damage":45,"enemies":"Book of Stabbing","floor":27,"turns":9},{"damage":2,"enemies":"Snake Plant","floor":28,"turns":3},{"damage":29,"enemies":"Cultist and Chosen","floor":31,"turns":9},{"damage":11,"enemies":"Automaton","floor":33,"turns":9},{"damage":22,"enemies":"3 Darklings","floor":35,"turns":4},{"damage":52,"enemies":"2 Orb Walkers","floor":36,"turns":5},{"damage":2,"enemies":"3 Shapes","floor":37,"turns":4},{"damage":25,"enemies":"Spire Growth","floor":38,"turns":7},{"damage":10,"enemies":"4 Shapes","floor":39,"turns":4},{"damage":4,"enemies":"Writhing Mass","floor":42,"turns":9},{"damage":8,"enemies":"Giant Head","floor":44,"turns":9},{"damage":7,"enemies":"Maw","floor":47,"turns":8},{"damage":6,"enemies":"Transient","floor":48,"turns":5},{"damage":72,"enemies":"Awakened One","floor":50,"turns":11}],"seed_played":"8827404385178707496","potions_obtained":[{"floor":3.0,"key":"Ancient Potion"},{"floor":5.0,"key":"Ancient Potion"},{"floor":6.0,"key":"Weak Potion"},{"floor":8.0,"key":"Ancient Potion"},{"floor":18.0,"key":"EntropicBrew"},{"floor":20.0,"key":"Poison Potion"},{"floor":23,"key":"Block Potion"},{"floor":28,"key":"AttackPotion"},{"floor":31,"key":"SteroidPotion"},{"floor":35,"key":"SpeedPotion"},{"floor":37,"key":"Dexterity Potion"},{"floor":44,"key":"BloodPotion"},{"floor":48,"key":"Ancient Potion"}],"is_trial":false,"path_per_floor":["M","M","M","$","M","E","M","M","T","R","?","M","E","M","R","B",null,"M","?","M","T","M","E","R","$","T","E","M","R","$","M","R","B",null,"M","?","M","M","M","R","$","M","T","E","?","R","M","M","R","B",null],"character_chosen":"IRONCLAD","items_purchased":["Impervious","Shrug It Off","Swift Strike","Transmutation","Dropkick","Demon Form","Ghostly Armor+1","Purity+1","Armaments+1"],"campfire_rested":5,"item_purchase_floors":[4,25,25,25,25,30,30,41,41],"current_hp_per_floor":[84,86,88,88,88,65,68,65,65,65,65,69,18,23,49,11,88,73,57,57,57,46,22,48,48,48,9,13,39,39,16,42,37,88,72,26,30,11,7,33,33,35,35,33,88,88,87,87,87,29],"gold":218,"neow_bonus":"TEN_PERCENT_HP_BONUS","is_prod":false,"is_daily":false,"chose_seed":false,"campfire_upgraded":3,"win_rate":0.0,"timestamp":1559448950,"path_taken":["M","M","M","$","M","E","M","M","T","R","?","?","E","M","R","BOSS","M","?","M","?","M","E","R","$","T","E","M","R","$","M","R","BOSS","M","?","M","M","M","R","$","M","T","E","?","R","M","M","R","BOSS"],"build_version":"2019-01-23","purchased_purges":0,"victory":true,"max_hp_per_floor":[88,88,88,88,88,88,88,88,88,88,88,88,88,88,88,88,88,88,88,88,88,88,88,88,88,88,88,88,88,88,88,88,88,88,88,88,88,88,88,88,88,88,88,88,88,88,88,88,88,88],"card_choices":[{"not_picked":["Armaments","Infernal Blade"],"picked":"Body Slam","floor":1.0},{"not_picked":["Burning Pact","Perfected Strike"],"picked":"Rage","floor":2.0},{"not_picked":["Body Slam","Clothesline"],"picked":"Flame Barrier","floor":3.0},{"not_picked":["True Grit","Sever Soul"],"picked":"Power Through","floor":5.0},{"not_picked":["Armaments","Feed"],"picked":"Battle Trance","floor":6.0},{"not_picked":["Pommel Strike","Perfected Strike"],"picked":"Armaments","floor":7.0},{"not_picked":["Shockwave","Hemokinesis"],"picked":"Shrug It Off","floor":8.0},{"not_picked":["Pommel Strike","Clash"],"picked":"Anger","floor":12.0},{"not_picked":["Sword Boomerang","Disarm"],"picked":"Metallicize","floor":13.0},{"not_picked":["Thunderclap","Clash"],"picked":"Rampage","floor":14.0},{"not_picked":["Juggernaut","Reaper"],"picked":"Barricade","floor":16.0},{"not_picked":["Disarm+1","Hemokinesis"],"picked":"Whirlwind+1","floor":18.0},{"not_picked":["Twin Strike","Pommel Strike"],"picked":"Cleave","floor":20.0},{"not_picked":["Sever Soul+1","Disarm"],"picked":"Iron Wave+1","floor":22},{"not_picked":["Battle Trance+1","Pommel Strike"],"picked":"Shrug It Off+1","floor":23},{"not_picked":["Dual Wield+1","Whirlwind"],"picked":"Thunderclap","floor":27},{"not_picked":["Sword Boomerang","Anger"],"picked":"Shockwave+1","floor":28},{"not_picked":["Combust+1","True Grit+1"],"picked":"Armaments+1","floor":31},{"not_picked":["Double Tap+1","Demon Form"],"picked":"Juggernaut","floor":33},{"not_picked":["Corruption+1","Clothesline"],"picked":"Iron Wave+1","floor":35},{"not_picked":["Shockwave+1","Clothesline+1"],"picked":"Ghostly Armor+1","floor":36},{"not_picked":["Anger","Rampage+1"],"picked":"Flame Barrier+1","floor":37},{"not_picked":["Power Through+1","Warcry+1"],"picked":"Infernal Blade+1","floor":38},{"not_picked":["Fire Breathing","True Grit+1"],"picked":"Cleave+1","floor":39},{"not_picked":["Battle Trance+1","Sword Boomerang+1"],"picked":"Heavy Blade+1","floor":42},{"not_picked":["Fire Breathing+1","Heavy Blade+1"],"picked":"Shrug It Off+1","floor":44},{"not_picked":["Disarm+1","Headbutt+1"],"picked":"Sword Boomerang","floor":47},{"not_picked":["Hemokinesis","Clothesline"],"picked":"Searing Blow","floor":48}],"player_experience":10175,"relics_obtained":[{"floor":6.0,"key":"Self Forming Clay"},{"floor":9.0,"key":"Shuriken"},{"floor":13.0,"key":"Bag of Preparation"},{"floor":19.0,"key":"Enchiridion"},{"floor":21.0,"key":"Centennial Puzzle"},{"floor":23,"key":"Potion Belt"},{"floor":26,"key":"Happy Flower"},{"floor":27,"key":"Toxic Egg 2"},{"floor":36,"key":"Ice Cream"},{"floor":43,"key":"Bottled Tornado"},{"floor":44,"key":"War Paint"}],"event_choices":[{"damage_healed":0.0,"max_hp_gain":0.0,"max_hp_loss":0.0,"gold_gain":100.0,"event_name":"Wheel of Change","player_choice":"Gold","floor":11.0,"gold_loss":0.0,"damage_taken":0.0},{"damage_healed":0.0,"max_hp_gain":0.0,"max_hp_loss":0.0,"gold_gain":0.0,"event_name":"Cursed Tome","player_choice":"Obtained Book","floor":19.0,"gold_loss":0.0,"damage_taken":16.0},{"damage_healed":0,"gold_gain":0,"player_choice":"Fight","damage_taken":0,"max_hp_gain":0,"max_hp_loss":0,"event_name":"Mysterious Sphere","floor":36,"gold_loss":0},{"damage_healed":55,"gold_gain":0,"player_choice":"Heal","damage_taken":0,"max_hp_gain":0,"max_hp_loss":0,"event_name":"MindBloom","floor":45,"gold_loss":0,"cards_obtained":["Doubt"]}],"is_beta":false,"boss_relics":[{"not_picked":["Coffee Dripper","Runic Cube"],"picked":"Runic Pyramid"},{"not_picked":["Empty Cage","Calling Bell"],"picked":"Cursed Key"}],"items_purged_floors":[],"is_endless":false,"potions_floor_spawned":[3,5,6,8,18,20,23,28,31,35,37,44,48],"ascension_level":0}