{"gold_per_floor":[219,229,229,241,112,112,126,159,184,30,30,62,62,62,62,136,136,153,153,166,15,15,49,49,61,61,61],"floor_reached":27,"playtime":1117,"items_purged":["Strike_R","Strike_R"],"score":478,"play_id":"633f283f-315a-4547-80ce-26524e308e46","local_time":"20190609182226","is_ascension_mode":true,"campfire_choices":[{"data":"Bash","floor":6.0,"key":"SMITH"},{"data":"Rampage","floor":11.0,"key":"SMITH"},{"data":"Thunderclap","floor":13.0,"key":"SMITH"},{"floor":15.0,"key":"REST"},{"floor":24.0,"key":"REST"}],"neow_cost":"NONE","seed_source_timestamp":956042087173215,"circlet_count":0,"master_deck":["AscendersBane","Strike_R+1","Defend_R","Defend_R","Defend_R","Bash+1","Battle Trance","Thunderclap+1","Rampage+1","Metallicize","Demon Form","Double Tap","Impervious","Flame Barrier","Bloodletting","Fiend Fire"],"special_seed":0,"relics":["Burning Blood","Whetstone","Omamori","Art of War","Sozu","Torii","Gremlin Horn"],"potions_floor_usage":[],"damage_taken":[{"damage":2.0,"enemies":"Cultist","floor":1.0,"turns":4.0},{"damage":17.0,"enemies":"Small Slimes","floor":2.0,"turns":5.0},{"damage":7.0,"enemies":"Jaw Worm","floor":4.0,"turns":3.0},{"damage":11.0,"enemies":"2 Fungi Beasts","floor":7.0,"turns":3.0},{"damage":20.0,"enemies":"3 Sentries","floor":8.0,"turns":11.0},{"damage":14.0,"enemies":"Lagavulin","floor":12.0,"turns":6.0},{"damage":35.0,"enemies":"Slime Boss","floor":16.0,"turns":8.0},{"damage":8.0,"enemies":"Chosen","floor":18.0,"turns":4.0},{"damage":22.0,"enemies":"Shell Parasite","floor":20.0,"turns":4.0},{"damage":37.0,"enemies":"Book of Stabbing","floor":23.0,"turns":5.0},{"damage":25.0,"enemies":"Snecko","floor":25.0,"turns":5.0},{"damage":22,"enemies":"Slavers","floor":27,"turns":1}],"seed_played":"6666771463145507367","potions_obtained":[{"floor":1.0,"key":"Dexterity Potion"},{"floor":12.0,"key":"SteroidPotion"}],"is_trial":false,"path_per_floor":["M","M","$","M","$","R","M","E","T","$","R","E","R","?","R","B",null,"M","?","M","$","?","E","R","M","T","E"],"character_chosen":"IRONCLAD","items_purchased":["Fire Potion","FearPotion","Impervious"],"campfire_rested":2,"item_purchase_floors":[5,10,21],"current_hp_per_floor":[72,61,61,60,60,60,55,41,41,41,41,33,33,26,48,19,61,59,59,43,43,43,12,34,15,15,0],"gold":61,"neow_bonus":"HUNDRED_GOLD","is_prod":false,"is_daily":false,"chose_seed":false,"campfire_upgraded":3,"win_rate":0,"timestamp":1560129746,"path_taken":["M","M","?","M","$","R","M","E","T","$","R","E","R","?","R","BOSS","M","?","M","$","?","E","R","M","T","E"],"build_version":"2019-06-07","purchased_purges":2,"victory":false,"max_hp_per_floor":[75,75,75,75,75,75,75,75,75,75,75,75,75,75,75,75,75,75,75,75,75,75,75,75,75,75,75],"card_choices":[{"not_picked":["Feel No Pain","Ghostly Armor"],"picked":"Battle Trance","floor":1.0},{"not_picked":["Dual Wield","Heavy Blade"],"picked":"Thunderclap","floor":2.0},{"not_picked":["Intimidate","Blood for Blood"],"picked":"Rampage","floor":4.0},{"not_picked":["Twin Strike","Flex"],"picked":"Metallicize","floor":7.0},{"not_picked":["Intimidate","Entrench","Cleave"],"picked":"SKIP","floor":8.0},{"not_picked":["Havoc","Heavy Blade"],"picked":"Demon Form","floor":12.0},{"not_picked":["Brutality","Berserk"],"picked":"Double Tap","floor":16.0},{"not_picked":["Headbutt","Perfected Strike","Hemokinesis"],"picked":"SKIP","floor":18.0},{"not_picked":["Iron Wave","Carnage","Twin Strike"],"picked":"SKIP","floor":20.0},{"not_picked":["Heavy Blade","Headbutt"],"picked":"Fiend Fire","floor":23.0},{"not_picked":["Warcry","Havoc","Clash"],"picked":"SKIP","floor":25.0}],"player_experience":1648095,"relics_obtained":[{"floor":8.0,"key":"Whetstone"},{"floor":9.0,"key":"Omamori"},{"floor":12.0,"key":"Art of War"},{"floor":23.0,"key":"Torii"},{"floor":26.0,"key":"Gremlin Horn"}],"event_choices":[{"cards_removed":["Strike_R"],"damage_healed":0.0,"max_hp_gain":0.0,"max_hp_loss":0.0,"gold_gain":0.0,"event_name":"Golden Wing","player_choice":"Card Removal","floor":14.0,"gold_loss":0.0,"damage_taken":7.0},{"damage_healed":0.0,"max_hp_gain":0.0,"max_hp_loss":0.0,"gold_gain":0.0,"event_name":"Ghosts","player_choice":"Ignored","floor":19.0,"gold_loss":0.0,"damage_taken":0.0},{"damage_healed":0.0,"max_hp_gain":0.0,"max_hp_loss":0.0,"gold_gain":0.0,"cards_transformed":["Strike_R","Defend_R"],"event_name":"Drug Dealer","player_choice":"Became Test Subject","floor":22.0,"gold_loss":0.0,"damage_taken":0.0,"cards_obtained":["Flame Barrier","Bloodletting"]}],"is_beta":true,"boss_relics":[{"not_picked":["Pandora\u0027s Box","Runic Cube"],"picked":"Sozu"}],"items_purged_floors":[5,10],"is_endless":false,"potions_floor_spawned":[1,12,25],"killed_by":"Slavers","ascension_level":20}