{"gold_per_floor":[116,128,16,36,36,36,47,80,80,80,80,105,119,135,135,237,237,257,257,135,60,80,80,80,115,139,14,26,26,26,37,37,140,140,153,3,3,16,16,16,34,44,44,144,94,111,36,66,66,66],"floor_reached":51,"playtime":3171,"items_purged":["Strike_G","Strike_G","Strike_G","Strike_G","Defend_G","Defend_G"],"score":680,"play_id":"319d7104-32dc-4e98-aec2-9acb7f1cbbc2","local_time":"20181026030742","is_ascension_mode":false,"campfire_choices":[{"data":"Infinite Blades","floor":6,"key":"SMITH"},{"data":"After Image","floor":11,"key":"SMITH"},{"floor":15,"key":"REST"},{"data":"A Thousand Cuts","floor":23,"key":"SMITH"},{"floor":29,"key":"REST"},{"floor":32,"key":"REST"},{"data":"Bouncing Flask","floor":40,"key":"SMITH"},{"floor":49,"key":"REST"}],"neow_cost":"NONE","seed_source_timestamp":168323956561672,"circlet_count":0,"master_deck":["Strike_G","Survivor","Neutralize","Dagger Throw","Quick Slash","Infinite Blades+1","Bouncing Flask+1","Backflip","Terror","After Image+1","Slice","Backstab","Poisoned Stab","A Thousand Cuts+1","Infinite Blades","After Image+1","Dodge and Roll","Bane+1","Dash+1","Prepared+1","Backflip","Good Instincts","Backflip+1","Cloak And Dagger","Poisoned Stab","Backstab"],"relics":["Ring of the Snake","Bag of Preparation","Bag of Marbles","Bottled Flame","WristBlade","Calipers","Snake Skull","Busted Crown","Smiling Mask","Bird Faced Urn","Happy Flower"],"potions_floor_usage":[16,16,18,25,33,50],"damage_taken":[{"damage":2,"enemies":"2 Louse","floor":1,"turns":4},{"damage":0,"enemies":"Jaw Worm","floor":2,"turns":3},{"damage":1,"enemies":"Cultist","floor":4,"turns":3},{"damage":8,"enemies":"Blue Slaver","floor":7,"turns":3},{"damage":16,"enemies":"Lagavulin","floor":8,"turns":5},{"damage":5,"enemies":"Gremlin Nob","floor":12,"turns":4},{"damage":20,"enemies":"Exordium Thugs","floor":13,"turns":4},{"damage":7,"enemies":"Lots of Slimes","floor":14,"turns":4},{"damage":9,"enemies":"The Guardian","floor":16,"turns":8},{"damage":7,"enemies":"Spheric Guardian","floor":18,"turns":4},{"damage":0,"enemies":"Chosen","floor":22,"turns":4},{"damage":48,"enemies":"Slavers","floor":25,"turns":4},{"damage":9,"enemies":"Centurion and Healer","floor":28,"turns":5},{"damage":0,"enemies":"Snake Plant","floor":31,"turns":3},{"damage":23,"enemies":"Collector","floor":33,"turns":10},{"damage":0,"enemies":"Orb Walker","floor":35,"turns":3},{"damage":0,"enemies":"3 Shapes","floor":38,"turns":6},{"damage":15,"enemies":"Jaw Worm Horde","floor":41,"turns":4},{"damage":3,"enemies":"Sphere and 2 Shapes","floor":42,"turns":5},{"damage":9,"enemies":"Mind Bloom Boss Battle","floor":44,"turns":6},{"damage":9,"enemies":"3 Darklings","floor":46,"turns":3},{"damage":14,"enemies":"Reptomancer","floor":48,"turns":6},{"damage":13,"enemies":"Donu and Deca","floor":50,"turns":10}],"seed_played":"-5720430115648419653","potions_obtained":[{"floor":1,"key":"Ancient Potion"},{"floor":4,"key":"SpeedPotion"},{"floor":12,"key":"Energy Potion"},{"floor":16,"key":"Weak Potion"},{"floor":18,"key":"PowerPotion"},{"floor":22,"key":"Swift Potion"},{"floor":44,"key":"GamblersBrew"},{"floor":46,"key":"SpeedPotion"}],"is_trial":false,"path_per_floor":["M","M","$","M","?","R","M","E","T","?","R","E","M","M","R","B",null,"M","?","$","?","M","R","?","E","T","$","M","R","?","M","R","B",null,"M","$","?","M","?","R","M","M","T","?","$","M","$","E","R","B"],"character_chosen":"THE_SILENT","items_purchased":["Bouncing Flask","Dodge and Roll","Poisoned Stab"],"campfire_rested":4,"item_purchase_floors":[3,20,47],"current_hp_per_floor":[68,68,68,67,67,67,59,43,43,70,70,65,45,38,59,50,70,63,63,63,63,63,63,63,15,15,15,6,27,27,27,48,25,70,70,70,70,70,70,70,55,52,52,43,43,40,40,36,57,54],"gold":66,"neow_bonus":"THREE_CARDS","is_prod":false,"is_daily":false,"chose_seed":false,"campfire_upgraded":4,"win_rate":0,"timestamp":1540512462,"path_taken":["M","M","$","M","?","R","M","E","T","?","R","E","?","M","R","BOSS","M","?","$","?","M","R","?","E","T","$","M","R","?","M","R","BOSS","M","$","?","M","?","R","M","M","T","?","$","M","$","E","R","BOSS"],"build_version":"2018-10-25","purchased_purges":6,"victory":true,"max_hp_per_floor":[70,70,70,70,70,70,70,70,70,70,70,70,70,70,70,70,70,70,70,70,70,70,70,70,70,70,70,70,70,70,70,70,70,70,70,70,70,70,70,70,70,70,70,70,70,70,70,70,70,70],"card_choices":[{"not_picked":["Backflip","Outmaneuver"],"picked":"Dagger Throw","floor":0},{"not_picked":["Leg Sweep","Underhanded Strike"],"picked":"Quick Slash","floor":1},{"not_picked":["Backflip","Deflect"],"picked":"Infinite Blades","floor":2},{"not_picked":["Concentrate","PiercingWail"],"picked":"Backflip","floor":4},{"not_picked":["Prepared","Accuracy"],"picked":"Terror","floor":7},{"not_picked":["Acrobatics","Infinite Blades"],"picked":"After Image","floor":8},{"not_picked":["Dash","Eviscerate"],"picked":"Slice","floor":12},{"not_picked":["Underhanded Strike","Blur"],"picked":"Backstab","floor":13},{"not_picked":["Deadly Poison","Underhanded Strike"],"picked":"Poisoned Stab","floor":14},{"not_picked":["Adrenaline","Tools of the Trade"],"picked":"A Thousand Cuts","floor":16},{"not_picked":["Expertise","Deflect+1"],"picked":"Infinite Blades","floor":18},{"not_picked":["Dagger Spray","Accuracy"],"picked":"Bane+1","floor":22},{"not_picked":["Acrobatics","Riddle With Holes"],"picked":"Dash+1","floor":25},{"not_picked":["Burst","Deflect"],"picked":"Prepared+1","floor":28},{"not_picked":["PiercingWail","Predator+1"],"picked":"Backflip","floor":31},{"not_picked":["Reflex"],"picked":"SKIP","floor":35},{"not_picked":["Setup"],"picked":"SKIP","floor":38},{"not_picked":[],"picked":"Good Instincts","floor":39},{"not_picked":[],"picked":"Backflip+1","floor":41},{"not_picked":["Dagger Spray"],"picked":"SKIP","floor":42},{"not_picked":[],"picked":"Cloak And Dagger","floor":46},{"not_picked":[],"picked":"Backstab","floor":48}],"player_experience":216013,"relics_obtained":[{"floor":8,"key":"Bag of Preparation"},{"floor":9,"key":"Bag of Marbles"},{"floor":12,"key":"Bottled Flame"},{"floor":25,"key":"Calipers"},{"floor":26,"key":"Snake Skull"},{"floor":43,"key":"Smiling Mask"},{"floor":44,"key":"Bird Faced Urn"},{"floor":48,"key":"Happy Flower"}],"event_choices":[{"cards_removed":["Defend_G"],"damage_healed":0,"gold_gain":0,"player_choice":"Forget","damage_taken":0,"max_hp_gain":0,"max_hp_loss":0,"event_name":"Living Wall","floor":5,"gold_loss":0},{"damage_healed":27,"gold_gain":0,"player_choice":"Full Heal","damage_taken":0,"max_hp_gain":0,"max_hp_loss":0,"event_name":"Wheel of Change","floor":10,"gold_loss":0},{"damage_healed":0,"gold_gain":0,"player_choice":"Copied","damage_taken":0,"max_hp_gain":0,"max_hp_loss":0,"event_name":"Duplicator","floor":19,"gold_loss":0,"cards_obtained":["After Image"]},{"cards_removed":["Defend_G"],"damage_healed":0,"gold_gain":0,"player_choice":"Gave Gold","damage_taken":0,"max_hp_gain":0,"max_hp_loss":0,"event_name":"Beggar","floor":21,"gold_loss":75},{"damage_healed":0,"gold_gain":0,"player_choice":"Ignored","damage_taken":0,"max_hp_gain":0,"max_hp_loss":0,"event_name":"Vampires","floor":24,"gold_loss":0},{"damage_healed":0,"gold_gain":0,"player_choice":"Ignored","damage_taken":0,"max_hp_gain":0,"max_hp_loss":0,"event_name":"Cursed Tome","floor":30,"gold_loss":0},{"cards_removed":["Defend_G"],"damage_healed":0,"gold_gain":0,"player_choice":"Removed Skill","damage_taken":0,"max_hp_gain":0,"max_hp_loss":0,"event_name":"Falling","floor":37,"gold_loss":0},{"damage_healed":0,"gold_gain":0,"player_choice":"Memory 1","damage_taken":0,"max_hp_gain":0,"max_hp_loss":0,"event_name":"SensoryStone","floor":39,"gold_loss":0},{"damage_healed":0,"gold_gain":0,"player_choice":"Fight","damage_taken":0,"max_hp_gain":0,"max_hp_loss":0,"event_name":"MindBloom","floor":44,"gold_loss":0}],"is_beta":false,"boss_relics":[{"not_picked":["Tiny House","Snecko Eye"],"picked":"WristBlade"},{"not_picked":["Velvet Choker","Runic Pyramid"],"picked":"Busted Crown"}],"items_purged_floors":[3,20,27,36,45,47],"is_endless":false,"potions_floor_spawned":[1,4,12,16,18,22,44,46],"ascension_level":0}