{"gold_per_floor":[115,134,59,75,85,85,110,130,130,130,159,159,178,108,108,208,208,223,223,53,65,78,78,91,91,114,136,162,191,203,240,252,369,381,404,430,460,490,515,527,571,601,613,645,670,592,620,647,659,671],"floor_reached":50,"playtime":4071,"items_purged":["Strike_B"],"score":556,"play_id":"3e97e456-1777-4f84-8b8b-09c52f827717","local_time":"20181018022902","is_ascension_mode":false,"campfire_choices":[{"floor":6,"key":"REST"},{"floor":15,"key":"REST"},{"data":"Conserve Battery","floor":23,"key":"SMITH"},{"floor":25,"key":"REST"},{"floor":30,"key":"REST"},{"floor":32,"key":"REST"},{"floor":40,"key":"REST"},{"floor":49,"key":"REST"}],"neow_cost":"NONE","seed_source_timestamp":170189263856425,"circlet_count":0,"master_deck":["Zap","Dualcast","Reboot","Scrape","Go for the Eyes","Ball Lightning+1","Steam","Beam Cell","Defragment+1","Gash","White Noise","Ball Lightning+1","Conserve Battery+1","Ball Lightning+1","Steam","Conserve Battery","Coolheaded","Conserve Battery","Seek","Reboot","Hologram","Storm","Stack","Beam Cell","Beam Cell","Doom and Gloom","Beam Cell+1","Genetic Algorithm+1","Sweeping Beam","Self Repair","Turbo+1","Gash","Gash","Doom and Gloom+1","Lockon+1"],"relics":["Cracked Core","Turnip","Pantograph","Odd Mushroom","Runic Pyramid","Bronze Scales","MawBank","Darkstone Periapt","Pandora\u0027s Box","Letter Opener","Ornamental Fan","Dodecahedron"],"potions_floor_usage":[7,11,16,24,29,29,35,39,41,44,44,45,48],"damage_taken":[{"damage":5,"enemies":"Cultist","floor":1,"turns":4},{"damage":5,"enemies":"2 Louse","floor":2,"turns":2},{"damage":1,"enemies":"Jaw Worm","floor":4,"turns":3},{"damage":26,"enemies":"Large Slime","floor":5,"turns":5},{"damage":31,"enemies":"3 Sentries","floor":7,"turns":7},{"damage":0,"enemies":"Blue Slaver","floor":8,"turns":3},{"damage":10,"enemies":"The Mushroom Lair","floor":11,"turns":3},{"damage":1,"enemies":"Exordium Thugs","floor":13,"turns":3},{"damage":31,"enemies":"Hexaghost","floor":16,"turns":7},{"damage":19,"enemies":"Spheric Guardian","floor":18,"turns":4},{"damage":12,"enemies":"3 Byrds","floor":21,"turns":3},{"damage":9,"enemies":"Shelled Parasite and Fungi","floor":22,"turns":5},{"damage":14,"enemies":"3 Cultists","floor":24,"turns":4},{"damage":25,"enemies":"Snake Plant","floor":27,"turns":3},{"damage":13,"enemies":"Snecko","floor":28,"turns":5},{"damage":0,"enemies":"Cultist and Chosen","floor":29,"turns":4},{"damage":29,"enemies":"Gremlin Leader","floor":31,"turns":5},{"damage":21,"enemies":"Collector","floor":33,"turns":10},{"damage":33,"enemies":"3 Darklings","floor":35,"turns":4},{"damage":0,"enemies":"Orb Walker","floor":36,"turns":2},{"damage":5,"enemies":"Maw","floor":37,"turns":7},{"damage":14,"enemies":"3 Darklings","floor":38,"turns":4},{"damage":0,"enemies":"Transient","floor":39,"turns":5},{"damage":11,"enemies":"Nemesis","floor":41,"turns":5},{"damage":11,"enemies":"Spire Growth","floor":42,"turns":5},{"damage":12,"enemies":"3 Darklings","floor":44,"turns":3},{"damage":1,"enemies":"Maw","floor":45,"turns":7},{"damage":6,"enemies":"4 Shapes","floor":47,"turns":3},{"damage":23,"enemies":"Spire Growth","floor":48,"turns":4},{"damage":79,"enemies":"Awakened One","floor":50,"turns":7}],"seed_played":"419889979388857547","potions_obtained":[{"floor":1,"key":"SteroidPotion"},{"floor":5,"key":"Swift Potion"},{"floor":7,"key":"Fire Potion"},{"floor":13,"key":"SteroidPotion"},{"floor":16,"key":"Strength Potion"},{"floor":18,"key":"FairyPotion"},{"floor":28,"key":"Strength Potion"},{"floor":31,"key":"GamblersBrew"},{"floor":33,"key":"AttackPotion"},{"floor":35,"key":"Strength Potion"},{"floor":37,"key":"Swift Potion"},{"floor":42,"key":"Regen Potion"},{"floor":44,"key":"AttackPotion"},{"floor":47,"key":"EssenceOfSteel"}],"is_trial":false,"path_per_floor":["M","M","$","M","M","R","E","M","T","?","?","?","M","$","R","B",null,"M","?","$","M","M","R","M","R","T","M","M","M","R","E","R","B",null,"M","M","M","M","M","R","E","M","T","M","M","?","M","M","R"],"character_chosen":"DEFECT","items_purchased":["White Noise","Conserve Battery","Bronze Scales"],"campfire_rested":7,"item_purchase_floors":[14,20,20],"current_hp_per_floor":[70,65,65,64,38,60,29,29,29,29,19,19,18,18,40,34,75,56,56,56,44,35,35,21,43,43,18,5,5,27,7,29,33,75,42,42,37,23,23,45,34,30,30,34,40,40,34,18,40,0],"gold":671,"neow_bonus":"TRANSFORM_CARD","is_prod":false,"is_daily":false,"chose_seed":false,"campfire_upgraded":1,"win_rate":0,"timestamp":1539818942,"path_taken":["M","M","?","?","M","R","E","M","T","?","?","?","M","$","R","BOSS","M","?","$","?","M","R","M","R","T","?","M","M","R","E","R","BOSS","M","M","M","?","M","R","E","M","T","M","M","?","M","?","R","BOSS"],"build_version":"2018-10-11","purchased_purges":1,"victory":false,"max_hp_per_floor":[75,75,75,75,75,75,75,75,75,75,75,75,75,75,75,75,75,75,75,75,75,75,75,75,75,75,75,75,75,75,75,75,75,75,75,75,75,75,75,75,75,75,75,75,75,75,75,75,75,75],"card_choices":[{"not_picked":["Heatsinks","Glacier"],"picked":"Scrape","floor":1},{"not_picked":["Rebound","Cold Snap"],"picked":"Go for the Eyes","floor":2},{"not_picked":["Hello World","Coolheaded","Cold Snap"],"picked":"SKIP","floor":4},{"not_picked":["Compile Driver","Beam Cell"],"picked":"Ball Lightning","floor":5},{"not_picked":["Beam Cell","Streamline"],"picked":"Steam","floor":7},{"not_picked":["Capacitor","Reboot"],"picked":"Beam Cell","floor":8},{"not_picked":["Go for the Eyes","Redo"],"picked":"Defragment","floor":11},{"not_picked":["Skim","Conserve Battery"],"picked":"Gash","floor":13},{"not_picked":["Sweeping Beam","Chill"],"picked":"Ball Lightning+1","floor":18},{"not_picked":["Glacier","Ball Lightning","Rip and Tear"],"picked":"SKIP","floor":21},{"not_picked":["Hologram","Barrage"],"picked":"Ball Lightning+1","floor":22},{"not_picked":["Cold Snap+1","Beam Cell"],"picked":"Steam","floor":24},{"not_picked":["Doom and Gloom","Tempest"],"picked":"Conserve Battery","floor":27},{"not_picked":["Compile Driver","Blizzard"],"picked":"Coolheaded","floor":28},{"not_picked":["Undo+1","Doom and Gloom"],"picked":"Conserve Battery","floor":29},{"not_picked":["Static Discharge","Go for the Eyes"],"picked":"Seek","floor":31},{"not_picked":["Machine Learning","Multi-Cast"],"picked":"Reboot","floor":33},{"not_picked":["Melter","Redo","Recycle"],"picked":"SKIP","floor":35},{"not_picked":["Coolheaded","Tempest+1"],"picked":"Beam Cell+1","floor":36},{"not_picked":["Barrage+1","Redo"],"picked":"Genetic Algorithm+1","floor":37},{"not_picked":["Conserve Battery","Stack"],"picked":"Sweeping Beam","floor":38},{"not_picked":["Sunder","Rip and Tear","Go for the Eyes"],"picked":"SKIP","floor":39},{"not_picked":["Scrape","FTL"],"picked":"Self Repair","floor":41},{"not_picked":["Compile Driver+1","Scrape+1"],"picked":"Turbo+1","floor":42},{"not_picked":["Stack","Darkness+1"],"picked":"Gash","floor":44},{"not_picked":["Heatsinks+1","Hologram"],"picked":"Gash","floor":45},{"not_picked":["FTL+1","Hello World"],"picked":"Doom and Gloom+1","floor":47},{"not_picked":["Turbo+1","Aggregate"],"picked":"Lockon+1","floor":48}],"player_experience":148200,"relics_obtained":[{"floor":7,"key":"Turnip"},{"floor":9,"key":"Pantograph"},{"floor":11,"key":"Odd Mushroom"},{"floor":26,"key":"MawBank"},{"floor":31,"key":"Darkstone Periapt"},{"floor":41,"key":"Letter Opener"},{"floor":43,"key":"Ornamental Fan"}],"event_choices":[{"event_name":"Accursed Blacksmith","player_choice":"Forge","floor":10,"damage_taken":0},{"event_name":"Mushrooms","player_choice":"Fought Mushrooms","floor":11,"damage_taken":0},{"event_name":"Living Wall","player_choice":"Grow","floor":12,"damage_taken":0},{"event_name":"Ghosts","player_choice":"Ignored","floor":19,"damage_taken":0},{"event_name":"WeMeetAgain","player_choice":"Gold","floor":46,"damage_taken":0}],"is_beta":false,"boss_relics":[{"not_picked":["Empty Cage","Busted Crown"],"picked":"Runic Pyramid"},{"not_picked":["Coffee Dripper","FrozenCore"],"picked":"Pandora\u0027s Box"}],"items_purged_floors":[3],"is_endless":false,"potions_floor_spawned":[1,5,7,13,16,18,21,28,31,33,35,37,42,44,47],"killed_by":"Awakened One","ascension_level":0}