{"gold_per_floor":[117,133,143,143,143,143,173,173,198,198,273,283,283,302,302,404,404,391,403,4,21,0,33,45,84,96,108,136,148,171,193,205,322,334,358,370,401,112,112],"floor_reached":39,"playtime":2814,"items_purged":["Storm of Steel"],"score":426,"play_id":"bf6a80b9-a7dc-4ded-a579-173692443b1b","local_time":"20181020021057","is_ascension_mode":false,"campfire_choices":[{"data":"Crippling Poison","floor":6,"key":"SMITH"},{"data":"Flying Knee","floor":8,"key":"SMITH"},{"floor":13,"key":"REST"},{"floor":15,"key":"REST"},{"floor":27,"key":"REST"},{"floor":29,"key":"REST"},{"floor":32,"key":"REST"}],"neow_cost":"NONE","seed_source_timestamp":306030430982109,"circlet_count":0,"master_deck":["Defend_G","Defend_G","Defend_G","Defend_G","Defend_G","Strike_G","Strike_G","Strike_G","Strike_G","Survivor","Neutralize","Crippling Poison+1","Deflect","Backstab","Flying Knee+1","Finisher","Prepared","A Thousand Cuts","Blur","Deflect+1","Footwork","Deflect","Slice+1","Escape Plan","Concentrate","Cloak And Dagger","Outmaneuver+1","Deadly Poison+1","Poisoned Stab+1","Outmaneuver","Cloak And Dagger","Madness","Madness","Flying Knee","Dodge and Roll","Caltrops"],"relics":["Runic Pyramid","Art of War","Happy Flower","Shuriken","WristBlade","Membership Card","Thread and Needle","MawBank","Dream Catcher","Turnip","Fusion Hammer","Incense Burner","Regal Pillow"],"potions_floor_usage":[16,23,33,33,39],"damage_taken":[{"damage":0,"enemies":"Jaw Worm","floor":1,"turns":5},{"damage":6,"enemies":"Cultist","floor":2,"turns":4},{"damage":0,"enemies":"Small Slimes","floor":3,"turns":4},{"damage":16,"enemies":"Lagavulin","floor":7,"turns":9},{"damage":9,"enemies":"Exordium Wildlife","floor":12,"turns":4},{"damage":0,"enemies":"Looter","floor":14,"turns":2},{"damage":31,"enemies":"Hexaghost","floor":16,"turns":9},{"damage":20,"enemies":"2 Thieves","floor":18,"turns":4},{"damage":7,"enemies":"3 Byrds","floor":19,"turns":5},{"damage":0,"enemies":"Snake Plant","floor":21,"turns":5},{"damage":26,"enemies":"Gremlin Leader","floor":23,"turns":6},{"damage":6,"enemies":"Centurion and Healer","floor":28,"turns":7},{"damage":6,"enemies":"Snecko","floor":30,"turns":7},{"damage":0,"enemies":"3 Cultists","floor":31,"turns":4},{"damage":27,"enemies":"Champ","floor":33,"turns":13},{"damage":39,"enemies":"3 Darklings","floor":35,"turns":8},{"damage":9,"enemies":"Orb Walker","floor":37,"turns":4},{"damage":23,"enemies":"Transient","floor":39,"turns":5}],"seed_played":"6058876330878151724","potions_obtained":[{"floor":12,"key":"AttackPotion"},{"floor":19,"key":"Poison Potion"},{"floor":23,"key":"FearPotion"},{"floor":28,"key":"Fire Potion"},{"floor":37,"key":"GamblersBrew"}],"is_trial":false,"path_per_floor":["M","M","M","?","?","R","E","R","T","?","?","M","R","M","R","B",null,"M","M","$","M","?","E","?","T","T","R","M","R","M","M","R","B",null,"M","?","M","$"],"character_chosen":"THE_SILENT","items_purchased":["Membership Card","Thread and Needle","Footwork","Deflect","Dodge and Roll","Incense Burner","Regal Pillow","Caltrops"],"campfire_rested":5,"item_purchase_floors":[20,20,20,20,38,38,38,38],"current_hp_per_floor":[70,64,64,64,69,69,53,53,53,46,35,26,48,48,70,39,75,55,48,48,48,48,22,22,22,22,44,38,60,54,54,75,48,75,36,27,18,18,0],"gold":112,"neow_bonus":"BOSS_RELIC","is_prod":false,"is_daily":false,"chose_seed":false,"campfire_upgraded":2,"win_rate":0,"timestamp":1539990657,"path_taken":["M","M","M","?","?","R","E","R","T","?","?","M","R","M","R","BOSS","M","M","$","M","?","E","?","?","T","R","M","R","M","?","R","BOSS","M","?","M","$","M"],"build_version":"2018-10-18","purchased_purges":1,"victory":false,"max_hp_per_floor":[70,70,70,70,75,75,75,75,75,75,75,75,75,75,75,75,75,75,75,75,75,75,75,75,75,75,75,75,75,75,75,75,75,75,75,75,75,75,75],"card_choices":[{"not_picked":["Dagger Throw","Cloak And Dagger"],"picked":"Crippling Poison","floor":1},{"not_picked":["Poisoned Stab","Bouncing Flask"],"picked":"Deflect","floor":2},{"not_picked":["Sucker Punch","Underhanded Strike"],"picked":"Backstab","floor":3},{"not_picked":["Backflip","Footwork"],"picked":"Flying Knee","floor":7},{"not_picked":["Deflect","Catalyst"],"picked":"Finisher","floor":12},{"not_picked":["Terror","Expertise"],"picked":"Prepared","floor":14},{"not_picked":["Tools of the Trade","Storm of Steel"],"picked":"A Thousand Cuts","floor":16},{"not_picked":["Deadly Poison+1","Caltrops"],"picked":"Blur","floor":18},{"not_picked":["PiercingWail","Deadly Poison"],"picked":"Deflect+1","floor":19},{"not_picked":["Backflip","Underhanded Strike"],"picked":"Slice+1","floor":21},{"not_picked":["Deadly Poison","Heel Hook"],"picked":"Escape Plan","floor":23},{"not_picked":["Deflect","Sucker Punch"],"picked":"Concentrate","floor":27},{"not_picked":["Backflip","Terror"],"picked":"Cloak And Dagger","floor":28},{"not_picked":["Noxious Fumes","Dagger Throw+1"],"picked":"Outmaneuver+1","floor":29},{"not_picked":["A Thousand Cuts","Underhanded Strike"],"picked":"Deadly Poison+1","floor":30},{"not_picked":["Reflex+1","Dagger Spray"],"picked":"Poisoned Stab+1","floor":31},{"not_picked":["Deflect+1","Expertise"],"picked":"Outmaneuver","floor":32},{"not_picked":["Venomology","A Thousand Cuts"],"picked":"Storm of Steel","floor":33},{"not_picked":["Prepared","Skewer"],"picked":"Cloak And Dagger","floor":35},{"not_picked":["Eviscerate","Slice+1"],"picked":"Flying Knee","floor":37}],"player_experience":174828,"relics_obtained":[{"floor":7,"key":"Art of War"},{"floor":9,"key":"Happy Flower"},{"floor":23,"key":"MawBank"},{"floor":25,"key":"Dream Catcher"},{"floor":26,"key":"Turnip"}],"event_choices":[{"cards_removed":["Strike_G"],"damage_healed":0,"gold_gain":0,"player_choice":"Purged","damage_taken":0,"max_hp_gain":0,"max_hp_loss":0,"event_name":"Purifier","floor":4,"gold_loss":0},{"damage_healed":0,"gold_gain":0,"player_choice":"Donut","damage_taken":0,"max_hp_gain":5,"max_hp_loss":0,"event_name":"Big Fish","floor":5,"gold_loss":0},{"damage_healed":0,"gold_gain":0,"player_choice":"Success","damage_taken":7,"relics_obtained":["Shuriken"],"max_hp_gain":0,"max_hp_loss":0,"event_name":"Scrap Ooze","floor":10,"gold_loss":0},{"damage_healed":0,"gold_gain":75,"player_choice":"Gather Gold","damage_taken":11,"max_hp_gain":0,"max_hp_loss":0,"event_name":"World of Goop","floor":11,"gold_loss":0},{"damage_healed":0,"gold_gain":0,"player_choice":"Paid Fearfully","damage_taken":0,"max_hp_gain":0,"max_hp_loss":0,"event_name":"Masked Bandits","floor":22,"gold_loss":21},{"damage_healed":0,"gold_gain":0,"player_choice":"Ignored","damage_taken":0,"max_hp_gain":0,"max_hp_loss":0,"event_name":"Ghosts","floor":24,"gold_loss":0},{"damage_healed":0,"gold_gain":0,"player_choice":"Embrace Madness","damage_taken":9,"max_hp_gain":0,"max_hp_loss":0,"event_name":"Winding Halls","floor":36,"gold_loss":0,"cards_obtained":["Madness","Madness"]}],"is_beta":false,"boss_relics":[{"not_picked":["Pandora\u0027s Box","Runic Dome"],"picked":"WristBlade"},{"not_picked":["Empty Cage","Eternal Feather"],"picked":"Fusion Hammer"}],"items_purged_floors":[38],"is_endless":false,"potions_floor_spawned":[12,19,23,28,37],"killed_by":"Transient","ascension_level":0}