{"gold_per_floor":[16,16,36,46,58,58,68,129,129,129,140,170,170,132,132,206,206,225,238,238,238,66,66,82,99,123,123,123,150,150,183,183,254,254,274,284,297,297,317,317,165,182,208,208,24,37,37,53,53,53],"floor_reached":51,"playtime":2663,"items_purged":[],"score":1270,"play_id":"db417a04-9fd3-4dd6-aa36-08432fa7f4dd","local_time":"20190518191438","is_ascension_mode":true,"campfire_choices":[{"data":"After Image","floor":6.0,"key":"SMITH"},{"data":"Neutralize","floor":10.0,"key":"SMITH"},{"floor":13.0,"key":"REST"},{"data":"Corpse Explosion","floor":15.0,"key":"SMITH"},{"data":"Strike_G","floor":23.0,"key":"PURGE"},{"floor":27.0,"key":"REST"},{"data":"Defend_G","floor":30.0,"key":"PURGE"},{"data":"Defend_G","floor":32.0,"key":"PURGE"},{"data":"Defend_G","floor":40.0,"key":"PURGE"},{"data":"Defend_G","floor":49.0,"key":"PURGE"}],"neow_cost":"NO_GOLD","seed_source_timestamp":1124794918644660,"circlet_count":0,"master_deck":["AscendersBane","Defend_G","Survivor","Neutralize+1","After Image+1","Flying Knee","Corpse Explosion+1","Backflip","Backflip","Deadly Poison","Bullet Time","Necronomicurse","Malaise","Bite+1","Bite","Bite","Bite","Bite","Footwork","Deadly Poison+1","Footwork","Adrenaline","Mayhem"],"special_seed":0,"relics":["Ring of the Snake","Peace Pipe","Bird Faced Urn","Matryoshka","Fusion Hammer","Necronomicon","Paper Crane","Pen Nib","Omamori","Lantern","Busted Crown","Happy Flower","Snake Skull"],"potions_floor_usage":[],"damage_taken":[{"damage":0.0,"enemies":"Cultist","floor":1.0,"turns":4.0},{"damage":1.0,"enemies":"2 Louse","floor":3.0,"turns":3.0},{"damage":3.0,"enemies":"Small Slimes","floor":4.0,"turns":5.0},{"damage":4.0,"enemies":"3 Louse","floor":5.0,"turns":3.0},{"damage":3.0,"enemies":"2 Fungi Beasts","floor":7.0,"turns":4.0},{"damage":8.0,"enemies":"Gremlin Nob","floor":8.0,"turns":4.0},{"damage":4.0,"enemies":"Exordium Thugs","floor":11.0,"turns":4.0},{"damage":12.0,"enemies":"Lagavulin","floor":12.0,"turns":7.0},{"damage":10.0,"enemies":"The Guardian","floor":16.0,"turns":9.0},{"damage":4.0,"enemies":"Spheric Guardian","floor":18.0,"turns":4.0},{"damage":7.0,"enemies":"3 Byrds","floor":19.0,"turns":3.0},{"damage":0.0,"enemies":"Centurion and Healer","floor":24.0,"turns":6.0},{"damage":22.0,"enemies":"Cultist and Chosen","floor":25.0,"turns":8.0},{"damage":29.0,"enemies":"Gremlin Leader","floor":29.0,"turns":8.0},{"damage":3.0,"enemies":"Book of Stabbing","floor":31.0,"turns":8.0},{"damage":44.0,"enemies":"Champ","floor":33.0,"turns":14.0},{"damage":22.0,"enemies":"3 Darklings","floor":35.0,"turns":4.0},{"damage":0.0,"enemies":"3 Shapes","floor":36.0,"turns":3.0},{"damage":38.0,"enemies":"3 Darklings","floor":37.0,"turns":4.0},{"damage":10.0,"enemies":"Jaw Worm Horde","floor":39.0,"turns":4.0},{"damage":29.0,"enemies":"Transient","floor":42.0,"turns":5.0},{"damage":8.0,"enemies":"Maw","floor":46.0,"turns":8.0},{"damage":16.0,"enemies":"4 Shapes","floor":48.0,"turns":5.0},{"damage":45,"enemies":"Awakened One","floor":50,"turns":17}],"seed_played":"-7579531116683988703","potions_obtained":[{"floor":3.0,"key":"Poison Potion"},{"floor":7.0,"key":"Fire Potion"},{"floor":8.0,"key":"Fire Potion"},{"floor":11.0,"key":"Explosive Potion"},{"floor":16.0,"key":"Swift Potion"},{"floor":31.0,"key":"GamblersBrew"},{"floor":33.0,"key":"Swift Potion"},{"floor":36.0,"key":"GhostInAJar"},{"floor":48.0,"key":"SneckoOil"}],"is_trial":false,"path_per_floor":["M","?","M","M","M","R","M","?","T","R","M","E","R","?","R","B",null,"M","M","$","?","$","R","M","M","T","R","?","E","R","E","R","B",null,"M","M","M","?","M","R","$","M","T","?","$","M","?","M","R","B",null],"character_chosen":"THE_SILENT","items_purchased":["Malaise","Adrenaline","Mayhem"],"campfire_rested":2,"item_purchase_floors":[22,41,45],"current_hp_per_floor":[59,52,51,48,44,44,41,33,33,33,31,21,40,40,40,32,58,56,51,51,30,30,30,32,12,12,31,31,28,28,46,46,19,39,28,38,8,8,14,14,14,9,9,9,9,33,33,36,36,45],"gold":53,"neow_bonus":"THREE_RARE_CARDS","is_prod":false,"is_daily":false,"chose_seed":false,"campfire_upgraded":3,"win_rate":0,"timestamp":1558221278,"path_taken":["M","?","M","M","M","R","M","?","T","R","M","E","R","?","R","BOSS","M","M","$","?","$","R","M","M","T","R","?","E","R","E","R","BOSS","M","M","M","?","M","R","$","M","T","?","$","M","?","?","R","BOSS"],"build_version":"2019-01-23","purchased_purges":0,"victory":true,"max_hp_per_floor":[66,66,66,66,66,66,66,66,66,66,66,66,66,66,66,66,66,66,66,66,66,66,66,66,66,66,66,46,46,46,46,46,46,46,46,46,46,46,46,46,46,46,46,46,46,46,46,46,46,46],"card_choices":[{"not_picked":["A Thousand Cuts","Malaise"],"picked":"After Image","floor":0.0},{"not_picked":["Quick Slash","Catalyst","Choke"],"picked":"SKIP","floor":1.0},{"not_picked":["Tactician","Blade Dance"],"picked":"Flying Knee","floor":3.0},{"not_picked":["Poisoned Stab","Slice"],"picked":"Corpse Explosion","floor":4.0},{"not_picked":["Quick Slash","Eviscerate"],"picked":"Backflip","floor":5.0},{"not_picked":["Slice","Quick Slash"],"picked":"Backflip","floor":7.0},{"not_picked":["Backflip","Infinite Blades"],"picked":"Deadly Poison","floor":11.0},{"not_picked":["Outmaneuver","All Out Attack","Flying Knee"],"picked":"SKIP","floor":12.0},{"not_picked":["Venomology","Die Die Die"],"picked":"Bullet Time","floor":16.0},{"not_picked":["Reflex","Dash","Quick Slash"],"picked":"SKIP","floor":18.0},{"not_picked":["Underhanded Strike+1","Dagger Spray","Dagger Throw"],"picked":"SKIP","floor":19.0},{"not_picked":["Poisoned Stab+1","Deflect","Outmaneuver"],"picked":"SKIP","floor":24.0},{"not_picked":["Dodge and Roll","Bane","Flying Knee"],"picked":"SKIP","floor":25.0},{"not_picked":["Choke","Dodge and Roll"],"picked":"Footwork","floor":29.0},{"not_picked":["Phantasmal Killer","Outmaneuver"],"picked":"Deadly Poison+1","floor":31.0},{"not_picked":["Bouncing Flask"],"picked":"SKIP","floor":35.0},{"not_picked":["Reflex+1"],"picked":"SKIP","floor":36.0},{"not_picked":[],"picked":"Footwork","floor":37.0},{"not_picked":["Concentrate+1"],"picked":"SKIP","floor":39.0},{"not_picked":["Backflip+1"],"picked":"SKIP","floor":42.0},{"not_picked":["Heel Hook"],"picked":"SKIP","floor":46.0},{"not_picked":["Slice+1"],"picked":"SKIP","floor":48.0}],"player_experience":460120,"relics_obtained":[{"floor":8.0,"key":"Peace Pipe"},{"floor":9.0,"key":"Bird Faced Urn"},{"floor":12.0,"key":"Matryoshka"},{"floor":21.0,"key":"Necronomicon"},{"floor":26.0,"key":"Paper Crane"},{"floor":26.0,"key":"Pen Nib"},{"floor":29.0,"key":"Omamori"},{"floor":31.0,"key":"Lantern"},{"floor":43.0,"key":"Happy Flower"},{"floor":43.0,"key":"Snake Skull"}],"event_choices":[{"cards_removed":["Strike_G"],"damage_healed":0.0,"max_hp_gain":0.0,"max_hp_loss":0.0,"gold_gain":0.0,"event_name":"Golden Wing","player_choice":"Card Removal","floor":2.0,"gold_loss":0.0,"damage_taken":7.0},{"damage_healed":0.0,"max_hp_gain":0.0,"max_hp_loss":0.0,"gold_gain":0.0,"event_name":"Dead Adventurer","player_choice":"Searched \u00271\u0027 times","floor":8.0,"gold_loss":0.0,"damage_taken":0.0},{"damage_healed":0.0,"max_hp_gain":0.0,"max_hp_loss":0.0,"gold_gain":0.0,"event_name":"World of Goop","player_choice":"Left Gold","floor":14.0,"gold_loss":38.0,"damage_taken":0.0},{"damage_healed":0.0,"max_hp_gain":0.0,"max_hp_loss":0.0,"gold_gain":0.0,"event_name":"Cursed Tome","player_choice":"Obtained Book","floor":21.0,"gold_loss":0.0,"damage_taken":21.0},{"damage_healed":0.0,"max_hp_gain":0.0,"max_hp_loss":20.0,"gold_gain":0.0,"event_name":"Vampires","player_choice":"Became a vampire","floor":28.0,"gold_loss":0.0,"damage_taken":0.0,"cards_obtained":["Bite","Bite","Bite","Bite","Bite"]},{"damage_healed":0.0,"max_hp_gain":0.0,"max_hp_loss":0.0,"gold_gain":0.0,"event_name":"The Moai Head","player_choice":"Ignored","floor":38.0,"gold_loss":0.0,"damage_taken":0.0},{"damage_healed":0.0,"max_hp_gain":0.0,"max_hp_loss":0.0,"gold_gain":0.0,"event_name":"Mysterious Sphere","player_choice":"Ignored","floor":44.0,"gold_loss":0.0,"damage_taken":0.0},{"damage_healed":0.0,"max_hp_gain":0.0,"max_hp_loss":0.0,"gold_gain":0.0,"event_name":"Upgrade Shrine","player_choice":"Upgraded","floor":47.0,"gold_loss":0.0,"damage_taken":0.0,"cards_upgraded":["Bite"]}],"is_beta":false,"boss_relics":[{"not_picked":["Runic Pyramid","Eternal Feather"],"picked":"Fusion Hammer"},{"not_picked":["Runic Dome","HoveringKite"],"picked":"Busted Crown"}],"items_purged_floors":[],"is_endless":false,"potions_floor_spawned":[3,7,8,11,12,16,24,31,33,35,36,48],"ascension_level":16}