{"gold_per_floor":[115,131,30,30,30,30,57,57,57,57],"floor_reached":10,"playtime":531,"items_purged":["Strike_B"],"score":86,"play_id":"8bb41a04-a63c-43d1-9304-862ae8d24880","local_time":"20190517164555","is_ascension_mode":true,"campfire_choices":[{"data":"Dualcast","floor":6,"key":"SMITH"}],"neow_cost":"NONE","seed_source_timestamp":121156096583222,"circlet_count":0,"master_deck":["Strike_B","Strike_B","Strike_B","Defend_B","Defend_B","Defend_B","Defend_B+1","Zap+1","Dualcast+1","Conserve Battery","Coolheaded+1","Conserve Battery","Regret","Beam Cell"],"relics":["Cracked Core","Anchor","Vajra","Molten Egg 2"],"potions_floor_usage":[],"damage_taken":[{"damage":0,"enemies":"2 Louse","floor":1,"turns":3},{"damage":2,"enemies":"Jaw Worm","floor":2,"turns":3},{"damage":5,"enemies":"3 Sentries","floor":7,"turns":11},{"damage":61,"enemies":"Gremlin Nob","floor":10,"turns":5}],"seed_played":"-7581256303127286537","potions_obtained":[],"is_trial":false,"path_per_floor":["M","M","$","?","?","R","E","?","T","E"],"character_chosen":"DEFECT","items_purchased":["Conserve Battery"],"campfire_rested":0,"item_purchase_floors":[3],"current_hp_per_floor":[75,73,73,73,57,57,52,52,52,0],"gold":57,"neow_bonus":"TEN_PERCENT_HP_BONUS","is_prod":false,"is_daily":false,"chose_seed":false,"campfire_upgraded":1,"win_rate":0,"timestamp":1558125955,"path_taken":["M","M","$","?","?","R","E","?","T","E"],"build_version":"2019-01-23","purchased_purges":1,"victory":false,"max_hp_per_floor":[82,82,82,82,82,82,82,82,82,82],"card_choices":[{"not_picked":["Leap","Barrage"],"picked":"Conserve Battery","floor":1},{"not_picked":["Cold Snap","Rebound"],"picked":"Coolheaded","floor":2},{"not_picked":["Glacier","Static Discharge"],"picked":"Beam Cell","floor":7}],"player_experience":333359,"relics_obtained":[{"floor":7,"key":"Vajra"},{"floor":9,"key":"Molten Egg 2"}],"event_choices":[{"damage_healed":0,"gold_gain":0,"player_choice":"Box","damage_taken":0,"relics_obtained":["Anchor"],"max_hp_gain":0,"max_hp_loss":0,"event_name":"Big Fish","floor":4,"gold_loss":0,"cards_obtained":["Regret"]},{"damage_healed":0,"gold_gain":0,"player_choice":"Entered Light","damage_taken":16,"max_hp_gain":0,"max_hp_loss":0,"event_name":"Shining Light","floor":5,"gold_loss":0,"cards_upgraded":["Zap","Defend_B"]},{"damage_healed":0,"gold_gain":0,"player_choice":"Forge","damage_taken":0,"max_hp_gain":0,"max_hp_loss":0,"event_name":"Accursed Blacksmith","floor":8,"gold_loss":0,"cards_upgraded":["Coolheaded"]}],"is_beta":false,"boss_relics":[],"items_purged_floors":[3],"is_endless":false,"potions_floor_spawned":[],"killed_by":"Gremlin Nob","ascension_level":7}