{"gold_per_floor":[117,135,135,2,2,2,43,61,87,87,12,36,36,69,69,160,160,178,101,16,31,7,38,38,79,103,139,164,164,2,23,23,23],"floor_reached":33,"playtime":1772,"items_purged":["Strike_R"],"score":622,"play_id":"c39ae3a5-b01b-4c5a-ab8e-cbf64ca86329","local_time":"20190608105447","is_ascension_mode":true,"campfire_choices":[{"floor":6.0,"key":"REST"},{"data":"Whirlwind","floor":10.0,"key":"SMITH"},{"data":"Inflame","floor":13.0,"key":"SMITH"},{"floor":15.0,"key":"RECALL"},{"floor":24.0,"key":"REST"},{"floor":29.0,"key":"REST"},{"data":"Fiend Fire","floor":32.0,"key":"SMITH"}],"neow_cost":"NONE","seed_source_timestamp":841904973640326,"circlet_count":0,"master_deck":["AscendersBane","Strike_R+1","Defend_R","Defend_R","Defend_R","Defend_R","Bash+1","Carnage+1","Inflame+1","Ghostly Armor","Whirlwind+1","Fiend Fire+1","Fire Breathing+1","Bloodletting+1","Dark Embrace+1","Pummel","Metallicize","True Grit","True Grit","Shrug It Off","Shrug It Off","Barricade"],"special_seed":0,"relics":["Burning Blood","Whetstone","Golden Idol","Potion Belt","Bag of Preparation","Anchor","Astrolabe","Mummified Hand","Art of War","Orichalcum","Omamori","Vajra","Red Skull"],"potions_floor_usage":[33],"damage_taken":[{"damage":4.0,"enemies":"Small Slimes","floor":1.0,"turns":4.0},{"damage":3.0,"enemies":"2 Louse","floor":2.0,"turns":3.0},{"damage":30.0,"enemies":"Lagavulin","floor":7.0,"turns":6.0},{"damage":0.0,"enemies":"Cultist","floor":8.0,"turns":2.0},{"damage":0.0,"enemies":"Large Slime","floor":12.0,"turns":3.0},{"damage":20.0,"enemies":"3 Sentries","floor":14.0,"turns":5.0},{"damage":29.0,"enemies":"Hexaghost","floor":16.0,"turns":7.0},{"damage":0.0,"enemies":"Spheric Guardian","floor":18.0,"turns":1.0},{"damage":3.0,"enemies":"3 Byrds","floor":21.0,"turns":3.0},{"damage":36.0,"enemies":"Gremlin Leader","floor":23.0,"turns":6.0},{"damage":28.0,"enemies":"Slavers","floor":25.0,"turns":6.0},{"damage":30.0,"enemies":"Gremlin Leader","floor":27.0,"turns":6.0},{"damage":5.0,"enemies":"Snecko","floor":28.0,"turns":4.0},{"damage":3.0,"enemies":"Cultist and Chosen","floor":31.0,"turns":3.0},{"damage":55,"enemies":"Automaton","floor":33,"turns":6}],"seed_played":"8461851030687873169","potions_obtained":[{"floor":7.0,"key":"EssenceOfSteel"},{"floor":8.0,"key":"Poison Potion"},{"floor":14.0,"key":"GamblersBrew"},{"floor":21.0,"key":"Poison Potion"},{"floor":28.0,"key":"AttackPotion"},{"floor":31.0,"key":"Energy Potion"}],"is_trial":false,"path_per_floor":["M","M","?","$","?","R","E","M","T","R","$","M","R","E","R","B",null,"M","$","?","M","$","E","R","E","T","E","M","R","$","M","R","B"],"character_chosen":"IRONCLAD","items_purchased":["Inflame","Explosive Potion","Metallicize","True Grit","Red Skull"],"campfire_rested":3,"item_purchase_floors":[4,4,19,22,30],"current_hp_per_floor":[70,73,47,47,47,69,45,51,51,51,51,57,57,43,43,20,61,67,67,67,70,70,40,62,40,40,16,17,39,39,42,42,0],"gold":23,"neow_bonus":"RANDOM_COMMON_RELIC","is_prod":false,"is_daily":false,"chose_seed":false,"campfire_upgraded":3,"win_rate":0,"timestamp":1560016487,"path_taken":["M","M","?","$","?","R","E","M","T","R","$","?","R","E","R","BOSS","M","$","?","M","?","E","R","E","T","E","M","R","$","M","R","BOSS"],"build_version":"2019-06-07","purchased_purges":1,"victory":false,"max_hp_per_floor":[75,75,75,75,75,75,75,75,75,75,75,75,75,75,75,75,75,75,75,75,75,75,75,75,75,75,75,75,75,75,75,75,75],"card_choices":[{"not_picked":["Wild Strike","Flex"],"picked":"Carnage","floor":1.0},{"not_picked":["Wild Strike","Perfected Strike","Intimidate"],"picked":"SKIP","floor":2.0},{"not_picked":["Cleave","Fire Breathing"],"picked":"Ghostly Armor","floor":7.0},{"not_picked":["Corruption","Headbutt"],"picked":"Whirlwind","floor":8.0},{"not_picked":["Cleave","Body Slam","Anger"],"picked":"SKIP","floor":12.0},{"not_picked":["Twin Strike","Heavy Blade","Anger"],"picked":"SKIP","floor":14.0},{"not_picked":["Brutality","Feed"],"picked":"Fiend Fire","floor":16.0},{"not_picked":["Flex","Anger"],"picked":"Pummel","floor":18.0},{"not_picked":["Wild Strike+1","Armaments"],"picked":"True Grit","floor":21.0},{"not_picked":["Perfected Strike","Reckless Charge","Wild Strike"],"picked":"SKIP","floor":23.0},{"not_picked":["Twin Strike","Uppercut"],"picked":"Shrug It Off","floor":25.0},{"not_picked":["Wild Strike","Clothesline"],"picked":"Shrug It Off","floor":27.0},{"not_picked":["Cleave","Clothesline"],"picked":"Barricade","floor":28.0},{"not_picked":["Body Slam","Perfected Strike","Clothesline"],"picked":"SKIP","floor":31.0}],"player_experience":1623137,"relics_obtained":[{"floor":7.0,"key":"Potion Belt"},{"floor":9.0,"key":"Bag of Preparation"},{"floor":14.0,"key":"Anchor"},{"floor":23.0,"key":"Art of War"},{"floor":25.0,"key":"Orichalcum"},{"floor":26.0,"key":"Omamori"},{"floor":27.0,"key":"Vajra"}],"event_choices":[{"damage_healed":0.0,"max_hp_gain":0.0,"max_hp_loss":0.0,"gold_gain":0.0,"event_name":"Golden Idol","player_choice":"Take Damage","floor":3.0,"gold_loss":0.0,"damage_taken":26.0,"relics_obtained":["Golden Idol"]},{"damage_healed":0.0,"max_hp_gain":0.0,"max_hp_loss":0.0,"gold_gain":0.0,"event_name":"Upgrade Shrine","player_choice":"Upgraded","floor":5.0,"gold_loss":0.0,"damage_taken":0.0,"cards_upgraded":["Carnage"]},{"damage_healed":0.0,"max_hp_gain":0.0,"max_hp_loss":0.0,"gold_gain":0.0,"event_name":"Addict","player_choice":"Obtained Relic","floor":20.0,"gold_loss":85.0,"damage_taken":0.0,"relics_obtained":["Mummified Hand"]}],"is_beta":true,"boss_relics":[{"not_picked":["Mark of Pain","Orrery"],"picked":"Astrolabe"}],"items_purged_floors":[11],"is_endless":false,"potions_floor_spawned":[7,8,14,21,28,31],"killed_by":"Automaton","ascension_level":20}