{"gold_per_floor":[118,131,131,56,70,70,98,98,98,108,127,127,141,71,71,175,175,115,43,43,43,55,55,81,81,81,95,114,128,128,147,147,243,243,253,253,269,285,299,299,299],"floor_reached":41,"playtime":19092,"items_purged":["Strike_G"],"score":490,"play_id":"302b60e3-2641-4bc8-becc-545a125f178c","local_time":"20190529192657","is_ascension_mode":false,"campfire_choices":[{"data":"Footwork","floor":6,"key":"SMITH"},{"data":"After Image","floor":8,"key":"SMITH"},{"data":"Neutralize","floor":12,"key":"SMITH"},{"data":"Footwork","floor":15,"key":"SMITH"},{"data":"Noxious Fumes","floor":23,"key":"SMITH"},{"data":"A Thousand Cuts","floor":25,"key":"SMITH"},{"data":"Catalyst","floor":32,"key":"SMITH"},{"floor":40,"key":"REST"}],"neow_cost":"NONE","seed_source_timestamp":1172358361482500,"circlet_count":0,"master_deck":["Defend_G","Defend_G","Defend_G","Defend_G","Strike_G","Strike_G","Strike_G","Survivor","Neutralize+1","Sucker Punch","Backflip","Footwork+1","After Image+1","Blur","Footwork+1","A Thousand Cuts+1","Blur","Noxious Fumes+1","Outmaneuver","Catalyst+1","Setup+1","Night Terror","Backflip","Dagger Throw+1","Parasite","Deadly Poison+1","Quick Slash+1"],"relics":["Velvet Choker"],"potions_floor_usage":[11,18,24,27,29,31,33,37,39],"damage_taken":[{"damage":0,"enemies":"Small Slimes","floor":1,"turns":4},{"damage":0,"enemies":"Jaw Worm","floor":2,"turns":4},{"damage":0,"enemies":"2 Louse","floor":5,"turns":3},{"damage":28,"enemies":"3 Sentries","floor":7,"turns":16},{"damage":0,"enemies":"Gremlin Gang","floor":10,"turns":9},{"damage":0,"enemies":"Exordium Thugs","floor":11,"turns":5},{"damage":0,"enemies":"Exordium Wildlife","floor":13,"turns":9},{"damage":0,"enemies":"The Guardian","floor":16,"turns":28},{"damage":0,"enemies":"2 Thieves","floor":18,"turns":4},{"damage":0,"enemies":"Shell Parasite","floor":22,"turns":11},{"damage":7,"enemies":"Gremlin Leader","floor":24,"turns":9},{"damage":10,"enemies":"Snake Plant","floor":27,"turns":6},{"damage":4,"enemies":"Shelled Parasite and Fungi","floor":28,"turns":8},{"damage":21,"enemies":"3 Cultists","floor":29,"turns":7},{"damage":4,"enemies":"Cultist and Chosen","floor":31,"turns":8},{"damage":36,"enemies":"Collector","floor":33,"turns":12},{"damage":14,"enemies":"Orb Walker","floor":35,"turns":7},{"damage":15,"enemies":"3 Darklings","floor":37,"turns":7},{"damage":3,"enemies":"Writhing Mass","floor":38,"turns":8},{"damage":11,"enemies":"Transient","floor":39,"turns":5},{"damage":68,"enemies":"4 Shapes","floor":41,"turns":3}],"seed_played":"7875064602346442010","potions_obtained":[{"floor":1,"key":"Weak Potion"},{"floor":2,"key":"Poison Potion"},{"floor":11,"key":"PowerPotion"},{"floor":16,"key":"Weak Potion"},{"floor":22,"key":"Regen Potion"},{"floor":28,"key":"Ancient Potion"},{"floor":29,"key":"AttackPotion"},{"floor":35,"key":"Dexterity Potion"},{"floor":38,"key":"GhostInAJar"}],"is_trial":false,"path_per_floor":["M","M","?","$","M","R","E","R","T","M","M","R","M","$","R","B",null,"M","$","?","?","M","R","E","R","T","M","M","M","?","M","R","B",null,"M","?","M","M","M","R","M"],"character_chosen":"THE_SILENT","items_purchased":["Footwork","Noxious Fumes"],"campfire_rested":1,"item_purchase_floors":[14,19],"current_hp_per_floor":[70,70,63,63,63,63,35,35,35,35,35,35,35,35,35,35,70,70,70,70,70,70,70,63,63,63,68,64,43,43,39,39,3,70,56,56,41,38,27,48,0],"gold":299,"neow_bonus":"BOSS_RELIC","is_prod":false,"is_daily":false,"chose_seed":false,"campfire_upgraded":7,"win_rate":0,"timestamp":1559172417,"path_taken":["M","M","?","$","M","R","E","R","T","M","M","R","M","$","R","BOSS","M","$","?","?","M","R","E","R","T","M","?","M","?","M","R","BOSS","M","?","M","M","?","R","M"],"build_version":"2019-01-23","purchased_purges":1,"victory":false,"max_hp_per_floor":[70,70,70,70,70,70,70,70,70,70,70,70,70,70,70,70,70,70,70,70,70,70,70,70,70,70,70,70,70,70,70,70,70,70,70,70,70,70,70,70,70],"card_choices":[{"not_picked":["Concentrate","Quick Slash"],"picked":"Sucker Punch","floor":1},{"not_picked":["Blade Dance","Acrobatics"],"picked":"Backflip","floor":2},{"not_picked":["Sucker Punch","Backflip"],"picked":"Footwork","floor":5},{"not_picked":["Sucker Punch","Calculated Gamble"],"picked":"After Image","floor":7},{"not_picked":["Backflip","Bane","Quick Slash"],"picked":"SKIP","floor":10},{"not_picked":["Deflect","Quick Slash"],"picked":"Blur","floor":11},{"not_picked":["Deflect","Flying Knee","Quick Slash"],"picked":"SKIP","floor":13},{"not_picked":["Malaise","Grand Finale"],"picked":"A Thousand Cuts","floor":16},{"not_picked":["All Out Attack","Slice+1"],"picked":"Blur","floor":18},{"not_picked":["Flying Knee","Expertise","Prepared"],"picked":"SKIP","floor":22},{"not_picked":["Backflip","Distraction+1"],"picked":"Outmaneuver","floor":24},{"not_picked":["Slice","Sucker Punch+1","Grand Finale"],"picked":"SKIP","floor":27},{"not_picked":["Calculated Gamble","Quick Slash"],"picked":"Catalyst","floor":28},{"not_picked":["Choke+1","Tactician+1"],"picked":"Setup+1","floor":29},{"not_picked":["Predator","Outmaneuver","PiercingWail"],"picked":"SKIP","floor":31},{"not_picked":["Bullet Time","Glass Knife"],"picked":"Night Terror","floor":33},{"not_picked":["Poisoned Stab","Outmaneuver"],"picked":"Backflip","floor":35},{"not_picked":["Bane+1","Sucker Punch+1"],"picked":"Dagger Throw+1","floor":37},{"not_picked":["Prepared","Poisoned Stab"],"picked":"Deadly Poison+1","floor":38},{"not_picked":["Footwork+1","Bane+1"],"picked":"Quick Slash+1","floor":39}],"player_experience":976212,"relics_obtained":[],"event_choices":[{"cards_removed":["Strike_G"],"damage_healed":0,"gold_gain":0,"player_choice":"Card Removal","damage_taken":7,"max_hp_gain":0,"max_hp_loss":0,"event_name":"Golden Wing","floor":3,"gold_loss":0},{"damage_healed":0,"gold_gain":0,"player_choice":"Ignored","damage_taken":0,"max_hp_gain":0,"max_hp_loss":0,"event_name":"Vampires","floor":20,"gold_loss":0},{"damage_healed":0,"gold_gain":0,"player_choice":"Ignored","damage_taken":0,"max_hp_gain":0,"max_hp_loss":0,"event_name":"The Mausoleum","floor":21,"gold_loss":0},{"cards_removed":["Defend_G"],"damage_healed":0,"gold_gain":0,"player_choice":"Offered Basic","damage_taken":0,"max_hp_gain":0,"max_hp_loss":0,"event_name":"Bonfire Elementals","floor":36,"gold_loss":0}],"is_beta":false,"boss_relics":[{"not_picked":["Busted Crown","Philosopher\u0027s Stone","White Beast Statue"]},{"not_picked":["Calling Bell","Eternal Feather","Sozu"]}],"items_purged_floors":[4],"is_endless":false,"potions_floor_spawned":[1,2,11,16,22,28,29,35,38],"killed_by":"4 Shapes","ascension_level":0}