{"gold_per_floor":[110,121,139,156,36,36,50,50,102,122,149,162,193,203,203,302,302,319,337,87,106,125,125],"floor_reached":23,"playtime":2093,"items_purged":["Strike_B","Writhe"],"score":282,"play_id":"38910c8e-1edf-46b6-acf1-974a0b8e3ae9","local_time":"20190517192343","is_ascension_mode":true,"campfire_choices":[{"data":"Zap","floor":6,"key":"SMITH"},{"data":"Redo","floor":8,"key":"SMITH"},{"floor":15,"key":"REST"}],"neow_cost":"CURSE","seed_source_timestamp":128439372083908,"circlet_count":0,"master_deck":["Zap+1","Dualcast","All For One","Ball Lightning","Beam Cell","Redo+1","Gash","Go for the Eyes","Go for the Eyes","Self Repair","Coolheaded","Coolheaded","Reboot","Blizzard","Leap","FTL","White Noise","Cold Snap","BootSequence","Melter","Steam Power+1","Coolheaded"],"relics":["Cracked Core","Matryoshka","Smiling Mask","Pandora\u0027s Box","Membership Card"],"potions_floor_usage":[11,11,12,13,13,23],"damage_taken":[{"damage":1,"enemies":"Cultist","floor":1,"turns":3},{"damage":3,"enemies":"Small Slimes","floor":2,"turns":2},{"damage":0,"enemies":"2 Louse","floor":3,"turns":2},{"damage":13,"enemies":"Red Slaver","floor":4,"turns":3},{"damage":18,"enemies":"2 Fungi Beasts","floor":7,"turns":3},{"damage":0,"enemies":"Large Slime","floor":10,"turns":2},{"damage":16,"enemies":"Gremlin Nob","floor":11,"turns":3},{"damage":13,"enemies":"Gremlin Gang","floor":12,"turns":3},{"damage":15,"enemies":"Lagavulin","floor":13,"turns":7},{"damage":6,"enemies":"Looter","floor":14,"turns":2},{"damage":24,"enemies":"The Guardian","floor":16,"turns":14},{"damage":9,"enemies":"Shell Parasite","floor":18,"turns":3},{"damage":0,"enemies":"Spheric Guardian","floor":19,"turns":3},{"damage":13,"enemies":"Snake Plant","floor":21,"turns":5},{"damage":5,"enemies":"Centurion and Healer","floor":22,"turns":4},{"damage":55,"enemies":"Gremlin Leader","floor":23,"turns":7}],"seed_played":"1762319530034708657","potions_obtained":[{"floor":1,"key":"SteroidPotion"},{"floor":2,"key":"EntropicBrew"},{"floor":12,"key":"Regen Potion"},{"floor":16,"key":"SpeedPotion"},{"floor":22,"key":"SpeedPotion"}],"is_trial":false,"path_per_floor":["M","M","M","M","$","R","M","R","T","M","E","M","E","M","R","B",null,"M","M","$","M","M","E"],"character_chosen":"DEFECT","items_purchased":["Go for the Eyes","Membership Card"],"campfire_rested":1,"item_purchase_floors":[5,20],"current_hp_per_floor":[67,64,64,51,51,51,33,33,33,33,17,4,11,12,34,17,61,59,59,59,53,55,0],"gold":125,"neow_bonus":"THREE_RARE_CARDS","is_prod":false,"is_daily":false,"chose_seed":false,"campfire_upgraded":2,"win_rate":0,"timestamp":1558135423,"path_taken":["M","M","M","M","$","R","M","R","T","M","E","M","E","M","R","BOSS","M","M","$","M","?","E"],"build_version":"2019-01-23","purchased_purges":2,"victory":false,"max_hp_per_floor":[75,75,75,75,75,75,75,75,75,75,75,75,75,75,75,75,75,75,75,75,75,75,75],"card_choices":[{"not_picked":["Fission","Echo Form"],"picked":"All For One","floor":0},{"not_picked":["Consume","Reprogram"],"picked":"Ball Lightning","floor":1},{"not_picked":["Reprogram","Consume"],"picked":"Beam Cell","floor":2},{"not_picked":["Beam Cell","Conserve Battery"],"picked":"Redo","floor":3},{"not_picked":["Meteor Strike","FTL"],"picked":"Gash","floor":4},{"not_picked":["Redo","Loop","Beam Cell"],"picked":"SKIP","floor":7},{"not_picked":["Rebound","Ball Lightning"],"picked":"Go for the Eyes","floor":10},{"not_picked":["Hello World","Compile Driver"],"picked":"Self Repair","floor":11},{"not_picked":["Recycle","Meteor Strike","Redo"],"picked":"SKIP","floor":12},{"not_picked":["Hologram","Reprogram"],"picked":"Coolheaded","floor":13},{"not_picked":["Genetic Algorithm","Stack"],"picked":"Coolheaded","floor":14},{"not_picked":["Rainbow","Creative AI"],"picked":"Reboot","floor":16},{"not_picked":["Streamline+1","Conserve Battery","Stack"],"picked":"SKIP","floor":18},{"not_picked":["Hello World","Barrage"],"picked":"Steam Power+1","floor":19},{"not_picked":["Heatsinks","Self Repair"],"picked":"Coolheaded","floor":21},{"not_picked":["Stack+1","Compile Driver","Steam"],"picked":"SKIP","floor":22}],"player_experience":338577,"relics_obtained":[{"floor":11,"key":"Matryoshka"},{"floor":13,"key":"Smiling Mask"}],"event_choices":[],"is_beta":false,"boss_relics":[{"not_picked":["Nuclear Battery","Eternal Feather"],"picked":"Pandora\u0027s Box"}],"items_purged_floors":[5,20],"is_endless":false,"potions_floor_spawned":[1,2,4,11,12,16,22],"killed_by":"Gremlin Leader","ascension_level":7}