{"gold_per_floor":[109,120,137,62,62,12,87,87,87,121],"floor_reached":10,"playtime":353,"items_purged":["Strike_G"],"score":66,"play_id":"97eb152d-ee1f-4890-81eb-c558cbf5593b","local_time":"20181120210123","is_ascension_mode":false,"campfire_choices":[{"floor":8,"key":"RECALL"}],"neow_cost":"NONE","seed_source_timestamp":0,"circlet_count":0,"master_deck":["Defend_G","Defend_G","Defend_G","Defend_G","Defend_G","Strike_G","Strike_G","Strike_G","Survivor","Neutralize","Blade Dance","Dash","Setup","Backstab"],"special_seed":0,"relics":["Ring of the Snake","Boot","Art of War"],"potions_floor_usage":[],"damage_taken":[{"damage":1,"enemies":"Small Slimes","floor":1,"turns":4},{"damage":0,"enemies":"2 Louse","floor":2,"turns":3},{"damage":1,"enemies":"Cultist","floor":3,"turns":3},{"damage":41,"enemies":"Lagavulin","floor":10,"turns":11}],"seed_played":"-6122336490961434189","potions_obtained":[{"floor":10,"key":"SneckoOil"}],"is_trial":false,"path_per_floor":["M","M","M","$","?","?","?","R","T","E"],"character_chosen":"THE_SILENT","items_purchased":[],"campfire_rested":0,"item_purchase_floors":[],"current_hp_per_floor":[69,69,68,68,68,68,57,57,57,16],"gold":121,"neow_bonus":"RANDOM_COMMON_RELIC","is_prod":false,"is_daily":false,"chose_seed":false,"campfire_upgraded":0,"win_rate":0,"timestamp":1542736883,"path_taken":["M","M","M","$","?","?","?","R","T","E"],"build_version":"2018-11-15","purchased_purges":1,"victory":false,"max_hp_per_floor":[70,70,70,70,70,70,70,70,70,70],"card_choices":[{"not_picked":["Bane","Acrobatics"],"picked":"Deadly Poison","floor":1},{"not_picked":["Deadly Poison","Outmaneuver"],"picked":"Blade Dance","floor":2},{"not_picked":["Die Die Die","Noxious Fumes"],"picked":"Dash","floor":3},{"not_picked":["Riddle With Holes","Dagger Spray"],"picked":"Backstab","floor":10}],"player_experience":359228,"relics_obtained":[{"floor":10,"key":"Art of War"}],"event_choices":[{"damage_healed":0,"gold_gain":0,"cards_transformed":["Strike_G"],"player_choice":"Change","damage_taken":0,"max_hp_gain":0,"max_hp_loss":0,"event_name":"Living Wall","floor":5,"gold_loss":0,"cards_obtained":["Setup"]},{"cards_removed":["Deadly Poison"],"damage_healed":0,"gold_gain":0,"player_choice":"Card Removal","damage_taken":0,"max_hp_gain":0,"max_hp_loss":0,"event_name":"The Cleric","floor":6,"gold_loss":50},{"damage_healed":0,"gold_gain":75,"player_choice":"Gather Gold","damage_taken":11,"max_hp_gain":0,"max_hp_loss":0,"event_name":"World of Goop","floor":7,"gold_loss":0}],"is_beta":false,"boss_relics":[],"items_purged_floors":[4],"is_endless":false,"potions_floor_spawned":[10],"killed_by":"Lagavulin","ascension_level":0}