{"gold_per_floor":[111,127,139,139,150,175,189,207,233,294,294,294,305,305,305,404,404,421,421,184,197,210,227,242,255,255,267,282,282,25,39,39,140,140,155,173,185,199,199,199,249,249,249,278,278,278],"floor_reached":46,"playtime":3895,"items_purged":["Regret"],"score":510,"play_id":"b81f44c1-dafb-4434-935d-c87097d6e406","local_time":"20180922222727","is_ascension_mode":false,"campfire_choices":[{"data":"Armaments","floor":11,"key":"SMITH"},{"floor":15,"key":"REST"},{"data":"Shockwave","floor":29,"key":"SMITH"},{"floor":32,"key":"REST"},{"floor":42,"key":"REST"},{"data":"Double Tap","floor":45,"key":"SMITH"}],"neow_cost":"","seed_source_timestamp":231657971564852,"circlet_count":0,"master_deck":["Strike_R","Strike_R","Strike_R","Strike_R","Defend_R","Defend_R","Defend_R","Defend_R","Bash","Infernal Blade+1","Headbutt","Flex","Clash","Perfected Strike","Cleave","Armaments+1","Perfected Strike+1","Bludgeon","Shrug It Off+1","Feed","Limit Break","Inflame","Feed","Clash","Perfected Strike","Shockwave+1","Infernal Blade+1","Jack Of All Trades","Feel No Pain","Shrug It Off+1","Double Tap+1","Seeing Red","Shrug It Off+1","Clash+1","Pummel+1","Thunderclap+1","Armaments+1","Writhe","Pommel Strike+1"],"relics":["Burning Blood","Pantograph","Juzu Bracelet","Cursed Key","Nloth\u0027s Gift","Pocketwatch","Mark of Pain","FossilizedHelix","Incense Burner","Paper Frog","Oddly Smooth Stone"],"potions_floor_usage":[6,10,16,23,25,28,33,36,38,41],"damage_taken":[{"damage":6,"enemies":"Cultist","floor":1,"turns":5},{"damage":0,"enemies":"Small Slimes","floor":2,"turns":3},{"damage":0,"enemies":"2 Louse","floor":3,"turns":2},{"damage":2,"enemies":"Looter","floor":5,"turns":3},{"damage":31,"enemies":"Lagavulin","floor":6,"turns":5},{"damage":13,"enemies":"3 Louse","floor":7,"turns":4},{"damage":18,"enemies":"2 Fungi Beasts","floor":8,"turns":3},{"damage":26,"enemies":"Lagavulin Event","floor":10,"turns":5},{"damage":0,"enemies":"Looter","floor":13,"turns":2},{"damage":45,"enemies":"Hexaghost","floor":16,"turns":8},{"damage":10,"enemies":"2 Thieves","floor":18,"turns":4},{"damage":0,"enemies":"Spheric Guardian","floor":21,"turns":3},{"damage":5,"enemies":"Chosen and Byrds","floor":22,"turns":4},{"damage":16,"enemies":"Snake Plant","floor":23,"turns":3},{"damage":18,"enemies":"Centurion and Healer","floor":24,"turns":5},{"damage":19,"enemies":"Cultist and Chosen","floor":25,"turns":5},{"damage":10,"enemies":"Snecko","floor":27,"turns":3},{"damage":21,"enemies":"Centurion and Healer","floor":28,"turns":4},{"damage":21,"enemies":"Snake Plant","floor":31,"turns":2},{"damage":33,"enemies":"Collector","floor":33,"turns":7},{"damage":10,"enemies":"Orb Walker","floor":35,"turns":2},{"damage":19,"enemies":"3 Darklings","floor":36,"turns":5},{"damage":12,"enemies":"4 Shapes","floor":37,"turns":5},{"damage":23,"enemies":"Sphere and 2 Shapes","floor":38,"turns":6},{"damage":29,"enemies":"Mind Bloom Boss Battle","floor":39,"turns":7},{"damage":21,"enemies":"Mysterious Sphere","floor":41,"turns":3},{"damage":39,"enemies":"Giant Head","floor":44,"turns":8},{"damage":47,"enemies":"Reptomancer","floor":46,"turns":2}],"seed_played":"-8936550333546173804","potions_obtained":[{"floor":1,"key":"SteroidPotion"},{"floor":7,"key":"Dexterity Potion"},{"floor":13,"key":"EssenceOfSteel"},{"floor":16,"key":"BloodPotion"},{"floor":21,"key":"LiquidBronze"},{"floor":22,"key":"GamblersBrew"},{"floor":27,"key":"SneckoOil"},{"floor":33,"key":"Swift Potion"},{"floor":35,"key":"Weak Potion"},{"floor":39,"key":"FearPotion"}],"is_trial":false,"path_per_floor":["M","M","M","?","M","E","M","M","T","?","R","?","M","?","R","B",null,"M","?","$","M","M","M","M","M","T","M","M","R","$","M","R","B",null,"M","M","M","M","?","?","?","R","T","E","R"],"character_chosen":"IRONCLAD","items_purchased":["Feed","Limit Break","Jack Of All Trades","Feel No Pain"],"campfire_rested":3,"item_purchase_floors":[20,20,30,30],"current_hp_per_floor":[80,80,80,73,77,52,51,39,39,19,19,80,80,64,80,41,80,76,76,76,80,80,78,66,53,53,49,37,37,37,25,50,48,86,82,73,67,53,55,55,43,71,71,41,41,0],"gold":278,"neow_bonus":"","is_prod":false,"is_daily":false,"chose_seed":false,"campfire_upgraded":3,"win_rate":0.0,"timestamp":1537676847,"path_taken":["M","M","M","?","M","E","M","M","T","?","R","?","M","?","R","BOSS","M","?","$","M","M","M","M","M","T","M","M","R","$","M","R","BOSS","M","M","M","M","?","?","?","R","T","E","R","M"],"build_version":"2018-09-20","purchased_purges":1,"victory":false,"max_hp_per_floor":[80,80,80,80,80,80,80,80,80,80,80,80,80,80,80,80,80,80,80,80,80,80,80,80,80,80,80,83,83,83,86,86,86,86,86,90,90,93,93,93,96,96,96,99,99,99],"card_choices":[{"not_picked":["Cleave","Shrug It Off"],"picked":"Inflame","floor":1},{"not_picked":["Cleave","Shrug It Off"],"picked":"Infernal Blade","floor":2},{"not_picked":["Shrug It Off","Iron Wave"],"picked":"Headbutt","floor":3},{"not_picked":["Cleave","Warcry"],"picked":"Flex","floor":5},{"not_picked":["Fire Breathing","Flame Barrier"],"picked":"Clash","floor":6},{"not_picked":["Thunderclap","Iron Wave"],"picked":"Perfected Strike","floor":7},{"not_picked":["Barricade","Thunderclap"],"picked":"Cleave","floor":8},{"not_picked":["Flex","Headbutt"],"picked":"Armaments","floor":10},{"not_picked":["Whirlwind","Pommel Strike"],"picked":"Perfected Strike","floor":13},{"not_picked":["Barricade","Fiend Fire"],"picked":"Bludgeon","floor":16},{"not_picked":["Armaments","Spot Weakness"],"picked":"Shrug It Off+1","floor":18},{"not_picked":["Carnage","Shockwave"],"picked":"Inflame","floor":21},{"not_picked":["Limit Break","Iron Wave"],"picked":"Feed","floor":22},{"not_picked":["Cleave","Warcry"],"picked":"Clash","floor":23},{"not_picked":["Thunderclap+1","Reckless Charge"],"picked":"Dark Embrace","floor":24},{"not_picked":["Power Through","Burning Pact"],"picked":"Perfected Strike","floor":25},{"not_picked":["Reckless Charge+1","Spot Weakness+1"],"picked":"Shockwave","floor":27},{"not_picked":["Burning Pact+1","Iron Wave"],"picked":"Infernal Blade+1","floor":28},{"not_picked":["Blood for Blood","Sword Boomerang"],"picked":"Shrug It Off+1","floor":31},{"not_picked":["Berserk","Brutality"],"picked":"Double Tap","floor":33},{"not_picked":["Armaments+1","Sword Boomerang+1"],"picked":"Seeing Red","floor":35},{"not_picked":["True Grit","Warcry"],"picked":"Shrug It Off+1","floor":36},{"not_picked":["Second Wind+1","Rupture"],"picked":"Clash+1","floor":37},{"not_picked":["Combust+1","Entrench+1"],"picked":"Pummel+1","floor":38},{"not_picked":["Twin Strike+1","Impervious"],"picked":"Thunderclap+1","floor":39},{"not_picked":["Barricade","Body Slam+1"],"picked":"Armaments+1","floor":41},{"not_picked":["Headbutt+1","Heavy Blade"],"picked":"Pommel Strike+1","floor":44}],"player_experience":12923,"relics_obtained":[{"floor":6,"key":"Pantograph"},{"floor":9,"key":"Juzu Bracelet"},{"floor":10,"key":"Dodecahedron"},{"floor":26,"key":"Pocketwatch"},{"floor":39,"key":"FossilizedHelix"},{"floor":41,"key":"Incense Burner"},{"floor":43,"key":"Paper Frog"},{"floor":44,"key":"Oddly Smooth Stone"}],"event_choices":[{"event_name":"Golden Wing","player_choice":"Card Removal","floor":4,"damage_taken":0},{"event_name":"Dead Adventurer","player_choice":"Searched \u00271\u0027 times","floor":10,"damage_taken":0},{"event_name":"Bonfire Elementals","player_choice":"UNCOMMON","floor":12,"damage_taken":0},{"event_name":"Shining Light","player_choice":"Entered Light","floor":14,"damage_taken":0},{"event_name":"N\u0027loth","player_choice":"Traded a Dodecahedron","floor":19,"damage_taken":0},{"event_name":"MindBloom","player_choice":"Fight","floor":39,"damage_taken":0},{"event_name":"Falling","player_choice":"Removed Power","floor":40,"damage_taken":0},{"event_name":"Mysterious Sphere","player_choice":"Fight","floor":41,"damage_taken":0}],"is_beta":false,"boss_relics":[{"not_picked":["Eternal Feather","Empty Cage"],"picked":"Cursed Key"},{"not_picked":["Runic Pyramid","Snecko Eye"],"picked":"Mark of Pain"}],"items_purged_floors":[30],"is_endless":false,"potions_floor_spawned":[1,7,13,16,21,22,27,33,35,39],"killed_by":"Reptomancer","ascension_level":0}