{"gold_per_floor":[13,29,40,40,57,88,88,100,126,142,142,168,168,25,25,128,128,146,158,178,198,211,238,252,284,284,46,46,81,93,103,103,206,206,220,220,220,233,245,273,2,2,2,2,2,13,31,48,48,48],"floor_reached":51,"playtime":3736,"items_purged":["Defend_B","Dualcast"],"score":898,"play_id":"81d90719-76b9-4dc7-b792-e98d65968166","local_time":"20190505012934","is_ascension_mode":true,"campfire_choices":[{"data":"Zap","floor":7.0,"key":"SMITH"},{"data":"Rip and Tear","floor":13.0,"key":"SMITH"},{"data":"Reinforced Body","floor":15.0,"key":"SMITH"},{"data":"Double Energy","floor":32.0,"key":"SMITH"},{"data":"Buffer","floor":42,"key":"SMITH"},{"data":"Seek","floor":45,"key":"SMITH"},{"data":"Buffer","floor":49,"key":"SMITH"}],"neow_cost":"NO_GOLD","seed_source_timestamp":118343174821361,"circlet_count":0,"master_deck":["Zap+1","Hyperbeam","Coolheaded","Stack+1","Rip and Tear+1","Steam","Machine Learning","Leap","Reinforced Body+1","Echo Form","Self Repair","Buffer+1","Beam Cell+1","Streamline","Mind Blast","Echo Form","Double Energy+1","Buffer+1","Aggregate","Glacier","Beam Cell","Seek+1","Fusion","Double Energy+1","All For One","Apotheosis"],"special_seed":0,"relics":["Cracked Core","Torii","Bag of Marbles","Regal Pillow","Snecko Eye","Juzu Bracelet","Anchor","Pantograph","Enchiridion","Ornamental Fan","Pandora\u0027s Box","Du-Vu Doll","Membership Card","Pen Nib","Dodecahedron"],"potions_floor_usage":[40,50,50,50],"damage_taken":[{"damage":1.0,"enemies":"2 Louse","floor":1.0,"turns":2.0},{"damage":0.0,"enemies":"Cultist","floor":2.0,"turns":2.0},{"damage":3.0,"enemies":"Small Slimes","floor":3.0,"turns":2.0},{"damage":6.0,"enemies":"Gremlin Gang","floor":5.0,"turns":2.0},{"damage":7.0,"enemies":"3 Sentries","floor":6.0,"turns":4.0},{"damage":0.0,"enemies":"3 Louse","floor":8.0,"turns":1.0},{"damage":0.0,"enemies":"Red Slaver","floor":10.0,"turns":3.0},{"damage":0.0,"enemies":"Gremlin Nob","floor":12.0,"turns":2.0},{"damage":19.0,"enemies":"Hexaghost","floor":16.0,"turns":10.0},{"damage":11.0,"enemies":"Shell Parasite","floor":18.0,"turns":4.0},{"damage":0.0,"enemies":"2 Thieves","floor":19.0,"turns":2.0},{"damage":1.0,"enemies":"Snake Plant","floor":20.0,"turns":3.0},{"damage":0.0,"enemies":"Centurion and Healer","floor":21.0,"turns":4.0},{"damage":0.0,"enemies":"Snecko","floor":22.0,"turns":3.0},{"damage":27.0,"enemies":"Gremlin Leader","floor":23.0,"turns":5.0},{"damage":6.0,"enemies":"3 Cultists","floor":24.0,"turns":4.0},{"damage":0.0,"enemies":"Slavers","floor":25.0,"turns":3.0},{"damage":30.0,"enemies":"Book of Stabbing","floor":29.0,"turns":6.0},{"damage":0.0,"enemies":"Centurion and Healer","floor":30.0,"turns":5.0},{"damage":9.0,"enemies":"Shelled Parasite and Fungi","floor":31.0,"turns":5.0},{"damage":17.0,"enemies":"Champ","floor":33.0,"turns":9.0},{"damage":0.0,"enemies":"Orb Walker","floor":35.0,"turns":4.0},{"damage":5,"enemies":"3 Shapes","floor":38,"turns":4},{"damage":0,"enemies":"Transient","floor":39,"turns":5},{"damage":0,"enemies":"Nemesis","floor":40,"turns":9},{"damage":0,"enemies":"Spire Growth","floor":46,"turns":4},{"damage":0,"enemies":"Jaw Worm Horde","floor":47,"turns":3},{"damage":0,"enemies":"Maw","floor":48,"turns":4},{"damage":0,"enemies":"Time Eater","floor":50,"turns":9}],"seed_played":"-375337672312038876","potions_obtained":[{"floor":2.0,"key":"SteroidPotion"},{"floor":5.0,"key":"Poison Potion"},{"floor":10.0,"key":"Explosive Potion"},{"floor":12.0,"key":"Dexterity Potion"},{"floor":21.0,"key":"Energy Potion"},{"floor":33.0,"key":"Block Potion"},{"floor":35.0,"key":"AttackPotion"},{"floor":40,"key":"SpeedPotion"},{"floor":47,"key":"Strength Potion"}],"is_trial":false,"path_per_floor":["M","M","M","?","M","E","R","M","T","M","?","E","R","$","R","B",null,"M","M","M","M","M","E","M","E","T","$","?","E","M","M","R","B",null,"M","?","?","M","M","E","$","R","T","?","R","M","M","M","R","B",null],"character_chosen":"DEFECT","items_purchased":["Reinforced Body","Streamline","Mind Blast","Membership Card","Pen Nib"],"campfire_rested":0,"item_purchase_floors":[14,27,27,41,41],"current_hp_per_floor":[74,74,71,75,69,62,62,62,62,62,62,62,62,62,62,43,75,64,71,70,75,75,62,70,75,75,75,59,43,57,62,62,65,75,75,75,75,75,75,75,75,75,75,75,75,75,75,75,75,75],"gold":48,"neow_bonus":"TRANSFORM_TWO_CARDS","is_prod":false,"is_daily":false,"chose_seed":false,"campfire_upgraded":7,"win_rate":0,"timestamp":1557008974,"path_taken":["M","M","M","?","M","E","R","?","T","M","?","E","R","$","R","BOSS","M","M","M","M","?","E","M","E","T","$","?","E","M","M","R","BOSS","M","?","?","M","M","E","?","R","T","?","R","M","M","M","R","BOSS"],"build_version":"2019-01-23","purchased_purges":2,"victory":true,"max_hp_per_floor":[75,75,75,75,75,75,75,75,75,75,75,75,75,75,75,75,75,75,75,75,75,75,75,75,75,75,75,75,75,75,75,75,75,75,75,75,75,75,75,75,75,75,75,75,75,75,75,75,75,75],"card_choices":[{"not_picked":["Redo","Lockon","Blizzard"],"picked":"SKIP","floor":1.0},{"not_picked":["Coolheaded","Defragment"],"picked":"Stack","floor":2.0},{"not_picked":["Coolheaded","Aggregate"],"picked":"Rip and Tear","floor":3.0},{"not_picked":["Stack","Skim"],"picked":"Steam","floor":5.0},{"not_picked":["Sweeping Beam","Static Discharge"],"picked":"Machine Learning","floor":6.0},{"not_picked":["Gash","Sweeping Beam"],"picked":"Leap","floor":8.0},{"not_picked":["Coolheaded","Sweeping Beam","Steam"],"picked":"SKIP","floor":10.0},{"not_picked":["Aggregate","Sweeping Beam","Barrage"],"picked":"SKIP","floor":12.0},{"not_picked":["Core Surge","Meteor Strike"],"picked":"Echo Form","floor":16.0},{"not_picked":["Ball Lightning","Barrage"],"picked":"Self Repair","floor":18.0},{"not_picked":["Gash","Redo","FTL"],"picked":"SKIP","floor":19.0},{"not_picked":["Self Repair","Compile Driver","Static Discharge"],"picked":"SKIP","floor":20.0},{"not_picked":["Scrape+1","Sweeping Beam","Leap"],"picked":"SKIP","floor":21.0},{"not_picked":["Loop","Coolheaded","Leap"],"picked":"SKIP","floor":22.0},{"not_picked":["Gash","Hologram"],"picked":"Buffer","floor":23.0},{"not_picked":["Cold Snap","Defragment"],"picked":"Beam Cell+1","floor":24.0},{"not_picked":["Self Repair","Gash","Barrage"],"picked":"SKIP","floor":25.0},{"not_picked":["Undo+1","Coolheaded"],"picked":"Echo Form","floor":29.0},{"not_picked":["Gash","Chaos+1","Steam Power"],"picked":"SKIP","floor":30.0},{"not_picked":["Chill","Coolheaded"],"picked":"Double Energy","floor":31.0},{"not_picked":["Amplify","Machine Learning"],"picked":"Buffer","floor":33.0},{"not_picked":["Ball Lightning+1","Static Discharge"],"picked":"Double Energy+1","floor":35.0},{"not_picked":["Stack","Auto Shields+1","Redo"],"picked":"SKIP","floor":38},{"not_picked":["Leap","Beam Cell","Ball Lightning"],"picked":"SKIP","floor":39},{"not_picked":["Barrage","Aggregate+1","Consume+1"],"picked":"SKIP","floor":40},{"not_picked":["PanicButton","Thinking Ahead"],"picked":"Apotheosis","floor":44},{"not_picked":["Stack+1","Redo","Auto Shields"],"picked":"SKIP","floor":46},{"not_picked":["Consume","Sweeping Beam+1","Beam Cell+1"],"picked":"SKIP","floor":47},{"not_picked":["Barrage+1","Beam Cell","Compile Driver"],"picked":"SKIP","floor":48}],"player_experience":758451,"relics_obtained":[{"floor":6.0,"key":"Torii"},{"floor":9.0,"key":"Bag of Marbles"},{"floor":12.0,"key":"Regal Pillow"},{"floor":23.0,"key":"Juzu Bracelet"},{"floor":25.0,"key":"Anchor"},{"floor":26.0,"key":"Pantograph"},{"floor":28.0,"key":"Enchiridion"},{"floor":29.0,"key":"Ornamental Fan"},{"floor":40,"key":"Du-Vu Doll"},{"floor":43,"key":"Dodecahedron"}],"event_choices":[{"damage_healed":4.0,"max_hp_gain":0.0,"max_hp_loss":0.0,"gold_gain":0.0,"event_name":"Wheel of Change","player_choice":"Full Heal","floor":4.0,"gold_loss":0.0,"damage_taken":0.0},{"damage_healed":0.0,"max_hp_gain":0.0,"max_hp_loss":0.0,"gold_gain":0.0,"event_name":"Upgrade Shrine","player_choice":"Upgraded","floor":11.0,"gold_loss":0.0,"damage_taken":0.0,"cards_upgraded":["Stack"]},{"damage_healed":0.0,"max_hp_gain":0.0,"max_hp_loss":0.0,"gold_gain":0.0,"event_name":"Cursed Tome","player_choice":"Obtained Book","floor":28.0,"gold_loss":0.0,"damage_taken":16.0},{"damage_healed":0.0,"max_hp_gain":0.0,"max_hp_loss":0.0,"gold_gain":0.0,"event_name":"The Woman in Blue","player_choice":"Bought 0 Potions","floor":36.0,"gold_loss":0.0,"damage_taken":0.0},{"damage_healed":0,"gold_gain":0,"player_choice":"1 cards matched","damage_taken":0,"max_hp_gain":0,"max_hp_loss":0,"event_name":"Match and Keep!","floor":37,"gold_loss":0,"cards_obtained":["All For One"]},{"damage_healed":0,"gold_gain":0,"player_choice":"Memory 1","damage_taken":0,"max_hp_gain":0,"max_hp_loss":0,"event_name":"SensoryStone","floor":44,"gold_loss":0}],"is_beta":false,"boss_relics":[{"not_picked":["FrozenCore","Busted Crown"],"picked":"Snecko Eye"},{"not_picked":["Velvet Choker","Orrery"],"picked":"Pandora\u0027s Box"}],"items_purged_floors":[14,27],"is_endless":false,"potions_floor_spawned":[2,5,10,12,21,23,24,33,35,40,47,48],"ascension_level":1}