{"gold_per_floor":[115,129,129,143,143,143,162,162,162,162,177,195,219,65,65,191,191,210,228,228,52,52,52,52],"floor_reached":24,"playtime":915,"items_purged":["Strike_B","Strike_B"],"score":207,"play_id":"83ada599-39e8-4b1b-8d9a-1e8c2367ec40","local_time":"20190419222057","is_ascension_mode":true,"campfire_choices":[{"data":"Defragment","floor":6,"key":"SMITH"},{"data":"Go for the Eyes","floor":8,"key":"SMITH"},{"data":"Sweeping Beam","floor":10,"key":"SMITH"},{"data":"FTL","floor":15,"key":"SMITH"},{"data":"Self Repair","floor":23,"key":"SMITH"}],"neow_cost":"NONE","seed_source_timestamp":305943281794441,"circlet_count":0,"master_deck":["Strike_B","Defend_B","Defend_B","Defend_B","Defend_B","Zap","Dualcast","Defragment+1","Sweeping Beam+1","Go for the Eyes+1","All For One","Hologram","FTL+1","Amplify","Barrage","Self Repair+1"],"relics":["Cracked Core","Golden Idol","Sundial","Question Card","Cursed Key"],"potions_floor_usage":[16,18],"damage_taken":[{"damage":4,"enemies":"Small Slimes","floor":1,"turns":4},{"damage":1,"enemies":"Cultist","floor":2,"turns":3},{"damage":2,"enemies":"Jaw Worm","floor":4,"turns":3},{"damage":9,"enemies":"Looter","floor":7,"turns":3},{"damage":2,"enemies":"Blue Slaver","floor":11,"turns":3},{"damage":0,"enemies":"Large Slime","floor":12,"turns":3},{"damage":25,"enemies":"Lots of Slimes","floor":13,"turns":3},{"damage":37,"enemies":"Hexaghost","floor":16,"turns":8},{"damage":10,"enemies":"Shell Parasite","floor":18,"turns":3},{"damage":32,"enemies":"3 Byrds","floor":19,"turns":4},{"damage":37,"enemies":"Slavers","floor":24,"turns":3}],"seed_played":"-4184739627369281853","potions_obtained":[{"floor":1,"key":"Dexterity Potion"},{"floor":12,"key":"FearPotion"},{"floor":16,"key":"LiquidBronze"},{"floor":18,"key":"Weak Potion"}],"is_trial":false,"path_per_floor":["M","M","?","M","?","R","M","R","T","R","M","M","M","$","R","B",null,"M","M","?","$","?","R","E"],"character_chosen":"DEFECT","items_purchased":["FTL","Self Repair"],"campfire_rested":0,"item_purchase_floors":[14,21],"current_hp_per_floor":[78,77,76,74,74,74,65,65,65,65,63,63,38,38,38,1,76,66,34,34,34,34,34,0],"gold":52,"neow_bonus":"TEN_PERCENT_HP_BONUS","is_prod":false,"is_daily":false,"chose_seed":false,"campfire_upgraded":5,"win_rate":0,"timestamp":1555726857,"path_taken":["M","M","?","M","?","R","M","R","T","R","M","M","?","$","R","BOSS","M","M","?","$","?","R","E"],"build_version":"2019-01-23","purchased_purges":2,"victory":false,"max_hp_per_floor":[82,82,76,76,76,76,76,76,76,76,76,76,76,76,76,76,76,76,76,76,76,76,76,76],"card_choices":[{"not_picked":["Melter","Ball Lightning"],"picked":"Defragment","floor":1},{"not_picked":["Compile Driver","Cold Snap"],"picked":"Sweeping Beam","floor":2},{"not_picked":["Force Field","Chaos"],"picked":"Go for the Eyes","floor":4},{"not_picked":["Streamline","Cold Snap","Ball Lightning"],"picked":"SKIP","floor":7},{"not_picked":["Go for the Eyes","Skim","Rebound"],"picked":"All For One","floor":11},{"not_picked":["Rip and Tear","Redo","Reinforced Body","Static Discharge"],"picked":"SKIP","floor":12},{"not_picked":["Turbo","Barrage","Rebound"],"picked":"Hologram","floor":13},{"not_picked":["Buffer","Electrodynamics","Fission"],"picked":"Amplify","floor":16},{"not_picked":["Skim","Consume","Compile Driver","Turbo"],"picked":"SKIP","floor":18},{"not_picked":["Stack","Turbo","Fusion"],"picked":"Barrage","floor":19}],"player_experience":227176,"relics_obtained":[{"floor":9,"key":"Question Card"}],"event_choices":[{"damage_healed":0,"gold_gain":0,"player_choice":"Lose Max HP","damage_taken":0,"relics_obtained":["Golden Idol"],"max_hp_gain":0,"max_hp_loss":6,"event_name":"Golden Idol","floor":3,"gold_loss":0},{"damage_healed":0,"gold_gain":0,"player_choice":"Gave Potion","damage_taken":0,"relics_obtained":["Sundial"],"max_hp_gain":0,"max_hp_loss":0,"event_name":"WeMeetAgain","floor":5,"gold_loss":0},{"cards_removed":["Strike_B"],"damage_healed":0,"gold_gain":0,"player_choice":"Elegance","damage_taken":0,"max_hp_gain":0,"max_hp_loss":0,"event_name":"Back to Basics","floor":20,"gold_loss":0},{"damage_healed":0,"gold_gain":0,"player_choice":"Ignored","damage_taken":0,"max_hp_gain":0,"max_hp_loss":0,"event_name":"Vampires","floor":22,"gold_loss":0}],"is_beta":false,"boss_relics":[{"not_picked":["Runic Dome","Snecko Eye"],"picked":"Cursed Key"}],"items_purged_floors":[14,21],"is_endless":false,"potions_floor_spawned":[1,12,16,18],"killed_by":"Slavers","ascension_level":2}