{"gold_per_floor":[114,127,139,156,172,199,199,199,199,199,214,214,214,239,239,239],"floor_reached":16,"playtime":764,"items_purged":[],"score":123,"play_id":"d341fdc8-435b-4def-b740-dac8f50d50c4","local_time":"20190414103603","is_ascension_mode":true,"campfire_choices":[{"data":"Hemokinesis","floor":7,"key":"SMITH"},{"data":"Iron Wave","floor":12,"key":"SMITH"},{"data":"Hemokinesis","floor":15,"key":"SMITH"}],"neow_cost":"PERCENT_DAMAGE","seed_source_timestamp":0,"circlet_count":0,"master_deck":["Strike_R","Strike_R","Strike_R","Strike_R","Strike_R","Defend_R","Defend_R","Defend_R","Defend_R","Bash","Dropkick","Iron Wave+1","Rupture+1","Hemokinesis+1","Bloodletting","Twin Strike","Hemokinesis+1"],"special_seed":0,"relics":["Burning Blood","Calipers","Oddly Smooth Stone","Self Forming Clay","Meat on the Bone","Lantern","Ice Cream"],"potions_floor_usage":[11,14],"damage_taken":[{"damage":1.0,"enemies":"Cultist","floor":1.0,"turns":3.0},{"damage":1.0,"enemies":"2 Louse","floor":2.0,"turns":3.0},{"damage":0.0,"enemies":"Small Slimes","floor":3.0,"turns":3.0},{"damage":11.0,"enemies":"Exordium Thugs","floor":4.0,"turns":4.0},{"damage":16.0,"enemies":"3 Louse","floor":5.0,"turns":4.0},{"damage":37,"enemies":"3 Sentries","floor":6,"turns":10},{"damage":2,"enemies":"Exordium Wildlife","floor":11,"turns":4},{"damage":17,"enemies":"Lagavulin","floor":14,"turns":5},{"damage":25,"enemies":"Hexaghost","floor":16,"turns":9}],"seed_played":"8784947283987891506","potions_obtained":[{"floor":1.0,"key":"Fire Potion"},{"floor":3.0,"key":"SpeedPotion"},{"floor":6,"key":"PowerPotion"}],"is_trial":false,"path_per_floor":["M","M","M","M","M","E","R","T","T","?","M","R","?","E","R","B"],"character_chosen":"IRONCLAD","items_purchased":[],"campfire_rested":0,"item_purchase_floors":[],"current_hp_per_floor":[61,66,72,67,57,26,26,26,26,26,42,42,24,25,25,0],"gold":239,"neow_bonus":"ONE_RARE_RELIC","is_prod":false,"is_daily":false,"chose_seed":false,"campfire_upgraded":3,"win_rate":0,"timestamp":1555252563,"path_taken":["M","M","M","M","M","E","R","?","T","?","M","R","?","E","R","BOSS"],"build_version":"2019-01-23","purchased_purges":0,"victory":false,"max_hp_per_floor":[80,80,80,80,80,80,80,80,80,80,80,80,80,80,80,80],"card_choices":[{"not_picked":["Dual Wield","Pommel Strike"],"picked":"Dropkick","floor":1.0},{"not_picked":["Headbutt","Second Wind"],"picked":"Iron Wave","floor":2.0},{"not_picked":["Anger","Intimidate"],"picked":"Rupture","floor":3.0},{"not_picked":["Warcry","Flame Barrier","Iron Wave"],"picked":"SKIP","floor":4.0},{"not_picked":["Second Wind","Anger"],"picked":"Hemokinesis","floor":5.0},{"not_picked":["Sentinel","Pummel"],"picked":"Bloodletting","floor":6},{"not_picked":["Body Slam","Ghostly Armor"],"picked":"Twin Strike","floor":11},{"not_picked":["Second Wind","Thunderclap"],"picked":"Hemokinesis","floor":14}],"player_experience":142163,"relics_obtained":[{"floor":6,"key":"Oddly Smooth Stone"},{"floor":8,"key":"Self Forming Clay"},{"floor":9,"key":"Meat on the Bone"},{"floor":14,"key":"Ice Cream"}],"event_choices":[{"damage_healed":0,"gold_gain":0,"player_choice":"Grow","damage_taken":0,"max_hp_gain":0,"max_hp_loss":0,"event_name":"Living Wall","floor":10,"gold_loss":0,"cards_upgraded":["Rupture"]},{"damage_healed":0,"gold_gain":0,"player_choice":"Success","damage_taken":18,"relics_obtained":["Lantern"],"max_hp_gain":0,"max_hp_loss":0,"event_name":"Scrap Ooze","floor":13,"gold_loss":0}],"is_beta":false,"boss_relics":[],"items_purged_floors":[],"is_endless":false,"potions_floor_spawned":[1,3,6],"killed_by":"Hexaghost","ascension_level":2}