{"gold_per_floor":[110,120,44,64,26,26,60,60,60,60,92,92,107,32,32,136,136,150,150,150,167,177,177,210,228,252,272,272,172,172,221,221,316,316,327,327,343,357,367,367,402,402,402,57,84,196,223,235],"floor_reached":48,"playtime":2964,"items_purged":["Defend_G","Strike_G","Strike_G"],"score":867,"play_id":"5f1001da-2e60-45a3-b1e5-db9892d5c329","local_time":"20190501163525","is_ascension_mode":true,"campfire_choices":[{"data":"Noxious Fumes","floor":6.0,"key":"SMITH"},{"data":"Backstab","floor":8.0,"key":"SMITH"},{"data":"Neutralize","floor":12.0,"key":"SMITH"},{"floor":15.0,"key":"REST"},{"floor":23.0,"key":"REST"},{"data":"Catalyst","floor":28.0,"key":"SMITH"},{"data":"Adrenaline","floor":30.0,"key":"SMITH"},{"floor":32.0,"key":"REST"},{"data":"Survivor","floor":40.0,"key":"SMITH"},{"data":"Cloak And Dagger","floor":42,"key":"SMITH"}],"neow_cost":"NONE","seed_source_timestamp":0,"circlet_count":0,"master_deck":["AscendersBane","Defend_G","Defend_G","Defend_G","Defend_G","Strike_G","Survivor+1","Neutralize+1","Deadly Poison+1","Well Laid Plans","Noxious Fumes+1","PiercingWail+1","Catalyst+1","Backstab+1","Envenom+1","Bouncing Flask+1","Adrenaline+1","Dodge and Roll+1","Underhanded Strike","Quick Slash","Cloak And Dagger+1","Backflip+1","Infinite Blades+1","Adrenaline","Catalyst+1","Leg Sweep","After Image+1"],"special_seed":0,"relics":["Ring of the Snake","NeowsBlessing","Dodecahedron","Frozen Egg 2","StoneCalendar","Sozu","Lantern","War Paint","Centennial Puzzle","Coffee Dripper","Omamori","Bag of Marbles","PreservedInsect","MawBank"],"potions_floor_usage":[],"damage_taken":[{"damage":0.0,"enemies":"Cultist","floor":1.0,"turns":1.0},{"damage":0.0,"enemies":"2 Louse","floor":2.0,"turns":1.0},{"damage":0.0,"enemies":"Small Slimes","floor":4.0,"turns":1.0},{"damage":20.0,"enemies":"Lagavulin","floor":7.0,"turns":7.0},{"damage":17.0,"enemies":"3 Sentries","floor":11.0,"turns":6.0},{"damage":14.0,"enemies":"Exordium Wildlife","floor":13.0,"turns":4.0},{"damage":4.0,"enemies":"Hexaghost","floor":16.0,"turns":7.0},{"damage":19.0,"enemies":"Spheric Guardian","floor":18.0,"turns":4.0},{"damage":0.0,"enemies":"Chosen","floor":21.0,"turns":4.0},{"damage":29.0,"enemies":"Sentry and Sphere","floor":22.0,"turns":5.0},{"damage":16.0,"enemies":"Gremlin Leader","floor":24.0,"turns":7.0},{"damage":0.0,"enemies":"Cultist and Chosen","floor":25.0,"turns":6.0},{"damage":7.0,"enemies":"Centurion and Healer","floor":27.0,"turns":5.0},{"damage":9.0,"enemies":"Champ","floor":33.0,"turns":8.0},{"damage":6.0,"enemies":"3 Darklings","floor":35.0,"turns":5.0},{"damage":7.0,"enemies":"3 Shapes","floor":37.0,"turns":4.0},{"damage":8.0,"enemies":"Transient","floor":38.0,"turns":5.0},{"damage":4.0,"enemies":"Writhing Mass","floor":39.0,"turns":4.0},{"damage":28,"enemies":"Reptomancer","floor":41,"turns":6},{"damage":5,"enemies":"Nemesis","floor":45,"turns":3},{"damage":4,"enemies":"4 Shapes","floor":47,"turns":5},{"damage":14,"enemies":"Maw","floor":48,"turns":2}],"seed_played":"-1504552927357164833","potions_obtained":[{"floor":4.0,"key":"Dexterity Potion"},{"floor":7.0,"key":"Fire Potion"},{"floor":11.0,"key":"GhostInAJar"}],"is_trial":false,"path_per_floor":["M","M","$","M","$","R","E","R","T","?","E","R","M","$","R","B",null,"M","?","?","M","M","R","E","M","T","M","R","$","R","T","R","B",null,"M","?","M","M","M","R","E","R","T","$","E","?","M","M"],"character_chosen":"THE_SILENT","items_purchased":["Noxious Fumes","Catalyst","PreservedInsect","Leg Sweep"],"campfire_rested":3,"item_purchase_floors":[3,5,44,44],"current_hp_per_floor":[63,63,63,63,63,63,43,43,43,43,26,26,12,12,33,29,60,41,41,64,64,35,56,40,40,40,33,33,33,33,33,54,45,64,58,58,51,43,39,39,11,11,11,11,6,6,2,0],"gold":235,"neow_bonus":"THREE_ENEMY_KILL","is_prod":false,"is_daily":false,"chose_seed":false,"campfire_upgraded":7,"win_rate":0,"timestamp":1556742925,"path_taken":["M","?","?","?","?","R","E","R","T","?","E","R","M","$","R","BOSS","M","?","?","M","M","R","E","M","T","M","R","?","R","?","R","BOSS","M","?","?","?","M","R","E","R","T","?","E","?","M","?"],"build_version":"2019-01-23","purchased_purges":3,"victory":false,"max_hp_per_floor":[70,70,70,70,70,70,70,70,70,70,70,70,70,70,70,70,70,70,70,70,70,70,70,70,70,70,70,70,70,70,70,70,70,70,70,70,70,70,70,70,70,70,70,70,70,70,70,70],"card_choices":[{"not_picked":["Poisoned Stab","Cloak And Dagger"],"picked":"Deadly Poison","floor":1.0},{"not_picked":["Cloak And Dagger","Acrobatics"],"picked":"Well Laid Plans","floor":2.0},{"not_picked":["Accuracy","Dodge and Roll"],"picked":"PiercingWail","floor":4.0},{"not_picked":["Dodge and Roll","Dagger Throw"],"picked":"Backstab","floor":7.0},{"not_picked":["Outmaneuver","Reflex","Riddle With Holes"],"picked":"SKIP","floor":11.0},{"not_picked":["All Out Attack","Cloak And Dagger","Flying Knee"],"picked":"SKIP","floor":13.0},{"not_picked":["A Thousand Cuts+1","Phantasmal Killer"],"picked":"Adrenaline","floor":16.0},{"not_picked":["Caltrops+1","Quick Slash"],"picked":"Dodge and Roll+1","floor":18.0},{"not_picked":["Dagger Throw","Blade Dance","Dagger Spray+1"],"picked":"SKIP","floor":21.0},{"not_picked":["Venomology","Underhanded Strike"],"picked":"Cloak And Dagger","floor":22.0},{"not_picked":["Setup","PiercingWail","Dagger Throw"],"picked":"SKIP","floor":24.0},{"not_picked":["Bane","Distraction"],"picked":"Backflip+1","floor":25.0},{"not_picked":["Distraction","Expertise"],"picked":"Infinite Blades+1","floor":27.0},{"not_picked":["Tools of the Trade+1","Bullet Time"],"picked":"Adrenaline","floor":33.0},{"not_picked":["Setup","Outmaneuver","Sucker Punch+1"],"picked":"SKIP","floor":35.0},{"not_picked":["PiercingWail","Skewer+1","Dash"],"picked":"SKIP","floor":37.0},{"not_picked":["Flying Knee+1","Dagger Throw","Dodge and Roll"],"picked":"SKIP","floor":38.0},{"not_picked":["Backflip","Prepared"],"picked":"Catalyst+1","floor":39.0},{"not_picked":["Cloak And Dagger","All Out Attack","Eviscerate"],"picked":"SKIP","floor":41},{"not_picked":["Flechettes+1","Cloak And Dagger+1"],"picked":"After Image+1","floor":45},{"not_picked":["Bane+1","Predator+1","Deadly Poison"],"picked":"SKIP","floor":47}],"player_experience":358115,"relics_obtained":[{"floor":7.0,"key":"Dodecahedron"},{"floor":9.0,"key":"Frozen Egg 2"},{"floor":11.0,"key":"StoneCalendar"},{"floor":24.0,"key":"Lantern"},{"floor":26.0,"key":"War Paint"},{"floor":31.0,"key":"Centennial Puzzle"},{"floor":41,"key":"Omamori"},{"floor":43,"key":"Bag of Marbles"},{"floor":45,"key":"MawBank"}],"event_choices":[{"damage_healed":0.0,"max_hp_gain":0.0,"max_hp_loss":0.0,"gold_gain":0.0,"event_name":"Match and Keep!","player_choice":"2 cards matched","floor":10.0,"gold_loss":0.0,"damage_taken":0.0,"cards_obtained":["Envenom","Bouncing Flask"]},{"damage_healed":0.0,"max_hp_gain":0.0,"max_hp_loss":0.0,"gold_gain":0.0,"cards_transformed":["Strike_G","Strike_G"],"event_name":"Drug Dealer","player_choice":"Became Test Subject","floor":19.0,"gold_loss":0.0,"damage_taken":0.0,"cards_obtained":["Underhanded Strike","Quick Slash"]},{"damage_healed":23.0,"max_hp_gain":0.0,"max_hp_loss":0.0,"gold_gain":0.0,"event_name":"The Library","player_choice":"Heal","floor":20.0,"gold_loss":0.0,"damage_taken":0.0},{"damage_healed":0.0,"max_hp_gain":0.0,"max_hp_loss":0.0,"gold_gain":0.0,"event_name":"Accursed Blacksmith","player_choice":"Forge","floor":36.0,"gold_loss":0.0,"damage_taken":0.0,"cards_upgraded":["Deadly Poison"]},{"damage_healed":0,"gold_gain":100,"player_choice":"Pray","damage_taken":0,"max_hp_gain":0,"max_hp_loss":0,"event_name":"Golden Shrine","floor":46,"gold_loss":0}],"is_beta":false,"boss_relics":[{"not_picked":["HoveringKite","Pandora\u0027s Box"],"picked":"Sozu"},{"not_picked":["Philosopher\u0027s Stone","Runic Pyramid"],"picked":"Coffee Dripper"}],"items_purged_floors":[14,29,44],"is_endless":false,"potions_floor_spawned":[4,7,11,21,22,24,37,39,41,45],"killed_by":"Maw","ascension_level":11}