{"gold_per_floor":[111,286,11,31,45,45,65,65,90,116,136],"floor_reached":11,"playtime":389,"items_purged":[],"score":75,"play_id":"7420324a-76df-4e4c-98ce-2901862cdeb2","local_time":"20181119183252","is_ascension_mode":false,"campfire_choices":[{"data":"Zap","floor":6,"key":"SMITH"}],"neow_cost":"NONE","seed_source_timestamp":56491093829108,"circlet_count":0,"master_deck":["Strike_B","Strike_B+1","Strike_B","Strike_B","Defend_B","Defend_B","Defend_B","Defend_B","Zap+1","Dualcast","Ball Lightning","Doubt","Self Repair","Leap","Leap+1","Streamline"],"relics":["Cracked Core","Dodecahedron","Juzu Bracelet","Anchor"],"potions_floor_usage":[7],"damage_taken":[{"damage":1,"enemies":"Cultist","floor":1,"turns":3},{"damage":0,"enemies":"Small Slimes","floor":4,"turns":2},{"damage":0,"enemies":"2 Louse","floor":5,"turns":2},{"damage":0,"enemies":"Lots of Slimes","floor":7,"turns":1},{"damage":24,"enemies":"Gremlin Nob","floor":10,"turns":4},{"damage":0,"enemies":"Exordium Wildlife","floor":11,"turns":5}],"seed_played":"-3424195782175667362","potions_obtained":[{"floor":1,"key":"SpeedPotion"},{"floor":5,"key":"Explosive Potion"},{"floor":11,"key":"FearPotion"}],"is_trial":false,"path_per_floor":["M","?","$","M","M","R","M","?","T","E","M"],"character_chosen":"DEFECT","items_purchased":["Dodecahedron","Self Repair"],"campfire_rested":0,"item_purchase_floors":[3,3],"current_hp_per_floor":[81,81,81,82,82,82,82,66,66,49,56],"gold":136,"neow_bonus":"TEN_PERCENT_HP_BONUS","is_prod":false,"is_daily":false,"chose_seed":false,"campfire_upgraded":1,"win_rate":0,"timestamp":1542641572,"path_taken":["M","?","$","M","M","R","M","?","T","E","M"],"build_version":"2018-11-15","purchased_purges":0,"victory":false,"max_hp_per_floor":[82,82,82,82,82,82,82,82,82,82,82],"card_choices":[{"not_picked":["Chaos","Blizzard"],"picked":"Ball Lightning","floor":1},{"not_picked":["Rebound","Recycle","Force Field"],"picked":"SKIP","floor":4},{"not_picked":["Turbo","Hologram"],"picked":"Leap","floor":5},{"not_picked":["Doom and Gloom","Barrage"],"picked":"Leap","floor":7},{"not_picked":["Melter","Undo"],"picked":"Streamline","floor":10}],"player_experience":350841,"relics_obtained":[{"floor":9,"key":"Juzu Bracelet"},{"floor":10,"key":"Anchor"}],"event_choices":[{"damage_healed":0,"gold_gain":175,"player_choice":"AGREE","damage_taken":0,"max_hp_gain":0,"max_hp_loss":0,"event_name":"Liars Game","floor":2,"gold_loss":0,"cards_obtained":["Doubt"]},{"damage_healed":0,"gold_gain":0,"player_choice":"Entered Light","damage_taken":16,"max_hp_gain":0,"max_hp_loss":0,"event_name":"Shining Light","floor":8,"gold_loss":0,"cards_upgraded":["Strike_B","Leap"]}],"is_beta":false,"boss_relics":[],"items_purged_floors":[],"is_endless":false,"potions_floor_spawned":[1,5,11],"killed_by":"Exordium Wildlife","ascension_level":0}