{"gold_per_floor":[117,35,35,49,68,68,99,99,152,183,207,219,241,267,279,291],"floor_reached":16,"playtime":666,"items_purged":[],"score":208,"play_id":"34e565f8-a852-4cf9-bee3-d7df38fe93ef","local_time":"20190522165928","is_ascension_mode":true,"campfire_choices":[{"data":"Clothesline","floor":6,"key":"SMITH"},{"data":"Searing Blow","floor":8,"key":"SMITH"},{"data":"Searing Blow+1","floor":12,"key":"SMITH"},{"data":"Searing Blow+2","floor":15,"key":"SMITH"}],"neow_cost":"NONE","seed_source_timestamp":483903134827994,"circlet_count":0,"master_deck":["AscendersBane","Strike_R","Strike_R","Strike_R","Strike_R","Strike_R","Defend_R","Defend_R","Defend_R","Defend_R","Bash","Shrug It Off","Cleave","Clothesline+1","Searing Blow+3","Intimidate","Impervious","Seeing Red"],"relics":["Burning Blood","NeowsBlessing","PreservedInsect","MawBank"],"potions_floor_usage":[13,16],"damage_taken":[{"damage":0,"enemies":"Jaw Worm","floor":1,"turns":1},{"damage":0,"enemies":"Cultist","floor":4,"turns":1},{"damage":0,"enemies":"2 Louse","floor":5,"turns":1},{"damage":39,"enemies":"Gremlin Nob","floor":7,"turns":5},{"damage":4,"enemies":"Looter","floor":10,"turns":4},{"damage":12,"enemies":"Red Slaver","floor":11,"turns":4},{"damage":0,"enemies":"3 Louse","floor":13,"turns":2},{"damage":6,"enemies":"Looter","floor":14,"turns":4},{"damage":47,"enemies":"Hexaghost","floor":16,"turns":12}],"seed_played":"514178532090779470","potions_obtained":[{"floor":3,"key":"GamblersBrew"},{"floor":3,"key":"Explosive Potion"},{"floor":7,"key":"EssenceOfSteel"}],"is_trial":false,"path_per_floor":["M","$","?","M","M","R","E","R","T","M","M","R","M","M","R","B"],"character_chosen":"IRONCLAD","items_purchased":["Shrug It Off","Cleave"],"campfire_rested":0,"item_purchase_floors":[2,2],"current_hp_per_floor":[74,74,74,75,75,75,42,42,42,44,38,38,44,44,44,0],"gold":291,"neow_bonus":"THREE_ENEMY_KILL","is_prod":false,"is_daily":false,"chose_seed":false,"campfire_upgraded":4,"win_rate":0,"timestamp":1558558768,"path_taken":["M","$","?","?","M","R","E","R","T","M","M","R","M","M","R","BOSS"],"build_version":"2019-01-23","purchased_purges":0,"victory":false,"max_hp_per_floor":[75,75,75,75,75,75,75,75,75,75,75,75,75,75,75,75],"card_choices":[{"not_picked":["Armaments","Reckless Charge","Perfected Strike"],"picked":"SKIP","floor":1},{"not_picked":["Warcry","Cleave","Clash"],"picked":"SKIP","floor":4},{"not_picked":["Headbutt","Sword Boomerang"],"picked":"Clothesline","floor":5},{"not_picked":["Havoc","Flex"],"picked":"Searing Blow","floor":7},{"not_picked":["Searing Blow","Cleave"],"picked":"Intimidate","floor":10},{"not_picked":["Anger","Disarm","Heavy Blade"],"picked":"SKIP","floor":11},{"not_picked":["Clash","Impervious","Heavy Blade"],"picked":"SKIP","floor":13},{"not_picked":["Clash","Heavy Blade"],"picked":"Impervious","floor":13},{"not_picked":["Iron Wave","Infernal Blade"],"picked":"Seeing Red","floor":14}],"player_experience":480543,"relics_obtained":[{"floor":7,"key":"PreservedInsect"},{"floor":9,"key":"MawBank"}],"event_choices":[{"damage_healed":0,"gold_gain":0,"player_choice":"Got Potions","damage_taken":0,"max_hp_gain":0,"max_hp_loss":0,"event_name":"Lab","floor":3,"gold_loss":0}],"is_beta":false,"boss_relics":[],"items_purged_floors":[],"is_endless":false,"potions_floor_spawned":[5,7,10],"killed_by":"Hexaghost","ascension_level":20}