{"gold_per_floor":[13,13,28,48,48,48,79,79,106,131,131,145,170,182,194,301,313,339,371,397,100,120,145,157,157,184,196,216,241,252,287,287,383,383,399,399,299,399,411,440,451,477,500,533,533,533,533],"floor_reached":47,"playtime":3153,"items_purged":["Strike_G","A Thousand Cuts"],"score":756,"play_id":"bb4b6ca9-8337-4c3d-bb18-c309a162fa28","local_time":"20190417203732","is_ascension_mode":true,"campfire_choices":[{"data":"Skewer","floor":6.0,"key":"SMITH"},{"data":"Dagger Spray","floor":8.0,"key":"SMITH"},{"data":"Malaise","floor":15.0,"key":"SMITH"},{"floor":32.0,"key":"REST"}],"neow_cost":"NO_GOLD","seed_source_timestamp":0,"circlet_count":0,"master_deck":["Survivor","Neutralize+1","Skewer+1","Dagger Spray+1","Malaise+1","Wraith Form v2","Die Die Die","Noxious Fumes+1","Backflip","Dodge and Roll","Acrobatics+1","Blur","PiercingWail+1","Corpse Explosion","Skewer","Cloak And Dagger","PiercingWail","Bane","Night Terror","Flying Knee","Backflip"],"special_seed":0,"relics":["Ring of the Snake","Ice Cream","Pen Nib","Orichalcum","Lantern","Bottled Flame","MawBank","Fusion Hammer","Vajra","Boot","Snake Skull","Turnip","Strawberry","Pandora\u0027s Box","Torii","Centennial Puzzle","Juzu Bracelet","Ancient Tea Set"],"potions_floor_usage":[44,44,44],"damage_taken":[{"damage":0.0,"enemies":"Jaw Worm","floor":1.0,"turns":5.0},{"damage":0.0,"enemies":"2 Louse","floor":3.0,"turns":5.0},{"damage":0.0,"enemies":"Small Slimes","floor":4.0,"turns":3.0},{"damage":0.0,"enemies":"3 Sentries","floor":7.0,"turns":7.0},{"damage":9.0,"enemies":"Lagavulin","floor":10.0,"turns":7.0},{"damage":0.0,"enemies":"2 Fungi Beasts","floor":12.0,"turns":2.0},{"damage":0.0,"enemies":"3 Sentries","floor":13.0,"turns":5.0},{"damage":0.0,"enemies":"Slime Boss","floor":16.0,"turns":6.0},{"damage":1.0,"enemies":"2 Thieves","floor":18.0,"turns":4.0},{"damage":0.0,"enemies":"Shell Parasite","floor":19.0,"turns":4.0},{"damage":1.0,"enemies":"Snake Plant","floor":20.0,"turns":6.0},{"damage":0.0,"enemies":"Chosen and Byrds","floor":22.0,"turns":4.0},{"damage":10.0,"enemies":"Slavers","floor":23.0,"turns":5.0},{"damage":4.0,"enemies":"Centurion and Healer","floor":24.0,"turns":5.0},{"damage":0.0,"enemies":"Cultist and Chosen","floor":27.0,"turns":6.0},{"damage":0.0,"enemies":"3 Cultists","floor":28.0,"turns":3.0},{"damage":7.0,"enemies":"Book of Stabbing","floor":29.0,"turns":6.0},{"damage":0.0,"enemies":"Snake Plant","floor":30.0,"turns":4.0},{"damage":0.0,"enemies":"Gremlin Leader","floor":31.0,"turns":3.0},{"damage":49.0,"enemies":"Automaton","floor":33.0,"turns":8.0},{"damage":4.0,"enemies":"3 Shapes","floor":35.0,"turns":2.0},{"damage":5.0,"enemies":"Orb Walker","floor":39.0,"turns":4.0},{"damage":4.0,"enemies":"Reptomancer","floor":40.0,"turns":5.0},{"damage":19.0,"enemies":"3 Darklings","floor":41.0,"turns":4.0},{"damage":2.0,"enemies":"Giant Head","floor":42.0,"turns":7.0},{"damage":40,"enemies":"Nemesis","floor":44,"turns":7},{"damage":10,"enemies":"Writhing Mass","floor":47,"turns":1}],"seed_played":"1906939027999498280","potions_obtained":[{"floor":1.0,"key":"PowerPotion"},{"floor":4.0,"key":"Energy Potion"},{"floor":10.0,"key":"PowerPotion"},{"floor":13.0,"key":"Swift Potion"},{"floor":19.0,"key":"Explosive Potion"},{"floor":23.0,"key":"Explosive Potion"},{"floor":27.0,"key":"EntropicBrew"},{"floor":28.0,"key":"SteroidPotion"},{"floor":42.0,"key":"Ancient Potion"},{"floor":44,"key":"GhostInAJar"}],"is_trial":false,"path_per_floor":["M","?","M","M","?","R","E","R","T","E","?","M","E","?","R","B",null,"M","M","M","$","M","E","M","?","T","M","M","E","M","E","R","B",null,"M","?","$","?","M","E","M","E","T","E","?","?","M"],"character_chosen":"THE_SILENT","items_purchased":["Vajra","Backflip","Dodge and Roll"],"campfire_rested":1,"item_purchase_floors":[21,21,21],"current_hp_per_floor":[70,52,52,52,38,38,38,38,38,29,34,34,34,34,34,34,75,74,74,73,73,73,63,59,59,59,59,59,52,52,59,82,33,82,78,78,78,78,73,69,50,48,48,8,8,8,0],"gold":533,"neow_bonus":"ONE_RARE_RELIC","is_prod":false,"is_daily":false,"chose_seed":false,"campfire_upgraded":3,"win_rate":0,"timestamp":1555547852,"path_taken":["M","?","M","M","?","R","E","R","T","E","?","M","E","?","R","BOSS","M","?","?","$","M","E","M","?","T","M","M","E","M","E","R","BOSS","M","?","$","?","?","E","M","E","T","E","?","?","M"],"build_version":"2019-01-23","purchased_purges":2,"victory":false,"max_hp_per_floor":[70,70,70,70,70,70,70,70,70,70,75,75,75,75,75,75,75,75,75,75,75,75,75,75,75,75,75,75,75,75,82,82,82,82,82,82,82,82,82,82,82,82,82,82,82,82,82],"card_choices":[{"not_picked":["Blade Dance","Accuracy","Finisher"],"picked":"SKIP","floor":1.0},{"not_picked":["Flechettes","Expertise"],"picked":"Skewer","floor":3.0},{"not_picked":["Poisoned Stab","Prepared","Eviscerate"],"picked":"SKIP","floor":4.0},{"not_picked":["Poisoned Stab","Flechettes"],"picked":"Dagger Spray","floor":7.0},{"not_picked":["Concentrate","Quick Slash"],"picked":"Malaise","floor":10.0},{"not_picked":["Deflect","Cloak And Dagger","Prepared"],"picked":"SKIP","floor":12.0},{"not_picked":["Terror","Leg Sweep","PiercingWail"],"picked":"SKIP","floor":13.0},{"not_picked":["Unload","Bullet Time"],"picked":"Die Die Die","floor":16.0},{"not_picked":["Skewer","Cloak And Dagger+1"],"picked":"Noxious Fumes","floor":18.0},{"not_picked":["Sucker Punch","Choke+1","Quick Slash"],"picked":"SKIP","floor":19.0},{"not_picked":["Expertise","Slice","Deadly Poison"],"picked":"SKIP","floor":20.0},{"not_picked":["PiercingWail","Calculated Gamble+1","Sucker Punch"],"picked":"SKIP","floor":22.0},{"not_picked":["Dodge and Roll","Bane+1"],"picked":"Acrobatics+1","floor":23.0},{"not_picked":["Bullet Time","Blade Dance","Concentrate+1"],"picked":"SKIP","floor":24.0},{"not_picked":["Dagger Throw","Prepared+1","Sucker Punch"],"picked":"SKIP","floor":27.0},{"not_picked":["Dagger Spray","Bouncing Flask","Prepared"],"picked":"SKIP","floor":28.0},{"not_picked":["Infinite Blades","Riddle With Holes"],"picked":"Blur","floor":29.0},{"not_picked":["Acrobatics+1","Quick Slash+1","Slice"],"picked":"SKIP","floor":30.0},{"not_picked":["Bouncing Flask","Dagger Spray"],"picked":"PiercingWail+1","floor":31.0},{"not_picked":["Storm of Steel","Burst"],"picked":"Corpse Explosion","floor":33.0},{"not_picked":["Reflex+1","Flechettes+1"],"picked":"Backflip","floor":35.0},{"not_picked":["Leg Sweep+1","Finisher+1","Acrobatics"],"picked":"SKIP","floor":39.0},{"not_picked":["Concentrate+1","Tools of the Trade","Dagger Throw"],"picked":"SKIP","floor":40.0},{"not_picked":["Deadly Poison","Poisoned Stab","Dagger Spray"],"picked":"SKIP","floor":41.0},{"not_picked":["Glass Knife","Backflip","Endless Agony"],"picked":"SKIP","floor":42.0},{"not_picked":["Dagger Throw+1","Choke","Deflect"],"picked":"SKIP","floor":44}],"player_experience":189083,"relics_obtained":[{"floor":7.0,"key":"Orichalcum"},{"floor":9.0,"key":"Lantern"},{"floor":10.0,"key":"Bottled Flame"},{"floor":13.0,"key":"MawBank"},{"floor":23.0,"key":"Boot"},{"floor":26.0,"key":"Snake Skull"},{"floor":29.0,"key":"Turnip"},{"floor":31.0,"key":"Strawberry"},{"floor":40.0,"key":"Torii"},{"floor":42.0,"key":"Centennial Puzzle"},{"floor":43.0,"key":"Juzu Bracelet"},{"floor":44,"key":"Ancient Tea Set"}],"event_choices":[{"damage_healed":0.0,"max_hp_gain":0.0,"max_hp_loss":0.0,"gold_gain":0.0,"event_name":"Scrap Ooze","player_choice":"Success","floor":2.0,"gold_loss":0.0,"damage_taken":18.0,"relics_obtained":["Pen Nib"]},{"damage_healed":0.0,"max_hp_gain":0.0,"max_hp_loss":0.0,"gold_gain":0.0,"event_name":"Shining Light","player_choice":"Entered Light","floor":5.0,"gold_loss":0.0,"damage_taken":14.0,"cards_upgraded":["Neutralize","Defend_G"]},{"damage_healed":0.0,"max_hp_gain":5.0,"max_hp_loss":0.0,"gold_gain":0.0,"event_name":"Big Fish","player_choice":"Donut","floor":11.0,"gold_loss":0.0,"damage_taken":0.0},{"damage_healed":0.0,"max_hp_gain":0.0,"max_hp_loss":0.0,"gold_gain":0.0,"cards_transformed":["Strike_G"],"event_name":"Transmorgrifier","player_choice":"Transformed","floor":14.0,"gold_loss":0.0,"damage_taken":0.0,"cards_obtained":["Wraith Form v2"]},{"damage_healed":0.0,"max_hp_gain":0.0,"max_hp_loss":0.0,"gold_gain":0.0,"event_name":"Accursed Blacksmith","player_choice":"Forge","floor":25.0,"gold_loss":0.0,"damage_taken":0.0,"cards_upgraded":["Noxious Fumes"]},{"damage_healed":0.0,"max_hp_gain":0.0,"max_hp_loss":0.0,"gold_gain":0.0,"event_name":"SensoryStone","player_choice":"Memory 1","floor":36.0,"gold_loss":0.0,"damage_taken":0.0},{"damage_healed":0.0,"max_hp_gain":0.0,"max_hp_loss":0.0,"gold_gain":100.0,"event_name":"Golden Shrine","player_choice":"Pray","floor":38.0,"gold_loss":0.0,"damage_taken":0.0},{"damage_healed":0,"gold_gain":0,"player_choice":"Ignored","damage_taken":0,"max_hp_gain":0,"max_hp_loss":0,"event_name":"Tomb of Lord Red Mask","floor":45,"gold_loss":0},{"cards_removed":["Finisher"],"damage_healed":0,"gold_gain":0,"player_choice":"Purged","damage_taken":0,"max_hp_gain":0,"max_hp_loss":0,"event_name":"Purifier","floor":46,"gold_loss":0}],"is_beta":false,"boss_relics":[{"not_picked":["Tiny House","Eternal Feather"],"picked":"Fusion Hammer"},{"not_picked":["Runic Pyramid","Empty Cage"],"picked":"Pandora\u0027s Box"}],"items_purged_floors":[21,37],"is_endless":false,"potions_floor_spawned":[1,4,10,13,19,23,27,28,29,42,44],"killed_by":"Writhing Mass","ascension_level":1}