{"gold_per_floor":[360,40,55,15,29,29,44,44,44,44,62,62,89,89,89,192,192,205,205,240,251,52,79,79,79,103,103,123,134,153,153,153,256,256,276,36,51,51,67,67,79,79,79,124,124,135,135,151,151,151],"floor_reached":51,"playtime":2846,"items_purged":["Strike_R"],"score":910,"play_id":"08bbeadc-bba4-4f5b-8a65-bfccb264b3d7","local_time":"20190420213256","is_ascension_mode":true,"campfire_choices":[{"data":"Bludgeon","floor":6.0,"key":"SMITH"},{"data":"Clothesline","floor":8.0,"key":"SMITH"},{"data":"Shrug It Off","floor":10.0,"key":"SMITH"},{"data":"Limit Break","floor":12.0,"key":"SMITH"},{"data":"Spot Weakness","floor":15.0,"key":"SMITH"},{"data":"Barricade","floor":24.0,"key":"SMITH"},{"data":"Shrug It Off","floor":27.0,"key":"SMITH"},{"floor":32.0,"key":"REST"},{"data":"Metallicize","floor":40,"key":"SMITH"},{"data":"Uppercut","floor":42,"key":"SMITH"},{"data":"Shrug It Off","floor":45,"key":"SMITH"},{"data":"Shrug It Off","floor":47,"key":"SMITH"},{"data":"Impervious","floor":49,"key":"SMITH"}],"neow_cost":"PERCENT_DAMAGE","seed_source_timestamp":0,"circlet_count":0,"master_deck":["Bash","Clothesline+1","Bludgeon+1","Shrug It Off+1","Limit Break+1","Disarm","Spot Weakness+1","Limit Break","Headbutt+1","Shrug It Off+1","Barricade+1","Shrug It Off+1","Battle Trance+1","Battle Trance","Thunderclap","Reaper","Metallicize+1","Perfected Strike","Uppercut+1","Shrug It Off+1","Heavy Blade+1","Disarm+1","Ghostly Armor+1","Impervious+1"],"special_seed":0,"relics":["Burning Blood","Mummified Hand","The Courier","Gremlin Horn","Runic Dome","Red Mask","Vajra","Juzu Bracelet","Pandora\u0027s Box","Mango","Bottled Lightning","Ice Cream"],"potions_floor_usage":[44,44,50],"damage_taken":[{"damage":5.0,"enemies":"2 Louse","floor":1.0,"turns":4.0},{"damage":0.0,"enemies":"Cultist","floor":3.0,"turns":3.0},{"damage":0.0,"enemies":"Jaw Worm","floor":5.0,"turns":1.0},{"damage":4.0,"enemies":"Looter","floor":7.0,"turns":4.0},{"damage":0.0,"enemies":"Exordium Wildlife","floor":11.0,"turns":3.0},{"damage":20.0,"enemies":"3 Sentries","floor":13.0,"turns":9.0},{"damage":35.0,"enemies":"Hexaghost","floor":16.0,"turns":8.0},{"damage":21.0,"enemies":"2 Thieves","floor":18.0,"turns":3.0},{"damage":19.0,"enemies":"Masked Bandits","floor":20.0,"turns":3.0},{"damage":1.0,"enemies":"Chosen","floor":21.0,"turns":3.0},{"damage":27.0,"enemies":"Gremlin Leader","floor":23.0,"turns":5.0},{"damage":15.0,"enemies":"3 Cultists","floor":28.0,"turns":5.0},{"damage":14.0,"enemies":"Centurion and Healer","floor":29.0,"turns":10.0},{"damage":8.0,"enemies":"Snake Plant","floor":30.0,"turns":5.0},{"damage":8.0,"enemies":"Colosseum Slavers","floor":31.0,"turns":4.0},{"damage":35.0,"enemies":"Collector","floor":33.0,"turns":9.0},{"damage":11,"enemies":"Orb Walker","floor":35,"turns":5},{"damage":0,"enemies":"3 Shapes","floor":37,"turns":6},{"damage":50,"enemies":"Transient","floor":39,"turns":5},{"damage":12,"enemies":"Spire Growth","floor":41,"turns":6},{"damage":16,"enemies":"2 Orb Walkers","floor":44,"turns":6},{"damage":0,"enemies":"Sphere and 2 Shapes","floor":46,"turns":7},{"damage":5,"enemies":"3 Darklings","floor":48,"turns":8},{"damage":26,"enemies":"Awakened One","floor":50,"turns":10}],"seed_played":"-7499834420374750100","potions_obtained":[{"floor":4.0,"key":"AttackPotion"},{"floor":4.0,"key":"SpeedPotion"},{"floor":4.0,"key":"Strength Potion"},{"floor":5.0,"key":"SmokeBomb"},{"floor":7.0,"key":"SpeedPotion"},{"floor":28.0,"key":"LiquidBronze"},{"floor":29.0,"key":"Regen Potion"},{"floor":30.0,"key":"SkillPotion"},{"floor":33.0,"key":"EssenceOfSteel"},{"floor":35,"key":"PowerPotion"},{"floor":37,"key":"Explosive Potion"},{"floor":41,"key":"SteroidPotion"},{"floor":48,"key":"GamblersBrew"}],"is_trial":false,"path_per_floor":["M","$","M","?","M","R","M","R","T","R","M","R","E","?","R","B",null,"M","?","?","M","$","E","R","$","T","R","M","M","M","?","R","B",null,"M","$","M","?","M","R","M","R","T","?","R","M","R","M","R","B",null],"character_chosen":"IRONCLAD","items_purchased":["Mummified Hand","Bludgeon","Shrug It Off","Barricade","Mango"],"campfire_rested":1,"item_purchase_floors":[2,2,22,22,36],"current_hp_per_floor":[52,52,58,58,64,64,66,66,66,66,72,72,58,63,63,34,72,57,57,44,49,49,28,28,28,28,28,19,11,23,21,46,17,68,67,81,95,95,51,51,54,54,54,59,59,79,79,99,99,79],"gold":151,"neow_bonus":"TWO_FIFTY_GOLD","is_prod":false,"is_daily":false,"chose_seed":false,"campfire_upgraded":12,"win_rate":0,"timestamp":1555810376,"path_taken":["M","$","M","?","?","R","M","R","T","R","M","R","E","?","R","BOSS","M","?","?","M","?","E","R","$","T","R","M","M","M","?","R","BOSS","M","$","M","?","M","R","M","R","T","?","R","M","R","M","R","BOSS"],"build_version":"2019-01-23","purchased_purges":1,"victory":true,"max_hp_per_floor":[80,80,80,80,80,80,80,80,80,80,80,80,80,85,85,85,85,85,85,85,85,85,85,85,85,85,85,85,85,85,85,85,85,85,85,99,99,99,99,99,99,99,99,99,99,99,99,99,99,99],"card_choices":[{"not_picked":["Pommel Strike","Sword Boomerang"],"picked":"Clothesline","floor":1.0},{"not_picked":["Perfected Strike","Wild Strike","Thunderclap"],"picked":"SKIP","floor":3.0},{"not_picked":["Fire Breathing","Flex"],"picked":"Shrug It Off","floor":5.0},{"not_picked":["Armaments","Body Slam"],"picked":"Limit Break","floor":7.0},{"not_picked":["Warcry","Second Wind"],"picked":"Disarm","floor":11.0},{"not_picked":["Wild Strike","Hemokinesis"],"picked":"Spot Weakness","floor":13.0},{"not_picked":["Barricade","Juggernaut"],"picked":"Limit Break","floor":16.0},{"not_picked":["Twin Strike+1","Body Slam"],"picked":"Headbutt+1","floor":18.0},{"not_picked":["Heavy Blade","Perfected Strike","Anger+1"],"picked":"SKIP","floor":21.0},{"not_picked":["Flame Barrier+1","Flex"],"picked":"Shrug It Off","floor":23.0},{"not_picked":["Warcry","Shrug It Off","Sentinel+1"],"picked":"SKIP","floor":28.0},{"not_picked":["Double Tap","Warcry","Bloodletting"],"picked":"SKIP","floor":29.0},{"not_picked":["Sword Boomerang","Rampage+1"],"picked":"Battle Trance+1","floor":30.0},{"not_picked":["Havoc","Anger+1","Cleave+1"],"picked":"SKIP","floor":35},{"not_picked":["Flame Barrier+1","Carnage+1"],"picked":"Heavy Blade+1","floor":37},{"not_picked":["Battle Trance","Havoc+1","Cleave+1"],"picked":"SKIP","floor":39},{"not_picked":["Clothesline+1","Thunderclap"],"picked":"Disarm+1","floor":41},{"not_picked":["Wild Strike+1","Sword Boomerang"],"picked":"Ghostly Armor+1","floor":44},{"not_picked":["Wild Strike+1","Warcry","Combust+1"],"picked":"SKIP","floor":46},{"not_picked":["Thunderclap+1","Ghostly Armor"],"picked":"Impervious","floor":48}],"player_experience":241050,"relics_obtained":[{"floor":9.0,"key":"The Courier"},{"floor":13.0,"key":"Gremlin Horn"},{"floor":20.0,"key":"Red Mask"},{"floor":23.0,"key":"Vajra"},{"floor":26.0,"key":"Juzu Bracelet"},{"floor":43,"key":"Bottled Lightning"},{"floor":44,"key":"Ice Cream"}],"event_choices":[{"damage_healed":0.0,"max_hp_gain":0.0,"max_hp_loss":0.0,"gold_gain":0.0,"event_name":"The Woman in Blue","player_choice":"Bought 3 Potions","floor":4.0,"gold_loss":0.0,"damage_taken":0.0},{"damage_healed":0.0,"max_hp_gain":5.0,"max_hp_loss":0.0,"gold_gain":0.0,"event_name":"Big Fish","player_choice":"Donut","floor":14.0,"gold_loss":0.0,"damage_taken":0.0},{"damage_healed":0.0,"max_hp_gain":0.0,"max_hp_loss":0.0,"gold_gain":0.0,"event_name":"Vampires","player_choice":"Ignored","floor":19.0,"gold_loss":0.0,"damage_taken":0.0},{"damage_healed":0.0,"max_hp_gain":0.0,"max_hp_loss":0.0,"gold_gain":0.0,"event_name":"Masked Bandits","player_choice":"Fought Bandits","floor":20.0,"gold_loss":0.0,"damage_taken":0.0},{"damage_healed":0.0,"max_hp_gain":0.0,"max_hp_loss":0.0,"gold_gain":0.0,"event_name":"Colosseum","player_choice":"Fight","floor":31.0,"gold_loss":0.0,"damage_taken":0.0},{"damage_healed":0.0,"max_hp_gain":0.0,"max_hp_loss":0.0,"gold_gain":0.0,"event_name":"Colosseum","player_choice":"Fled From Nobs","floor":31.0,"gold_loss":0.0,"damage_taken":0.0},{"cards_removed":["Clash"],"damage_healed":0,"gold_gain":0,"player_choice":"Card Removal","damage_taken":0,"max_hp_gain":0,"max_hp_loss":0,"event_name":"Wheel of Change","floor":38,"gold_loss":0},{"damage_healed":0,"gold_gain":0,"player_choice":"Fight","damage_taken":0,"max_hp_gain":0,"max_hp_loss":0,"event_name":"Mysterious Sphere","floor":44,"gold_loss":0}],"is_beta":false,"boss_relics":[{"not_picked":["Calling Bell","White Beast Statue"],"picked":"Runic Dome"},{"not_picked":["Black Blood","Tiny House"],"picked":"Pandora\u0027s Box"}],"items_purged_floors":[22],"is_endless":false,"potions_floor_spawned":[5,7,13,28,29,30,31,33,35,37,41,48],"ascension_level":6}