{"gold_per_floor":[116,116,96,48,61,61,7,34,34,34,69,69,69,79,79,184,184,201,220,2,13,33,33,33,33,33,48,48,61,61,74,74,169,169,188,188,234,258,269,269,78,78,130,130,130,146,161,171,171,171],"floor_reached":51,"playtime":3131,"items_purged":["Strike_B","Strike_B"],"score":907,"play_id":"a092d1d2-0789-4365-90d8-924098995e5d","local_time":"20190524093454","is_ascension_mode":true,"campfire_choices":[{"data":"Coolheaded","floor":6.0,"key":"SMITH"},{"data":"BootSequence","floor":12.0,"key":"SMITH"},{"data":"Glacier","floor":15.0,"key":"SMITH"},{"data":"Creative AI","floor":23.0,"key":"SMITH"},{"data":"Go for the Eyes","floor":25.0,"key":"SMITH"},{"data":"Seek","floor":32.0,"key":"SMITH"},{"data":"Leap","floor":40,"key":"SMITH"},{"data":"Zap","floor":42,"key":"SMITH"},{"data":"Dualcast","floor":44,"key":"SMITH"},{"data":"Glacier","floor":45,"key":"SMITH"},{"data":"Defend_B","floor":49,"key":"SMITH"}],"neow_cost":"NONE","seed_source_timestamp":0,"circlet_count":0,"master_deck":["Strike_B","Defend_B+1","Defend_B","Defend_B","Defend_B","Zap+1","Dualcast+1","Gash","Coolheaded+1","BootSequence+1","Go for the Eyes+1","Glacier+1","Sunder+1","Creative AI+1","Leap+1","Barrage+1","FTL+1","Seek+1","All For One+1","Coolheaded+1","BootSequence","All For One+1","Glacier+1"],"special_seed":0,"relics":["Cracked Core","NeowsBlessing","The Courier","Molten Egg 2","Ornamental Fan","Omamori","Coffee Dripper","Toy Ornithopter","Enchiridion","Meat on the Bone","Sozu","WingedGreaves","Ancient Tea Set","Orichalcum"],"potions_floor_usage":[50],"damage_taken":[{"damage":0.0,"enemies":"Jaw Worm","floor":1.0,"turns":1.0},{"damage":0.0,"enemies":"Cultist","floor":5.0,"turns":1.0},{"damage":0.0,"enemies":"Gremlin Nob","floor":8.0,"turns":1.0},{"damage":35.0,"enemies":"Lagavulin","floor":11.0,"turns":7.0},{"damage":0.0,"enemies":"Small Slimes","floor":14.0,"turns":6.0},{"damage":13.0,"enemies":"The Guardian","floor":16.0,"turns":14.0},{"damage":7.0,"enemies":"Shell Parasite","floor":18.0,"turns":8.0},{"damage":18.0,"enemies":"Chosen","floor":19.0,"turns":6.0},{"damage":0.0,"enemies":"Centurion and Healer","floor":21.0,"turns":6.0},{"damage":0.0,"enemies":"Snecko","floor":22.0,"turns":7.0},{"damage":1.0,"enemies":"Shelled Parasite and Fungi","floor":27.0,"turns":6.0},{"damage":0.0,"enemies":"Centurion and Healer","floor":29.0,"turns":5.0},{"damage":10.0,"enemies":"Snecko","floor":31.0,"turns":6.0},{"damage":36.0,"enemies":"Collector","floor":33.0,"turns":12.0},{"damage":0,"enemies":"Orb Walker","floor":35,"turns":3},{"damage":59,"enemies":"2 Orb Walkers","floor":37,"turns":9},{"damage":0,"enemies":"3 Shapes","floor":39,"turns":4},{"damage":0,"enemies":"Maw","floor":46,"turns":7},{"damage":5,"enemies":"Spire Growth","floor":47,"turns":6},{"damage":0,"enemies":"4 Shapes","floor":48,"turns":5},{"damage":6,"enemies":"Donu and Deca","floor":50,"turns":12}],"seed_played":"8500043645974148633","potions_obtained":[{"floor":3.0,"key":"Dexterity Potion"},{"floor":5.0,"key":"Weak Potion"},{"floor":11.0,"key":"Fire Potion"},{"floor":14.0,"key":"PowerPotion"},{"floor":19.0,"key":"Block Potion"},{"floor":22.0,"key":"GamblersBrew"},{"floor":27.0,"key":"SkillPotion"},{"floor":31.0,"key":"EssenceOfSteel"}],"is_trial":false,"path_per_floor":["M","$","?","$","M","R","$","E","T","T","E","R","?","M","R","B",null,"M","M","$","M","M","R","?","R","T","M","?","M","?","M","R","B",null,"M","?","?","T","M","R","$","R","T","R","R","M","M","M","R","B",null],"character_chosen":"DEFECT","items_purchased":["Coolheaded","Go for the Eyes","Toy Ornithopter","All For One+1","Glacier"],"campfire_rested":0,"item_purchase_floors":[4,7,20,41,41],"current_hp_per_floor":[68,68,68,68,68,68,68,68,68,68,33,33,26,26,26,13,60,53,35,35,40,45,45,29,29,29,40,40,40,40,47,47,33,65,65,65,18,18,30,30,30,30,30,30,30,42,49,49,49,48],"gold":171,"neow_bonus":"THREE_ENEMY_KILL","is_prod":false,"is_daily":false,"chose_seed":false,"campfire_upgraded":11,"win_rate":0,"timestamp":1558704894,"path_taken":["M","$","?","?","M","R","$","E","T","?","E","R","?","?","R","BOSS","M","M","$","M","M","R","?","R","T","M","?","?","?","M","R","BOSS","M","?","?","?","M","R","?","R","T","R","R","M","M","M","R","BOSS"],"build_version":"2019-01-23","purchased_purges":2,"victory":true,"max_hp_per_floor":[75,75,75,75,75,75,75,75,75,75,75,75,75,75,75,75,75,75,75,75,75,75,75,75,75,75,75,75,75,75,75,75,75,75,75,75,75,75,75,75,75,75,75,75,75,75,75,75,75,75],"card_choices":[{"not_picked":["Redo","Ball Lightning"],"picked":"Gash","floor":1.0},{"not_picked":["Reprogram","Hologram"],"picked":"BootSequence","floor":5.0},{"not_picked":["Hologram","Force Field","Tempest"],"picked":"SKIP","floor":8.0},{"not_picked":["Barrage+1","Buffer"],"picked":"Glacier","floor":11.0},{"not_picked":["Ball Lightning+1","Compile Driver+1"],"picked":"Sunder+1","floor":14.0},{"not_picked":["Biased Cognition","Reboot"],"picked":"Creative AI","floor":16.0},{"not_picked":["Loop","Rebound+1"],"picked":"Leap","floor":18.0},{"not_picked":["Rebound+1","Reprogram"],"picked":"Barrage+1","floor":19.0},{"not_picked":["Sweeping Beam+1","Compile Driver+1","Go for the Eyes+1"],"picked":"SKIP","floor":21.0},{"not_picked":["Rebound+1","Turbo"],"picked":"FTL+1","floor":22.0},{"not_picked":["Beam Cell+1","Go for the Eyes+1","Darkness+1"],"picked":"SKIP","floor":27.0},{"not_picked":["Melter+1","Static Discharge","Beam Cell+1"],"picked":"SKIP","floor":29.0},{"not_picked":["Static Discharge+1","Coolheaded"],"picked":"Seek","floor":31.0},{"not_picked":["Hyperbeam+1","Rainbow"],"picked":"All For One+1","floor":33.0},{"not_picked":["Redo+1","Compile Driver+1"],"picked":"Coolheaded+1","floor":35},{"not_picked":["Conserve Battery","Beam Cell+1"],"picked":"BootSequence","floor":37},{"not_picked":["Hologram","Stack+1","Coolheaded"],"picked":"SKIP","floor":39},{"not_picked":["Coolheaded","Genetic Algorithm+1","Rip and Tear+1"],"picked":"SKIP","floor":46},{"not_picked":["Recycle+1","Compile Driver+1","Stack"],"picked":"SKIP","floor":47},{"not_picked":["Barrage+1","Turbo","Steam+1"],"picked":"SKIP","floor":48}],"player_experience":491643,"relics_obtained":[{"floor":8.0,"key":"The Courier"},{"floor":9.0,"key":"Molten Egg 2"},{"floor":10.0,"key":"Ornamental Fan"},{"floor":11.0,"key":"Omamori"},{"floor":24.0,"key":"Enchiridion"},{"floor":26.0,"key":"Meat on the Bone"},{"floor":37,"key":"WingedGreaves"},{"floor":38,"key":"Ancient Tea Set"},{"floor":43,"key":"Orichalcum"}],"event_choices":[{"damage_healed":0.0,"max_hp_gain":0.0,"max_hp_loss":0.0,"gold_gain":0.0,"event_name":"The Woman in Blue","player_choice":"Bought 1 Potion","floor":3.0,"gold_loss":0.0,"damage_taken":0.0},{"cards_removed":["Strike_B"],"damage_healed":0.0,"max_hp_gain":0.0,"max_hp_loss":0.0,"gold_gain":0.0,"event_name":"Golden Wing","player_choice":"Card Removal","floor":13.0,"gold_loss":0.0,"damage_taken":7.0},{"damage_healed":0.0,"max_hp_gain":0.0,"max_hp_loss":0.0,"gold_gain":0.0,"event_name":"Cursed Tome","player_choice":"Obtained Book","floor":24.0,"gold_loss":0.0,"damage_taken":16.0},{"damage_healed":0.0,"max_hp_gain":0.0,"max_hp_loss":0.0,"gold_gain":0.0,"event_name":"Duplicator","player_choice":"Ignored","floor":28.0,"gold_loss":0.0,"damage_taken":0.0},{"damage_healed":0,"gold_gain":0,"player_choice":"Memory 1","damage_taken":0,"max_hp_gain":0,"max_hp_loss":0,"event_name":"SensoryStone","floor":36,"gold_loss":0},{"damage_healed":0,"gold_gain":0,"player_choice":"Fight","damage_taken":0,"max_hp_gain":0,"max_hp_loss":0,"event_name":"Mysterious Sphere","floor":37,"gold_loss":0}],"is_beta":false,"boss_relics":[{"not_picked":["Black Star","Lizard Tail"],"picked":"Coffee Dripper"},{"not_picked":["Tiny House","Eternal Feather"],"picked":"Sozu"}],"items_purged_floors":[20,41],"is_endless":false,"potions_floor_spawned":[5,11,14,19,22,27,31,35,48],"ascension_level":8}