{"gold_per_floor":[114,129,53,53,73,73,93,93,93,93],"floor_reached":10,"playtime":328,"items_purged":[],"score":90,"play_id":"dbb6f99e-4926-48af-a9a4-56078573cc5e","local_time":"20190502203648","is_ascension_mode":true,"campfire_choices":[{"data":"Noxious Fumes","floor":6,"key":"SMITH"},{"data":"Malaise","floor":8,"key":"SMITH"}],"neow_cost":"TEN_PERCENT_HP_LOSS","seed_source_timestamp":765537775777122,"circlet_count":0,"master_deck":["AscendersBane","Defend_G","Defend_G","Defend_G","Defend_G+1","Defend_G","Strike_G","Strike_G+1","Strike_G","Strike_G","Strike_G","Survivor","Neutralize","Malaise+1","Backflip","Noxious Fumes+1","Catalyst","Backflip"],"relics":["Ring of the Snake","Dodecahedron"],"potions_floor_usage":[7],"damage_taken":[{"damage":5,"enemies":"Small Slimes","floor":1,"turns":6},{"damage":0,"enemies":"Jaw Worm","floor":2,"turns":6},{"damage":2,"enemies":"2 Louse","floor":5,"turns":3},{"damage":6,"enemies":"Gremlin Gang","floor":7,"turns":4},{"damage":27,"enemies":"Gremlin Nob","floor":10,"turns":7}],"seed_played":"3403079055986244218","potions_obtained":[{"floor":1,"key":"Poison Potion"}],"is_trial":false,"path_per_floor":["M","M","$","?","M","R","M","R","T","E"],"character_chosen":"THE_SILENT","items_purchased":["Catalyst"],"campfire_rested":0,"item_purchase_floors":[3],"current_hp_per_floor":[58,58,58,45,43,43,37,37,37,10],"gold":93,"neow_bonus":"THREE_RARE_CARDS","is_prod":false,"is_daily":false,"chose_seed":false,"campfire_upgraded":2,"win_rate":0,"timestamp":1556843808,"path_taken":["M","M","$","?","M","R","M","R","T","E"],"build_version":"2019-01-23","purchased_purges":0,"victory":false,"max_hp_per_floor":[63,63,63,63,63,63,63,63,63,63],"card_choices":[{"not_picked":["Envenom","Storm of Steel"],"picked":"Malaise","floor":0},{"not_picked":["Terror","Sucker Punch"],"picked":"Backflip","floor":1},{"not_picked":["Dagger Spray","Underhanded Strike"],"picked":"Noxious Fumes","floor":2},{"not_picked":["Flying Knee","Endless Agony"],"picked":"Backflip","floor":5},{"not_picked":["Cloak And Dagger","Outmaneuver","Concentrate"],"picked":"SKIP","floor":7}],"player_experience":373957,"relics_obtained":[{"floor":9,"key":"Dodecahedron"}],"event_choices":[{"damage_healed":0,"gold_gain":0,"player_choice":"Entered Light","damage_taken":13,"max_hp_gain":0,"max_hp_loss":0,"event_name":"Shining Light","floor":4,"gold_loss":0,"cards_upgraded":["Defend_G","Strike_G"]}],"is_beta":false,"boss_relics":[],"items_purged_floors":[],"is_endless":false,"potions_floor_spawned":[1],"killed_by":"Gremlin Nob","ascension_level":11}