{"gold_per_floor":[110,128,143,143,143,30,30,30,53,67,87,87,36,51,51,150,150,169,179,45,45,45,45,64,64,64,64,79,112,137,163,175,286,298,322,14,14,25,40,40,60,80,80,80,95,95,115,126,126,126],"floor_reached":51,"playtime":4222,"items_purged":["Strike_G","Strike_G"],"score":640,"play_id":"9abca9e2-51aa-4b34-89ae-2ddf57be0cd7","local_time":"20190606042609","is_ascension_mode":false,"campfire_choices":[{"data":"Noxious Fumes","floor":7,"key":"SMITH"},{"floor":15,"key":"REST"},{"floor":23,"key":"REST"},{"floor":27,"key":"REST"},{"floor":32,"key":"REST"},{"floor":40,"key":"REST"},{"floor":44,"key":"REST"},{"floor":49,"key":"REST"}],"neow_cost":"NONE","seed_source_timestamp":1502721603662300,"circlet_count":0,"master_deck":["Defend_G","Defend_G","Defend_G","Defend_G","Defend_G","Strike_G+1","Strike_G+1","Survivor","Neutralize","Noxious Fumes+1","Acrobatics","Footwork","Backflip","Catalyst","Catalyst+1","Footwork","Outmaneuver","Prepared","Endless Agony","Escape Plan","Acrobatics+1","Calculated Gamble+1","Deflect+1","Deflect+1","Backflip","The Bomb","Master of Strategy","Enlightenment","Deflect","Deflect","Outmaneuver","Backflip"],"relics":["Ring of the Snake","Oddly Smooth Stone","Black Star","Letter Opener","Bottled Tornado","MawBank","Runic Pyramid","Molten Egg 2"],"potions_floor_usage":[11,11,14,16,18,28,33,38,41,50,50],"damage_taken":[{"damage":0,"enemies":"2 Louse","floor":1,"turns":4},{"damage":0,"enemies":"Cultist","floor":2,"turns":5},{"damage":0,"enemies":"Jaw Worm","floor":3,"turns":6},{"damage":0,"enemies":"Blue Slaver","floor":10,"turns":5},{"damage":8,"enemies":"Large Slime","floor":11,"turns":6},{"damage":4,"enemies":"Exordium Wildlife","floor":14,"turns":4},{"damage":34,"enemies":"Slime Boss","floor":16,"turns":11},{"damage":12,"enemies":"3 Byrds","floor":18,"turns":5},{"damage":7,"enemies":"Chosen","floor":19,"turns":7},{"damage":34,"enemies":"Snake Plant","floor":24,"turns":4},{"damage":15,"enemies":"Snecko","floor":28,"turns":5},{"damage":30,"enemies":"Book of Stabbing","floor":29,"turns":8},{"damage":0,"enemies":"Chosen and Byrds","floor":30,"turns":6},{"damage":12,"enemies":"Centurion and Healer","floor":31,"turns":7},{"damage":25,"enemies":"Collector","floor":33,"turns":8},{"damage":2,"enemies":"Orb Walker","floor":35,"turns":5},{"damage":34,"enemies":"3 Darklings","floor":38,"turns":5},{"damage":12,"enemies":"Writhing Mass","floor":39,"turns":6},{"damage":3,"enemies":"Jaw Worm Horde","floor":41,"turns":5},{"damage":25,"enemies":"3 Darklings","floor":42,"turns":3},{"damage":18,"enemies":"Spire Growth","floor":45,"turns":5},{"damage":10,"enemies":"Sphere and 2 Shapes","floor":47,"turns":4},{"damage":10,"enemies":"Transient","floor":48,"turns":5},{"damage":19,"enemies":"Donu and Deca","floor":50,"turns":13}],"seed_played":"4337768712567820997","potions_obtained":[{"floor":2,"key":"FearPotion"},{"floor":3,"key":"Energy Potion"},{"floor":14,"key":"Poison Potion"},{"floor":16,"key":"PowerPotion"},{"floor":24,"key":"Regen Potion"},{"floor":29,"key":"SkillPotion"},{"floor":35,"key":"LiquidBronze"},{"floor":39,"key":"Block Potion"},{"floor":41,"key":"SneckoOil"},{"floor":45,"key":"Ancient Potion"},{"floor":47,"key":"Poison Potion"}],"is_trial":false,"path_per_floor":["M","M","M","?","?","$","R","$","T","M","M","?","$","M","R","B",null,"M","M","$","?","$","R","M","?","T","R","M","E","M","M","R","B",null,"M","$","?","M","M","R","M","M","T","R","M","?","M","M","R","B",null],"character_chosen":"THE_SILENT","items_purchased":["Footwork","Poison Potion","Footwork","Outmaneuver","Prepared","Backflip","The Bomb"],"campfire_rested":7,"item_purchase_floors":[6,13,20,20,20,36,36],"current_hp_per_floor":[70,70,70,56,56,56,56,56,56,56,48,41,41,37,58,24,70,58,51,51,51,51,70,36,36,36,57,54,24,24,12,33,8,70,68,68,58,24,12,33,30,5,5,26,8,61,51,41,59,40],"gold":126,"neow_bonus":"THREE_CARDS","is_prod":false,"is_daily":false,"chose_seed":false,"campfire_upgraded":1,"win_rate":0.0,"timestamp":1559809569,"path_taken":["M","M","M","?","?","$","R","$","T","?","M","?","$","M","R","BOSS","M","M","$","?","$","R","?","?","T","R","M","E","M","M","R","BOSS","M","$","?","M","M","R","M","M","T","R","M","?","M","M","R","BOSS"],"build_version":"2019-01-23","purchased_purges":2,"victory":true,"max_hp_per_floor":[70,70,70,70,70,70,70,70,70,70,70,70,70,70,70,70,70,70,70,70,70,70,70,70,70,70,70,70,70,70,70,70,70,70,70,70,70,70,70,70,70,70,70,70,70,61,61,61,61,61],"card_choices":[{"not_picked":["Choke","Acrobatics"],"picked":"Noxious Fumes","floor":0},{"not_picked":["Dagger Throw","Endless Agony"],"picked":"Well Laid Plans","floor":1},{"not_picked":["Dagger Spray","Dagger Throw"],"picked":"Acrobatics","floor":2},{"not_picked":["PiercingWail","Blade Dance","Bane"],"picked":"SKIP","floor":3},{"not_picked":["Outmaneuver","Terror"],"picked":"Backflip","floor":10},{"not_picked":["Tools of the Trade","Riddle With Holes","Underhanded Strike"],"picked":"SKIP","floor":11},{"not_picked":["Endless Agony","Quick Slash"],"picked":"Catalyst","floor":14},{"not_picked":["Dodge and Roll","PiercingWail","Quick Slash+1"],"picked":"SKIP","floor":18},{"not_picked":["Underhanded Strike","Reflex+1"],"picked":"Catalyst+1","floor":19},{"not_picked":["Reflex","Distraction"],"picked":"Escape Plan","floor":24},{"not_picked":["Tactician+1","Calculated Gamble"],"picked":"Acrobatics+1","floor":28},{"not_picked":["Sucker Punch","Skewer"],"picked":"Calculated Gamble+1","floor":29},{"not_picked":["Footwork+1","Deadly Poison"],"picked":"Deflect+1","floor":30},{"not_picked":["Underhanded Strike+1","Bane+1","Dagger Throw"],"picked":"SKIP","floor":31},{"not_picked":["Backstab","Sucker Punch+1"],"picked":"Deflect+1","floor":35},{"not_picked":["Enlightenment","Discovery"],"picked":"Master of Strategy","floor":37},{"not_picked":["Jack Of All Trades","Purity"],"picked":"Enlightenment","floor":37},{"not_picked":["Backflip","Sucker Punch"],"picked":"Deflect","floor":38},{"not_picked":["Sucker Punch+1","Choke+1"],"picked":"Deflect","floor":39},{"not_picked":["Bane","Blade Dance+1","Endless Agony"],"picked":"SKIP","floor":41},{"not_picked":["Quick Slash","Slice","Blade Dance+1"],"picked":"SKIP","floor":42},{"not_picked":["A Thousand Cuts","Quick Slash+1","Dagger Throw+1"],"picked":"SKIP","floor":45},{"not_picked":["Acrobatics","Dodge and Roll+1"],"picked":"Outmaneuver","floor":47},{"not_picked":["Reflex+1","PiercingWail+1"],"picked":"Backflip","floor":48}],"player_experience":77115,"relics_obtained":[{"floor":9,"key":"Oddly Smooth Stone"},{"floor":26,"key":"Letter Opener"},{"floor":29,"key":"Bottled Tornado"},{"floor":29,"key":"MawBank"},{"floor":43,"key":"Molten Egg 2"}],"event_choices":[{"damage_healed":0,"gold_gain":0,"player_choice":"Entered Light","damage_taken":14,"max_hp_gain":0,"max_hp_loss":0,"event_name":"Shining Light","floor":4,"gold_loss":0,"cards_upgraded":["Strike_G","Strike_G"]},{"cards_removed":["Strike_G"],"damage_healed":0,"gold_gain":0,"player_choice":"Took Card","damage_taken":0,"max_hp_gain":0,"max_hp_loss":0,"event_name":"NoteForYourself","floor":5,"gold_loss":0,"cards_obtained":["Strike_R"]},{"cards_removed":["Strike_R"],"damage_healed":0,"gold_gain":0,"player_choice":"Card Removal","damage_taken":7,"max_hp_gain":0,"max_hp_loss":0,"event_name":"Golden Wing","floor":12,"gold_loss":0},{"damage_healed":0,"gold_gain":0,"cards_transformed":["Well Laid Plans"],"player_choice":"Transformed","damage_taken":0,"max_hp_gain":0,"max_hp_loss":0,"event_name":"Transmorgrifier","floor":21,"gold_loss":0,"cards_obtained":["Endless Agony"]},{"damage_healed":0,"gold_gain":0,"player_choice":"Ignored","damage_taken":0,"max_hp_gain":0,"max_hp_loss":0,"event_name":"Beggar","floor":25,"gold_loss":0},{"damage_healed":0,"gold_gain":0,"player_choice":"Memory 3","damage_taken":10,"max_hp_gain":0,"max_hp_loss":0,"event_name":"SensoryStone","floor":37,"gold_loss":0},{"damage_healed":61,"gold_gain":0,"player_choice":"Heal","damage_taken":0,"max_hp_gain":0,"max_hp_loss":9,"event_name":"The Moai Head","floor":46,"gold_loss":0}],"is_beta":false,"boss_relics":[{"not_picked":["Eternal Feather","Calling Bell"],"picked":"Black Star"},{"not_picked":["Ring of the Serpent","Astrolabe"],"picked":"Runic Pyramid"}],"items_purged_floors":[6,36],"is_endless":false,"potions_floor_spawned":[2,3,14,16,24,29,35,39,41,45,47],"ascension_level":0}