{"gold_per_floor":[115,134,134,84,84,112,112,124,124,124,124,143,172,192,192,297,297,313,338,88,0,0,0,32,32,32,50,50],"floor_reached":28,"playtime":789,"items_purged":[],"score":256,"play_id":"244644c3-5b29-46ba-876c-9a760d855fa4","local_time":"20190406181049","is_ascension_mode":true,"campfire_choices":[{"floor":7,"key":"REST"},{"floor":15,"key":"REST"},{"floor":23,"key":"RECALL"},{"data":"Pommel Strike","floor":25,"key":"SMITH"}],"neow_cost":"NONE","seed_source_timestamp":500302393988175,"circlet_count":0,"master_deck":["Strike_R","Strike_R","Strike_R","Strike_R","Defend_R","Defend_R","Defend_R","Defend_R","Bash","Madness","Perfected Strike","Inflame","Demon Form","Pommel Strike+1","Perfected Strike","Offering","Heavy Blade+1","Pommel Strike","Pommel Strike"],"relics":["Burning Blood","Du-Vu Doll","Boot","Gremlin Horn","Letter Opener","Coffee Dripper","Art of War","TheAbacus","Omamori","Mummified Hand"],"potions_floor_usage":[16,24,27,28],"damage_taken":[{"damage":0,"enemies":"2 Louse","floor":1,"turns":2},{"damage":9,"enemies":"Jaw Worm","floor":2,"turns":4},{"damage":58,"enemies":"3 Sentries","floor":6,"turns":9},{"damage":8,"enemies":"Small Slimes","floor":8,"turns":3},{"damage":6,"enemies":"2 Fungi Beasts","floor":12,"turns":4},{"damage":27,"enemies":"Gremlin Nob","floor":13,"turns":4},{"damage":0,"enemies":"Large Slime","floor":14,"turns":3},{"damage":35,"enemies":"Slime Boss","floor":16,"turns":5},{"damage":14,"enemies":"Shell Parasite","floor":18,"turns":5},{"damage":60,"enemies":"Book of Stabbing","floor":24,"turns":5},{"damage":10,"enemies":"2 Thieves","floor":27,"turns":3},{"damage":23,"enemies":"Snake Plant","floor":28,"turns":2}],"seed_played":"2781603808439790756","potions_obtained":[{"floor":12,"key":"GamblersBrew"},{"floor":13,"key":"PowerPotion"},{"floor":14,"key":"GamblersBrew"},{"floor":27,"key":"Explosive Potion"}],"is_trial":false,"path_per_floor":["M","M","?","?","?","E","R","M","T","?","T","M","E","M","R","B",null,"M","T","$","?","?","R","E","R","T","M","M"],"character_chosen":"IRONCLAD","items_purchased":["TheAbacus","Pommel Strike"],"campfire_rested":2,"item_purchase_floors":[20,20],"current_hp_per_floor":[80,77,65,65,70,18,43,41,41,41,41,41,20,26,51,22,85,77,77,77,77,77,77,23,23,23,19,0],"gold":50,"neow_bonus":"RANDOM_COLORLESS","is_prod":false,"is_daily":false,"chose_seed":false,"campfire_upgraded":1,"win_rate":0,"timestamp":1554588649,"path_taken":["M","M","?","?","?","E","R","M","T","?","?","M","E","M","R","BOSS","M","?","$","?","?","R","E","R","T","M","?"],"build_version":"2019-01-23","purchased_purges":0,"victory":false,"max_hp_per_floor":[80,80,80,80,85,85,85,85,85,85,85,85,85,85,85,85,85,85,85,85,85,85,85,85,85,85,85,85],"card_choices":[{"not_picked":["Iron Wave","Clothesline","Sword Boomerang"],"picked":"SKIP","floor":1},{"not_picked":["Body Slam","Cleave"],"picked":"Perfected Strike","floor":2},{"not_picked":["Dual Wield","Thunderclap"],"picked":"Inflame","floor":6},{"not_picked":["Pummel","Hemokinesis"],"picked":"Demon Form","floor":8},{"not_picked":["Sword Boomerang","Anger"],"picked":"Pommel Strike","floor":12},{"not_picked":["Brutality","Disarm"],"picked":"Perfected Strike","floor":13},{"not_picked":["Hemokinesis","Evolve","True Grit"],"picked":"SKIP","floor":14},{"not_picked":["Exhume","Limit Break"],"picked":"Offering","floor":16},{"not_picked":["Warcry+1","Body Slam"],"picked":"Heavy Blade+1","floor":18},{"not_picked":["Headbutt","Searing Blow+1","Bludgeon"],"picked":"SKIP","floor":24},{"not_picked":["Warcry","Clash"],"picked":"Pommel Strike","floor":27}],"player_experience":100429,"relics_obtained":[{"floor":6,"key":"Boot"},{"floor":9,"key":"Gremlin Horn"},{"floor":13,"key":"Letter Opener"},{"floor":19,"key":"Art of War"},{"floor":24,"key":"Omamori"},{"floor":26,"key":"Mummified Hand"}],"event_choices":[{"damage_healed":0,"gold_gain":0,"player_choice":"Success","damage_taken":12,"relics_obtained":["Du-Vu Doll"],"max_hp_gain":0,"max_hp_loss":0,"event_name":"Scrap Ooze","floor":3,"gold_loss":0},{"cards_removed":["Strike_R"],"damage_healed":0,"gold_gain":0,"player_choice":"Card Removal","damage_taken":0,"max_hp_gain":0,"max_hp_loss":0,"event_name":"The Cleric","floor":4,"gold_loss":50},{"damage_healed":0,"gold_gain":0,"player_choice":"Donut","damage_taken":0,"max_hp_gain":5,"max_hp_loss":0,"event_name":"Big Fish","floor":5,"gold_loss":0},{"damage_healed":0,"gold_gain":0,"player_choice":"Ignored","damage_taken":0,"max_hp_gain":0,"max_hp_loss":0,"event_name":"Golden Wing","floor":10,"gold_loss":0},{"damage_healed":0,"gold_gain":0,"player_choice":"Paid Fearfully","damage_taken":0,"max_hp_gain":0,"max_hp_loss":0,"event_name":"Masked Bandits","floor":21,"gold_loss":88},{"damage_healed":0,"gold_gain":0,"player_choice":"Ignored","damage_taken":0,"max_hp_gain":0,"max_hp_loss":0,"event_name":"Ghosts","floor":22,"gold_loss":0}],"is_beta":false,"boss_relics":[{"not_picked":["Eternal Feather","Snecko Eye"],"picked":"Coffee Dripper"}],"items_purged_floors":[],"is_endless":false,"potions_floor_spawned":[12,13,14,27],"killed_by":"Snake Plant","ascension_level":1}