{"gold_per_floor":[116,132,146,96,114,114,140,140,210,220,395,421,421,452,452,552,552,566,566,581,610,623,623,640,701,701,711,711],"floor_reached":28,"playtime":2336,"items_purged":[],"score":312,"play_id":"bbfe6d1b-6d46-4ed1-b85b-cc943e946c6d","local_time":"20181028155123","is_ascension_mode":true,"campfire_choices":[{"data":"Bash","floor":6,"key":"SMITH"},{"data":"Wild Strike","floor":8,"key":"SMITH"},{"floor":15,"key":"REST"},{"floor":23,"key":"REST"}],"neow_cost":"NONE","seed_source_timestamp":345313332337727,"circlet_count":0,"master_deck":["Strike_R","Strike_R","Strike_R","Strike_R","Strike_R","Defend_R","Defend_R","Defend_R","Bash+1","Twin Strike","Cleave","Wild Strike+1","Pommel Strike","Perfected Strike","Doubt","Cleave","Perfected Strike","Double Tap","Twin Strike+1","Flex","Wild Strike+1","Seeing Red","Exhume","Twin Strike"],"relics":["Burning Blood","StoneCalendar","Question Card","Juzu Bracelet","NlothsMask","Nunchaku","Eternal Feather","PreservedInsect","Red Mask","Tiny Chest"],"potions_floor_usage":[7,12,12,12,22,24,28],"damage_taken":[{"damage":1,"enemies":"Cultist","floor":1,"turns":3},{"damage":12,"enemies":"Small Slimes","floor":2,"turns":4},{"damage":6,"enemies":"Jaw Worm","floor":3,"turns":4},{"damage":11,"enemies":"Blue Slaver","floor":5,"turns":3},{"damage":32,"enemies":"Gremlin Nob","floor":7,"turns":4},{"damage":12,"enemies":"2 Fungi Beasts","floor":10,"turns":2},{"damage":25,"enemies":"Lagavulin","floor":12,"turns":4},{"damage":16,"enemies":"Gremlin Nob","floor":14,"turns":3},{"damage":58,"enemies":"The Guardian","floor":16,"turns":8},{"damage":39,"enemies":"2 Thieves","floor":18,"turns":3},{"damage":23,"enemies":"Shell Parasite","floor":20,"turns":3},{"damage":10,"enemies":"Masked Bandits","floor":21,"turns":3},{"damage":28,"enemies":"Centurion and Healer","floor":22,"turns":3},{"damage":24,"enemies":"Snake Plant","floor":24,"turns":3},{"damage":10,"enemies":"Book of Stabbing","floor":25,"turns":2},{"damage":18,"enemies":"Snecko","floor":27,"turns":3},{"damage":43,"enemies":"Shelled Parasite and Fungi","floor":28,"turns":4}],"seed_played":"3747861463540648695","potions_obtained":[{"floor":2,"key":"GamblersBrew"},{"floor":5,"key":"FearPotion"},{"floor":7,"key":"Fruit Juice"},{"floor":10,"key":"Regen Potion"},{"floor":20,"key":"SkillPotion"},{"floor":22,"key":"BloodPotion"},{"floor":24,"key":"FairyPotion"},{"floor":25,"key":"Dexterity Potion"}],"is_trial":false,"path_per_floor":["M","M","M","?","M","R","E","R","T","M","?","E","?","E","R","B",null,"M","?","M","?","M","R","M","E","T","M"],"character_chosen":"IRONCLAD","items_purchased":[],"campfire_rested":2,"item_purchase_floors":[],"current_hp_per_floor":[88,82,82,82,77,77,56,56,56,50,50,43,43,33,60,8,93,60,60,43,39,17,56,47,43,43,31,0],"gold":711,"neow_bonus":"TEN_PERCENT_HP_BONUS","is_prod":false,"is_daily":false,"chose_seed":false,"campfire_upgraded":2,"win_rate":0,"timestamp":1540763483,"path_taken":["M","?","M","?","M","R","E","R","T","M","?","E","?","E","R","BOSS","M","?","M","?","M","R","M","E","T","M","M"],"build_version":"2018-10-25v2","purchased_purges":0,"victory":false,"max_hp_per_floor":[88,88,88,88,88,88,93,93,93,93,93,93,93,93,93,93,93,93,93,93,93,93,93,93,93,93,93,93],"card_choices":[{"not_picked":["Thunderclap","Headbutt"],"picked":"Twin Strike","floor":1},{"not_picked":["Corruption","Thunderclap","Iron Wave"],"picked":"SKIP","floor":2},{"not_picked":["Disarm","Whirlwind"],"picked":"Cleave","floor":3},{"not_picked":["Sentinel","Havoc"],"picked":"Wild Strike","floor":5},{"not_picked":["Limit Break","Havoc"],"picked":"Pommel Strike","floor":7},{"not_picked":["Pommel Strike","Rage","Twin Strike"],"picked":"Perfected Strike","floor":10},{"not_picked":["Power Through","Warcry","Blood for Blood"],"picked":"Cleave","floor":12},{"not_picked":["Havoc","Iron Wave","Sword Boomerang"],"picked":"Perfected Strike","floor":14},{"not_picked":["Barricade","Bludgeon","Fiend Fire"],"picked":"Double Tap","floor":16},{"not_picked":["Cleave+1","Pommel Strike","Power Through"],"picked":"Twin Strike+1","floor":18},{"not_picked":["Havoc","Headbutt","Rampage"],"picked":"Flex","floor":20},{"not_picked":["Pummel+1","Bloodletting","Ghostly Armor"],"picked":"Wild Strike+1","floor":21},{"not_picked":["Shrug It Off+1","Whirlwind","Battle Trance+1"],"picked":"Seeing Red","floor":22},{"not_picked":["Thunderclap+1","Heavy Blade","Anger+1","Warcry"],"picked":"SKIP","floor":24},{"not_picked":["Sentinel+1","Blood for Blood","Metallicize"],"picked":"Exhume","floor":25},{"not_picked":["Battle Trance","Clothesline","Blood for Blood"],"picked":"Twin Strike","floor":27}],"player_experience":209562,"relics_obtained":[{"floor":7,"key":"StoneCalendar"},{"floor":9,"key":"Question Card"},{"floor":12,"key":"Juzu Bracelet"},{"floor":14,"key":"Nunchaku"},{"floor":21,"key":"Red Mask"},{"floor":25,"key":"Tiny Chest"}],"event_choices":[{"cards_removed":["Defend_R"],"damage_healed":0,"gold_gain":0,"player_choice":"Card Removal","damage_taken":0,"max_hp_gain":0,"max_hp_loss":0,"event_name":"The Cleric","floor":4,"gold_loss":50},{"damage_healed":0,"gold_gain":175,"player_choice":"AGREE","damage_taken":0,"max_hp_gain":0,"max_hp_loss":0,"event_name":"Liars Game","floor":11,"gold_loss":0,"cards_obtained":["Doubt"]},{"damage_healed":0,"gold_gain":0,"player_choice":"Trade","damage_taken":0,"relics_obtained":["NlothsMask"],"max_hp_gain":0,"max_hp_loss":0,"event_name":"FaceTrader","floor":13,"gold_loss":0},{"damage_healed":0,"gold_gain":0,"player_choice":"Opened","damage_taken":0,"relics_obtained":["PreservedInsect"],"max_hp_gain":0,"max_hp_loss":0,"event_name":"The Mausoleum","floor":19,"gold_loss":0},{"damage_healed":0,"gold_gain":0,"player_choice":"Fought Bandits","damage_taken":0,"max_hp_gain":0,"max_hp_loss":0,"event_name":"Masked Bandits","floor":21,"gold_loss":0}],"is_beta":false,"boss_relics":[{"not_picked":["Snecko Eye","Runic Cube"],"picked":"Eternal Feather"}],"items_purged_floors":[],"is_endless":false,"potions_floor_spawned":[2,5,7,10,20,22,24,25],"killed_by":"Shelled Parasite and Fungi","ascension_level":4}