{"gold_per_floor":[209,61,61,75,250,284,40,40,67,98,139,139,112,147,147,267,267,280,280,84,84,97,121,121,159,159,203,223,247,291,314,314,442,442,463,479,132,132,151,151,167,167,167,167,207,207,207,1,1,1],"floor_reached":51,"playtime":4359,"items_purged":["Doubt","Strike_B","Parasite"],"score":1263,"play_id":"8eaa8d2f-6e9b-4ece-817b-2234479301bb","local_time":"20190607091204","is_ascension_mode":true,"campfire_choices":[{"floor":8,"key":"REST"},{"data":"Zap","floor":12,"key":"SMITH"},{"data":"Hologram","floor":15,"key":"SMITH"},{"data":"Fission","floor":24,"key":"SMITH"},{"data":"Sweeping Beam","floor":32,"key":"SMITH"},{"data":"Barrage","floor":40,"key":"SMITH"},{"data":"Steam","floor":44,"key":"SMITH"},{"data":"Hologram","floor":46,"key":"SMITH"},{"data":"Finesse","floor":49,"key":"SMITH"}],"neow_cost":"NONE","seed_source_timestamp":1955046891415218,"circlet_count":0,"master_deck":["AscendersBane","Defend_B","Defend_B+1","Defend_B","Defend_B+1","Zap+1","Dualcast","Sweeping Beam+1","Ball Lightning+1","Ball Lightning","Sweeping Beam+1","Ball Lightning","Hologram+1","Fission+1","Doom and Gloom+1","Conserve Battery+1","Rainbow+1","Compile Driver","Necronomicurse","Glacier","Steam+1","Double Energy+1","Hologram+1","Stack","Sunder+1","Barrage+1","Fission+1","FTL+1","Finesse+1"],"relics":["Cracked Core","Oddly Smooth Stone","Golden Idol","Incense Burner","Lantern","Whetstone","Odd Mushroom","Gambling Chip","Darkstone Periapt","Astrolabe","Runic Capacitor","Necronomicon","Pen Nib","Juzu Bracelet","Pocketwatch","War Paint","Sozu","Symbiotic Virus","Omamori","Bag of Preparation"],"potions_floor_usage":[11,14,14,16,30,39],"damage_taken":[{"damage":9,"enemies":"Jaw Worm","floor":1,"turns":4},{"damage":6,"enemies":"Small Slimes","floor":4,"turns":3},{"damage":42,"enemies":"3 Sentries","floor":6,"turns":10},{"damage":6,"enemies":"The Mushroom Lair","floor":10,"turns":3},{"damage":3,"enemies":"Lagavulin","floor":11,"turns":4},{"damage":4,"enemies":"3 Sentries","floor":14,"turns":4},{"damage":15,"enemies":"The Guardian","floor":16,"turns":11},{"damage":0,"enemies":"Spheric Guardian","floor":18,"turns":2},{"damage":0,"enemies":"Shell Parasite","floor":22,"turns":5},{"damage":0,"enemies":"Cultist and Chosen","floor":23,"turns":4},{"damage":0,"enemies":"Book of Stabbing","floor":25,"turns":4},{"damage":0,"enemies":"Gremlin Leader","floor":27,"turns":4},{"damage":0,"enemies":"Centurion and Healer","floor":28,"turns":2},{"damage":0,"enemies":"Sentry and Sphere","floor":29,"turns":3},{"damage":0,"enemies":"Slavers","floor":30,"turns":4},{"damage":0,"enemies":"Snecko","floor":31,"turns":3},{"damage":6,"enemies":"Collector","floor":33,"turns":8},{"damage":3,"enemies":"3 Shapes","floor":35,"turns":4},{"damage":0,"enemies":"Orb Walker","floor":36,"turns":2},{"damage":0,"enemies":"Writhing Mass","floor":39,"turns":3},{"damage":2,"enemies":"Transient","floor":41,"turns":5},{"damage":0,"enemies":"Reptomancer","floor":45,"turns":4},{"damage":37,"enemies":"Awakened One","floor":50,"turns":12}],"seed_played":"-225155882228000141","potions_obtained":[{"floor":6,"key":"Fire Potion"},{"floor":10,"key":"Block Potion"},{"floor":11,"key":"Regen Potion"},{"floor":14,"key":"Block Potion"},{"floor":18,"key":"FearPotion"},{"floor":22,"key":"SpeedPotion"}],"is_trial":false,"path_per_floor":["M","$","?","M","?","E","$","R","T","?","E","R","?","E","R","B",null,"M","?","$","?","M","M","R","E","T","E","M","M","E","M","R","B",null,"M","M","$","?","M","R","M","?","T","R","E","R","?","$","R","B",null],"character_chosen":"DEFECT","items_purchased":["Oddly Smooth Stone","Lantern","Sweeping Beam","Runic Capacitor","Symbiotic Virus","Finesse"],"campfire_rested":1,"item_purchase_floors":[2,7,7,20,37,48],"current_hp_per_floor":[59,59,59,53,53,11,11,31,31,25,22,22,22,30,30,15,56,56,56,56,46,46,46,46,46,46,46,46,46,46,46,46,40,66,63,63,63,63,69,69,67,67,67,67,67,67,67,67,67,30],"gold":1,"neow_bonus":"HUNDRED_GOLD","is_prod":false,"is_daily":false,"chose_seed":false,"campfire_upgraded":8,"win_rate":0,"timestamp":1559913124,"path_taken":["M","$","?","M","?","E","$","R","T","?","E","R","?","E","R","BOSS","M","?","$","?","M","M","R","E","T","E","M","M","E","M","R","BOSS","M","M","$","?","M","R","M","?","T","R","E","R","?","$","R","BOSS"],"build_version":"2019-01-23","purchased_purges":3,"victory":true,"max_hp_per_floor":[75,75,69,69,69,69,69,69,69,69,69,69,69,69,69,69,69,69,69,69,75,75,75,75,75,75,75,75,75,75,75,75,75,75,75,75,75,75,81,81,81,77,77,77,77,77,77,74,74,74],"card_choices":[{"not_picked":["Gash","Beam Cell"],"picked":"Sweeping Beam","floor":1},{"not_picked":["Reinforced Body","Melter"],"picked":"Ball Lightning","floor":4},{"not_picked":["Hyperbeam","Defragment"],"picked":"Ball Lightning","floor":6},{"not_picked":["Force Field","Rebound"],"picked":"Ball Lightning","floor":10},{"not_picked":["Streamline","Blizzard","Turbo"],"picked":"SKIP","floor":11},{"not_picked":["Beam Cell","Coolheaded"],"picked":"Hologram","floor":14},{"not_picked":["Reboot","Seek"],"picked":"Fission","floor":16},{"not_picked":["Consume","Coolheaded","Streamline"],"picked":"SKIP","floor":18},{"not_picked":["Coolheaded","Storm"],"picked":"Glacier","floor":22},{"not_picked":["Fusion","Lockon+1"],"picked":"Steam","floor":23},{"not_picked":["Tempest","Buffer"],"picked":"Double Energy+1","floor":25},{"not_picked":["Redo+1","Compile Driver"],"picked":"Hologram","floor":27},{"not_picked":["Consume","Redo+1","Turbo"],"picked":"SKIP","floor":28},{"not_picked":["Redo","Compile Driver"],"picked":"Stack","floor":29},{"not_picked":["Aggregate","Blizzard+1"],"picked":"Sunder+1","floor":30},{"not_picked":["Rebound","Compile Driver","Cold Snap"],"picked":"SKIP","floor":31},{"not_picked":["Reprogram","Steam+1","Aggregate+1"],"picked":"SKIP","floor":35},{"not_picked":["Cold Snap","Turbo"],"picked":"Barrage","floor":36},{"not_picked":["Hologram+1","Double Energy+1","Conserve Battery"],"picked":"SKIP","floor":39},{"not_picked":["Turbo","Ball Lightning","Sweeping Beam+1"],"picked":"SKIP","floor":41},{"not_picked":["Darkness","Melter"],"picked":"FTL+1","floor":45}],"player_experience":576196,"relics_obtained":[{"floor":6,"key":"Incense Burner"},{"floor":9,"key":"Whetstone"},{"floor":10,"key":"Odd Mushroom"},{"floor":11,"key":"Gambling Chip"},{"floor":14,"key":"Darkstone Periapt"},{"floor":21,"key":"Necronomicon"},{"floor":25,"key":"Pen Nib"},{"floor":26,"key":"Juzu Bracelet"},{"floor":27,"key":"Pocketwatch"},{"floor":30,"key":"War Paint"},{"floor":43,"key":"Omamori"},{"floor":45,"key":"Bag of Preparation"}],"event_choices":[{"damage_healed":0,"gold_gain":0,"player_choice":"Lose Max HP","damage_taken":0,"relics_obtained":["Golden Idol"],"max_hp_gain":0,"max_hp_loss":6,"event_name":"Golden Idol","floor":3,"gold_loss":0},{"damage_healed":0,"gold_gain":175,"player_choice":"AGREE","damage_taken":0,"max_hp_gain":0,"max_hp_loss":0,"event_name":"Liars Game","floor":5,"gold_loss":0,"cards_obtained":["Doubt"]},{"damage_healed":0,"gold_gain":0,"player_choice":"Fought Mushrooms","damage_taken":0,"max_hp_gain":0,"max_hp_loss":0,"event_name":"Mushrooms","floor":10,"gold_loss":0},{"damage_healed":0,"gold_gain":0,"player_choice":"Left Gold","damage_taken":0,"max_hp_gain":0,"max_hp_loss":0,"event_name":"World of Goop","floor":13,"gold_loss":27},{"damage_healed":0,"gold_gain":0,"player_choice":"Read","damage_taken":0,"max_hp_gain":0,"max_hp_loss":0,"event_name":"The Library","floor":19,"gold_loss":0,"cards_obtained":["Compile Driver"]},{"damage_healed":0,"gold_gain":0,"player_choice":"Obtained Book","damage_taken":16,"max_hp_gain":0,"max_hp_loss":0,"event_name":"Cursed Tome","floor":21,"gold_loss":0},{"damage_healed":0,"gold_gain":0,"player_choice":"Copied","damage_taken":0,"max_hp_gain":0,"max_hp_loss":0,"event_name":"Duplicator","floor":38,"gold_loss":0,"cards_obtained":["Fission"]},{"damage_healed":0,"gold_gain":0,"player_choice":"Max HP","damage_taken":0,"max_hp_gain":0,"max_hp_loss":4,"event_name":"Winding Halls","floor":42,"gold_loss":0},{"damage_healed":0,"gold_gain":0,"player_choice":"Ignored","damage_taken":0,"max_hp_gain":0,"max_hp_loss":0,"event_name":"Tomb of Lord Red Mask","floor":47,"gold_loss":0}],"is_beta":false,"boss_relics":[{"not_picked":["Velvet Choker","Tiny House"],"picked":"Astrolabe"},{"not_picked":["Runic Pyramid","Empty Cage"],"picked":"Sozu"}],"items_purged_floors":[7,37,48],"is_endless":false,"potions_floor_spawned":[6,10,11,14,18,22,27,28,39,41],"ascension_level":11}