{"gold_per_floor":[111,111,124,141,141,141,158,83,83,83,93,93,93,107,107,186,186,162,0,0,0,19,19,36,36,36,36],"floor_reached":27,"playtime":957,"items_purged":["Strike_G"],"score":396,"play_id":"c3e1f251-dd0a-429a-a626-7e5f738b53c6","local_time":"20190523210350","is_ascension_mode":true,"campfire_choices":[{"data":"Noxious Fumes","floor":6.0,"key":"SMITH"},{"floor":10.0,"key":"REST"},{"data":"Footwork","floor":13.0,"key":"SMITH"},{"data":"Neutralize","floor":15.0,"key":"SMITH"},{"data":"Backstab","floor":23,"key":"SMITH"},{"floor":25,"key":"REST"}],"neow_cost":"NONE","seed_source_timestamp":0,"circlet_count":0,"master_deck":["AscendersBane","Defend_G","Defend_G","Defend_G","Defend_G","Defend_G","Strike_G","Survivor","Neutralize+1","Noxious Fumes+1","Noxious Fumes+1","Backstab+1","Escape Plan","Footwork+1","Well Laid Plans","Adrenaline","Flying Knee","Glass Knife","Acrobatics","Leg Sweep+1"],"special_seed":0,"relics":["Ring of the Snake","Ornamental Fan","Darkstone Periapt","Runic Dome","Kunai"],"potions_floor_usage":[27,27],"damage_taken":[{"damage":8.0,"enemies":"Small Slimes","floor":1.0,"turns":5.0},{"damage":1.0,"enemies":"Jaw Worm","floor":3.0,"turns":5.0},{"damage":0.0,"enemies":"Cultist","floor":4.0,"turns":4.0},{"damage":3.0,"enemies":"2 Fungi Beasts","floor":7.0,"turns":4.0},{"damage":12.0,"enemies":"3 Louse","floor":11.0,"turns":4.0},{"damage":8.0,"enemies":"Looter","floor":14.0,"turns":3.0},{"damage":8.0,"enemies":"The Guardian","floor":16.0,"turns":10.0},{"damage":3.0,"enemies":"2 Thieves","floor":18.0,"turns":4.0},{"damage":6,"enemies":"Shell Parasite","floor":22,"turns":5},{"damage":48,"enemies":"Cultist and Chosen","floor":24,"turns":8},{"damage":33,"enemies":"Slavers","floor":27,"turns":4}],"seed_played":"4508328872484398523","potions_obtained":[{"floor":4.0,"key":"EssenceOfSteel"},{"floor":11.0,"key":"SkillPotion"},{"floor":14.0,"key":"PowerPotion"},{"floor":22,"key":"Weak Potion"}],"is_trial":false,"path_per_floor":["M","?","M","M","?","R","M","$","T","R","M","?","R","M","R","B",null,"M","?","?","?","M","R","M","R","T","E"],"character_chosen":"THE_SILENT","items_purchased":[],"campfire_rested":2,"item_purchase_floors":[],"current_hp_per_floor":[51,33,32,32,32,32,29,29,29,48,36,41,41,33,33,25,60,57,57,57,57,51,51,3,24,24,0],"gold":36,"neow_bonus":"REMOVE_CARD","is_prod":false,"is_daily":false,"chose_seed":false,"campfire_upgraded":4,"win_rate":0,"timestamp":1558659830,"path_taken":["M","?","M","M","?","R","M","$","T","R","?","?","R","M","R","BOSS","M","?","?","?","M","R","M","R","T","E"],"build_version":"2019-01-23","purchased_purges":1,"victory":false,"max_hp_per_floor":[66,66,66,66,66,66,66,66,66,66,66,71,71,71,71,71,71,71,71,71,71,71,71,71,71,71,71],"card_choices":[{"not_picked":["Backflip","Deflect"],"picked":"Noxious Fumes","floor":1.0},{"not_picked":["Deflect","Tactician"],"picked":"Noxious Fumes","floor":3.0},{"not_picked":["Acrobatics","Bouncing Flask"],"picked":"Backstab","floor":4.0},{"not_picked":["Poisoned Stab","Quick Slash"],"picked":"Escape Plan","floor":7.0},{"not_picked":["Distraction","Dodge and Roll"],"picked":"Footwork","floor":11.0},{"not_picked":["Tactician","Dagger Spray"],"picked":"Well Laid Plans","floor":14.0},{"not_picked":["Phantasmal Killer","Corpse Explosion"],"picked":"Adrenaline","floor":16.0},{"not_picked":["Poisoned Stab+1","Flying Knee+1","Expertise"],"picked":"SKIP","floor":18.0},{"not_picked":["Skewer","Terror"],"picked":"Acrobatics","floor":22},{"not_picked":["Prepared","Deflect"],"picked":"Leg Sweep+1","floor":24}],"player_experience":489447,"relics_obtained":[{"floor":9.0,"key":"Darkstone Periapt"},{"floor":26,"key":"Kunai"}],"event_choices":[{"damage_healed":0.0,"max_hp_gain":0.0,"max_hp_loss":0.0,"gold_gain":0.0,"event_name":"Scrap Ooze","player_choice":"Success","floor":2.0,"gold_loss":0.0,"damage_taken":18.0,"relics_obtained":["Ornamental Fan"]},{"damage_healed":0.0,"max_hp_gain":0.0,"max_hp_loss":0.0,"gold_gain":0.0,"event_name":"Accursed Blacksmith","player_choice":"Forge","floor":5.0,"gold_loss":0.0,"damage_taken":0.0,"cards_upgraded":["Noxious Fumes"]},{"damage_healed":0.0,"max_hp_gain":5.0,"max_hp_loss":0.0,"gold_gain":0.0,"event_name":"Big Fish","player_choice":"Donut","floor":12.0,"gold_loss":0.0,"damage_taken":0.0},{"damage_healed":0,"gold_gain":0,"player_choice":"Paid Fearfully","damage_taken":0,"max_hp_gain":0,"max_hp_loss":0,"event_name":"Masked Bandits","floor":19,"gold_loss":162},{"damage_healed":0,"gold_gain":0,"cards_transformed":["Strike_G","Strike_G"],"player_choice":"Became Test Subject","damage_taken":0,"max_hp_gain":0,"max_hp_loss":0,"event_name":"Drug Dealer","floor":20,"gold_loss":0,"cards_obtained":["Flying Knee","Glass Knife"]},{"damage_healed":0,"gold_gain":0,"player_choice":"Ignored","damage_taken":0,"max_hp_gain":0,"max_hp_loss":0,"event_name":"Ghosts","floor":21,"gold_loss":0}],"is_beta":false,"boss_relics":[{"not_picked":["Velvet Choker","Empty Cage"],"picked":"Runic Dome"}],"items_purged_floors":[8],"is_endless":false,"potions_floor_spawned":[4,11,14,22],"killed_by":"Slavers","ascension_level":19}