{"gold_per_floor":[117,129,129,11,0,0,28,42,42,42,61,83,115,126,126,203,203,215,265,276,289,302,302,78,103,175,175,207,237,249,261,273,285],"floor_reached":33,"playtime":857,"items_purged":["Strike_R"],"score":690,"play_id":"57816fd0-a8a4-4156-a3f5-44926e02756c","local_time":"20190522213537","is_ascension_mode":true,"campfire_choices":[{"data":"Whirlwind","floor":6,"key":"SMITH"},{"data":"Uppercut","floor":10,"key":"SMITH"},{"data":"Bludgeon","floor":15,"key":"SMITH"},{"data":"Impervious","floor":23,"key":"SMITH"},{"data":"Shrug It Off","floor":27,"key":"SMITH"},{"data":"Bash","floor":30,"key":"SMITH"},{"data":"Headbutt","floor":32,"key":"SMITH"}],"neow_cost":"NONE","seed_source_timestamp":1375741355733625,"circlet_count":0,"master_deck":["AscendersBane","Strike_R","Strike_R","Strike_R","Strike_R","Defend_R","Defend_R","Defend_R","Defend_R","Bash+1","Uppercut+1","Whirlwind+1","Impervious+1","Inflame+1","Headbutt+1","Bludgeon+1","Barricade+1","Shrug It Off+1"],"relics":["Burning Blood","NeowsBlessing","Frozen Egg 2","PreservedInsect","Ancient Tea Set","Odd Mushroom","Strawberry","Busted Crown","Vajra","Dream Catcher","Blue Candle","MawBank"],"potions_floor_usage":[11,33,33],"damage_taken":[{"damage":0,"enemies":"Cultist","floor":1,"turns":1},{"damage":0,"enemies":"Small Slimes","floor":2,"turns":1},{"damage":0,"enemies":"Gremlin Nob","floor":7,"turns":1},{"damage":1,"enemies":"2 Louse","floor":8,"turns":3},{"damage":0,"enemies":"Blue Slaver","floor":11,"turns":2},{"damage":11,"enemies":"The Mushroom Lair","floor":12,"turns":3},{"damage":15,"enemies":"Lagavulin","floor":13,"turns":5},{"damage":0,"enemies":"3 Louse","floor":14,"turns":1},{"damage":41,"enemies":"Hexaghost","floor":16,"turns":9},{"damage":11,"enemies":"Spheric Guardian","floor":18,"turns":5},{"damage":6,"enemies":"3 Byrds","floor":20,"turns":3},{"damage":6,"enemies":"3 Cultists","floor":21,"turns":3},{"damage":1,"enemies":"Snecko","floor":22,"turns":4},{"damage":6,"enemies":"Book of Stabbing","floor":25,"turns":4},{"damage":0,"enemies":"Gremlin Leader","floor":28,"turns":4},{"damage":30,"enemies":"Centurion and Healer","floor":29,"turns":5},{"damage":70,"enemies":"Collector","floor":33,"turns":10}],"seed_played":"585539918055095548","potions_obtained":[{"floor":1,"key":"Strength Potion"},{"floor":2,"key":"Poison Potion"},{"floor":11,"key":"SkillPotion"},{"floor":13,"key":"PowerPotion"}],"is_trial":false,"path_per_floor":["M","M","?","$","?","R","E","M","T","R","M","?","E","M","R","B",null,"M","?","M","M","M","R","$","E","T","R","E","M","R","?","R","B"],"character_chosen":"IRONCLAD","items_purchased":["Whirlwind","Shrug It Off","Vajra"],"campfire_rested":0,"item_purchase_floors":[4,24,24],"current_hp_per_floor":[74,75,64,64,64,64,70,75,75,75,75,70,68,74,74,39,71,66,66,66,66,71,71,71,71,71,71,77,53,53,53,53,0],"gold":285,"neow_bonus":"THREE_ENEMY_KILL","is_prod":false,"is_daily":false,"chose_seed":false,"campfire_upgraded":7,"win_rate":0,"timestamp":1558575337,"path_taken":["M","?","?","$","?","R","E","M","T","R","M","?","E","?","R","BOSS","M","?","M","M","?","R","$","E","T","R","E","M","R","?","R","BOSS"],"build_version":"2019-01-23","purchased_purges":1,"victory":false,"max_hp_per_floor":[75,75,75,75,75,75,75,75,75,75,75,75,82,82,82,82,82,82,82,82,82,82,82,82,82,82,82,82,82,82,82,82,82],"card_choices":[{"not_picked":["Corruption","Perfected Strike"],"picked":"Uppercut","floor":1},{"not_picked":["Anger","Cleave","Dual Wield"],"picked":"SKIP","floor":2},{"not_picked":["Power Through","Dual Wield"],"picked":"Impervious","floor":7},{"not_picked":["Armaments","Sentinel","Heavy Blade"],"picked":"SKIP","floor":8},{"not_picked":["Headbutt","Thunderclap"],"picked":"Inflame+1","floor":11},{"not_picked":["Iron Wave","Reckless Charge"],"picked":"Headbutt","floor":12},{"not_picked":["Cleave","Headbutt"],"picked":"Bludgeon","floor":13},{"not_picked":["Clothesline","Twin Strike","Body Slam"],"picked":"SKIP","floor":14},{"not_picked":["Immolate","Fiend Fire"],"picked":"Barricade+1","floor":16},{"not_picked":["Iron Wave"],"picked":"SKIP","floor":18},{"not_picked":["Blood for Blood"],"picked":"SKIP","floor":20},{"not_picked":["Armaments"],"picked":"SKIP","floor":21},{"not_picked":["Blood for Blood"],"picked":"SKIP","floor":22},{"not_picked":["Clash"],"picked":"SKIP","floor":25},{"not_picked":["Clash"],"picked":"SKIP","floor":28},{"not_picked":["Flex"],"picked":"SKIP","floor":29}],"player_experience":485105,"relics_obtained":[{"floor":7,"key":"PreservedInsect"},{"floor":9,"key":"Ancient Tea Set"},{"floor":12,"key":"Odd Mushroom"},{"floor":13,"key":"Strawberry"},{"floor":25,"key":"Dream Catcher"},{"floor":26,"key":"Blue Candle"},{"floor":28,"key":"MawBank"}],"event_choices":[{"damage_healed":0,"gold_gain":0,"player_choice":"Success","damage_taken":11,"relics_obtained":["Frozen Egg 2"],"max_hp_gain":0,"max_hp_loss":0,"event_name":"Scrap Ooze","floor":3,"gold_loss":0},{"damage_healed":0,"gold_gain":0,"player_choice":"Left Gold","damage_taken":0,"max_hp_gain":0,"max_hp_loss":0,"event_name":"World of Goop","floor":5,"gold_loss":11},{"damage_healed":0,"gold_gain":0,"player_choice":"Fought Mushrooms","damage_taken":0,"max_hp_gain":0,"max_hp_loss":0,"event_name":"Mushrooms","floor":12,"gold_loss":0},{"damage_healed":0,"gold_gain":100,"player_choice":"Bet on Murderer","damage_taken":0,"max_hp_gain":0,"max_hp_loss":0,"event_name":"The Joust","floor":19,"gold_loss":50},{"damage_healed":0,"gold_gain":0,"player_choice":"Got Potions","damage_taken":0,"max_hp_gain":0,"max_hp_loss":0,"event_name":"Lab","floor":31,"gold_loss":0}],"is_beta":false,"boss_relics":[{"not_picked":["Black Star","Fusion Hammer"],"picked":"Busted Crown"}],"items_purged_floors":[4],"is_endless":false,"potions_floor_spawned":[1,2,11,12,13,16,18,21,25],"killed_by":"Collector","ascension_level":20}