{"gold_per_floor":[112,112,62,75,75,75,75,109,109,30,100,100,131,145,145,240,240,258,258,258,25,44,44,44,44,44,59,70,70,84,102,102,202,202,219,269,269,279,292,292,309,309,309,309,322,342,362,378,378,378],"floor_reached":51,"playtime":3027,"items_purged":[],"score":734,"play_id":"e48ed306-9857-4a77-86e1-338342c4b175","local_time":"20190605040858","is_ascension_mode":false,"campfire_choices":[{"data":"Zap","floor":7,"key":"SMITH"},{"floor":12,"key":"REST"},{"floor":15,"key":"REST"},{"data":"Capacitor","floor":23,"key":"SMITH"},{"data":"Coolheaded","floor":25,"key":"SMITH"},{"floor":32,"key":"REST"},{"floor":40,"key":"REST"},{"data":"Glacier","floor":44,"key":"SMITH"},{"floor":49,"key":"REST"}],"neow_cost":"NONE","seed_source_timestamp":1416484960622800,"circlet_count":0,"master_deck":["Strike_B","Strike_B","Strike_B","Strike_B","Defend_B","Defend_B+1","Defend_B+1","Defend_B","Zap+1","Dualcast+1","Trip","Melter","Leap","Leap","Conserve Battery","Tempest","Multi-Cast","Coolheaded+1","Electrodynamics","Turbo","Darkness","Capacitor+1","Redo","Loop+1","Glacier+1","Leap","Consume","Stack","Barrage+1","Self Repair","BootSequence","Fission","Reinforced Body+1","Reinforced Body","Conserve Battery+1","Loop+1","Melter+1","Stack+1","Tempest+1","BootSequence","Leap","Doubt","Writhe","Chaos","Storm","Creative AI","Cold Snap","Coolheaded+1","BootSequence","Chill","Stack"],"relics":["Cracked Core","War Paint","Blood Vial","Vajra","Meat on the Bone","Lizard Tail","Enchiridion","Pen Nib","Prayer Wheel","Cursed Key","Thread and Needle","Mummified Hand"],"potions_floor_usage":[8,27,33,33,39,41,41,41,45],"damage_taken":[{"damage":0,"enemies":"Jaw Worm","floor":1,"turns":3},{"damage":0,"enemies":"2 Louse","floor":4,"turns":2},{"damage":27,"enemies":"Lagavulin","floor":8,"turns":6},{"damage":1,"enemies":"Gremlin Nob","floor":13,"turns":4},{"damage":0,"enemies":"Small Slimes","floor":14,"turns":2},{"damage":37,"enemies":"Slime Boss","floor":16,"turns":10},{"damage":0,"enemies":"Spheric Guardian","floor":18,"turns":4},{"damage":12,"enemies":"Shell Parasite","floor":22,"turns":3},{"damage":24,"enemies":"Snake Plant","floor":27,"turns":3},{"damage":10,"enemies":"Cultist and Chosen","floor":28,"turns":7},{"damage":0,"enemies":"Sentry and Sphere","floor":30,"turns":2},{"damage":0,"enemies":"3 Cultists","floor":31,"turns":3},{"damage":55,"enemies":"Automaton","floor":33,"turns":7},{"damage":36,"enemies":"3 Darklings","floor":35,"turns":4},{"damage":37,"enemies":"2 Orb Walkers","floor":36,"turns":5},{"damage":0,"enemies":"3 Shapes","floor":38,"turns":3},{"damage":21,"enemies":"Spire Growth","floor":39,"turns":6},{"damage":55,"enemies":"Transient","floor":41,"turns":5},{"damage":1,"enemies":"3 Darklings","floor":45,"turns":6},{"damage":13,"enemies":"4 Shapes","floor":46,"turns":5},{"damage":4,"enemies":"Maw","floor":47,"turns":8},{"damage":20,"enemies":"Writhing Mass","floor":48,"turns":9},{"damage":43,"enemies":"Time Eater","floor":50,"turns":19}],"seed_played":"4992778500850323242","potions_obtained":[{"floor":1,"key":"LiquidBronze"},{"floor":16,"key":"FocusPotion"},{"floor":18,"key":"Dexterity Potion"},{"floor":29,"key":"PowerPotion"},{"floor":29,"key":"Swift Potion"},{"floor":33,"key":"GamblersBrew"},{"floor":38,"key":"Block Potion"},{"floor":39,"key":"Energy Potion"},{"floor":41,"key":"FearPotion"},{"floor":48,"key":"FairyPotion"}],"is_trial":false,"path_per_floor":["M","?","$","M","?","?","R","E","T","$","?","R","E","M","R","B",null,"M","?","?","$","M","R","$","R","T","M","M","?","M","M","R","B",null,"M","?","?","M","M","R","M","?","T","R","M","M","M","M","R","B",null],"character_chosen":"DEFECT","items_purchased":["Leap","Tempest","Capacitor","Pen Nib","Redo"],"campfire_rested":5,"item_purchase_floors":[3,10,21,21,21],"current_hp_per_floor":[75,75,75,75,80,62,62,35,35,35,35,59,60,62,80,43,80,80,80,64,64,54,54,54,54,54,44,48,48,50,52,76,42,80,44,21,70,70,56,70,27,70,70,70,69,57,62,51,70,46],"gold":378,"neow_bonus":"RANDOM_COLORLESS","is_prod":false,"is_daily":false,"chose_seed":false,"campfire_upgraded":4,"win_rate":0.0,"timestamp":1559722138,"path_taken":["M","?","$","M","?","?","R","E","T","$","?","R","E","M","R","BOSS","M","?","?","?","M","R","$","R","T","?","M","?","M","M","R","BOSS","M","?","?","M","M","R","M","?","T","R","M","M","M","M","R","BOSS"],"build_version":"2019-01-23","purchased_purges":0,"victory":true,"max_hp_per_floor":[75,75,75,75,80,80,80,80,80,80,80,80,80,80,80,80,80,80,80,80,80,80,80,80,80,80,80,80,80,80,80,80,80,80,80,80,70,70,70,70,70,70,70,70,70,70,70,70,70,70],"card_choices":[{"not_picked":["Stack","Steam Power"],"picked":"Melter","floor":1},{"not_picked":["FTL","Barrage"],"picked":"Leap","floor":4},{"not_picked":["Barrage","Go for the Eyes"],"picked":"Conserve Battery","floor":8},{"not_picked":["Compile Driver","Gash"],"picked":"Multi-Cast","floor":13},{"not_picked":["Leap","Rebound"],"picked":"Coolheaded","floor":14},{"not_picked":["Multi-Cast","Thunder Strike"],"picked":"Electrodynamics","floor":16},{"not_picked":["Go for the Eyes","Ball Lightning"],"picked":"Turbo","floor":18},{"not_picked":["Barrage+1","Streamline"],"picked":"Loop+1","floor":22},{"not_picked":["Ball Lightning+1","Blizzard"],"picked":"Glacier","floor":27},{"not_picked":["Steam","Rip and Tear"],"picked":"Leap","floor":27},{"not_picked":["Conserve Battery+1","Redo"],"picked":"Consume","floor":28},{"not_picked":["Sweeping Beam","Core Surge","Hologram"],"picked":"SKIP","floor":28},{"not_picked":["Beam Cell","Sunder"],"picked":"Stack","floor":30},{"not_picked":["Streamline","Hologram"],"picked":"Barrage+1","floor":30},{"not_picked":["Reprogram","Go for the Eyes"],"picked":"Self Repair","floor":31},{"not_picked":["Redo","Hyperbeam"],"picked":"BootSequence","floor":31},{"not_picked":["All For One","Reboot"],"picked":"Fission","floor":33},{"not_picked":["Conserve Battery+1","Beam Cell"],"picked":"Reinforced Body+1","floor":35},{"not_picked":["Leap","Hologram+1"],"picked":"Reinforced Body","floor":35},{"not_picked":["Cold Snap+1","Beam Cell+1"],"picked":"Conserve Battery+1","floor":36},{"not_picked":["Go for the Eyes+1","Barrage"],"picked":"Loop+1","floor":38},{"not_picked":["Seek","Sweeping Beam+1"],"picked":"Melter+1","floor":38},{"not_picked":["Force Field+1","Self Repair"],"picked":"Stack+1","floor":39},{"not_picked":["Sweeping Beam+1","Barrage"],"picked":"Tempest+1","floor":39},{"not_picked":["Barrage","Rip and Tear"],"picked":"BootSequence","floor":41},{"not_picked":["Ball Lightning+1","Force Field+1"],"picked":"Leap","floor":41},{"not_picked":["Genetic Algorithm+1","Skim+1"],"picked":"Chaos","floor":45},{"not_picked":["Consume+1","Reinforced Body"],"picked":"Storm","floor":45},{"not_picked":["Steam+1","Genetic Algorithm+1"],"picked":"Creative AI","floor":46},{"not_picked":["Compile Driver+1","Gash"],"picked":"Cold Snap","floor":46},{"not_picked":["Compile Driver+1","Scrape"],"picked":"Coolheaded+1","floor":47},{"not_picked":["Conserve Battery+1","Barrage+1"],"picked":"BootSequence","floor":47},{"not_picked":["Beam Cell+1","Go for the Eyes"],"picked":"Chill","floor":48},{"not_picked":["Leap+1","Self Repair"],"picked":"Stack","floor":48}],"player_experience":67314,"relics_obtained":[{"floor":8,"key":"Blood Vial"},{"floor":9,"key":"Vajra"},{"floor":13,"key":"Meat on the Bone"},{"floor":20,"key":"Enchiridion"},{"floor":26,"key":"Prayer Wheel"},{"floor":36,"key":"Thread and Needle"},{"floor":43,"key":"Mummified Hand"}],"event_choices":[{"damage_healed":0,"gold_gain":0,"player_choice":"Grow","damage_taken":0,"max_hp_gain":0,"max_hp_loss":0,"event_name":"Living Wall","floor":2,"gold_loss":0,"cards_upgraded":["Dualcast"]},{"damage_healed":0,"gold_gain":0,"player_choice":"Donut","damage_taken":0,"max_hp_gain":5,"max_hp_loss":0,"event_name":"Big Fish","floor":5,"gold_loss":0},{"damage_healed":0,"gold_gain":0,"player_choice":"Success","damage_taken":18,"relics_obtained":["War Paint"],"max_hp_gain":0,"max_hp_loss":0,"event_name":"Scrap Ooze","floor":6,"gold_loss":0},{"damage_healed":0,"gold_gain":70,"player_choice":"Gained Gold","damage_taken":0,"max_hp_gain":0,"max_hp_loss":0,"event_name":"Golden Wing","floor":11,"gold_loss":0},{"damage_healed":0,"gold_gain":0,"player_choice":"Read","damage_taken":0,"max_hp_gain":0,"max_hp_loss":0,"event_name":"The Library","floor":19,"gold_loss":0,"cards_obtained":["Darkness"]},{"damage_healed":0,"gold_gain":0,"player_choice":"Obtained Book","damage_taken":16,"max_hp_gain":0,"max_hp_loss":0,"event_name":"Cursed Tome","floor":20,"gold_loss":0},{"damage_healed":0,"gold_gain":0,"player_choice":"Got Potions","damage_taken":0,"max_hp_gain":0,"max_hp_loss":0,"event_name":"Lab","floor":29,"gold_loss":0},{"damage_healed":0,"gold_gain":0,"player_choice":"Fight","damage_taken":0,"max_hp_gain":0,"max_hp_loss":0,"event_name":"Mysterious Sphere","floor":36,"gold_loss":0},{"damage_healed":70,"gold_gain":0,"player_choice":"Heal","damage_taken":0,"max_hp_gain":0,"max_hp_loss":10,"event_name":"The Moai Head","floor":37,"gold_loss":0},{"damage_healed":43,"gold_gain":0,"player_choice":"Heal","damage_taken":0,"max_hp_gain":0,"max_hp_loss":0,"event_name":"MindBloom","floor":42,"gold_loss":0,"cards_obtained":["Doubt"]}],"is_beta":false,"boss_relics":[{"not_picked":["Coffee Dripper","Astrolabe"],"picked":"Lizard Tail"},{"not_picked":["Snecko Eye","Busted Crown"],"picked":"Cursed Key"}],"items_purged_floors":[],"is_endless":false,"potions_floor_spawned":[1,16,18,33,38,39,41,48],"ascension_level":0}