{"gold_per_floor":[144,154,154,172,183,183,218,218,244,268,341,356,356,370,370,466,466,466,466,68,68,68,68,68,68,68,68,68,68,68,68,68,68],"floor_reached":33,"playtime":1422,"items_purged":[],"score":251,"play_id":"6aedbd60-7c61-4587-a57f-7ff7ba3bd5d3","local_time":"20190316235120","is_ascension_mode":false,"campfire_choices":[{"data":"Burning Pact","floor":6,"key":"SMITH"},{"floor":8,"key":"REST"},{"data":"Armaments","floor":13,"key":"SMITH"},{"data":"Reaper","floor":15,"key":"SMITH"},{"data":"Feed","floor":25,"key":"SMITH"},{"floor":32,"key":"REST"}],"neow_cost":"NONE","seed_source_timestamp":22158813480714,"circlet_count":0,"master_deck":["Strike_R","Strike_R","Strike_R","Strike_R","Strike_R","Defend_R","Defend_R","Defend_R","Defend_R","Bash","Twin Strike","Fire Breathing","Perfected Strike","Burning Pact+1","Reaper+1","Armaments+1","Carnage","Double Tap","Inflame","Feed+1","Panache","Heavy Blade","Pommel Strike+1","Feel No Pain+1","Perfected Strike+1","Pummel","Pommel Strike","Cleave+1"],"relics":["Burning Blood","Tiny Chest","Pen Nib","Strawberry","Bronze Scales","Dodecahedron","Ectoplasm","Juzu Bracelet","Enchiridion","Prayer Wheel","Oddly Smooth Stone","Anchor"],"potions_floor_usage":[16,24,27,31,33,33],"damage_taken":[{"damage":3,"enemies":"Jaw Worm","floor":1,"turns":4},{"damage":10,"enemies":"Cultist","floor":2,"turns":4},{"damage":0,"enemies":"Small Slimes","floor":4,"turns":3},{"damage":1,"enemies":"2 Fungi Beasts","floor":5,"turns":3},{"damage":50,"enemies":"Lagavulin","floor":7,"turns":6},{"damage":14,"enemies":"Blue Slaver","floor":12,"turns":4},{"damage":0,"enemies":"Large Slime","floor":14,"turns":4},{"damage":61,"enemies":"Hexaghost","floor":16,"turns":9},{"damage":5,"enemies":"Spheric Guardian","floor":18,"turns":3},{"damage":13,"enemies":"3 Byrds","floor":21,"turns":2},{"damage":15,"enemies":"Snecko","floor":23,"turns":4},{"damage":20,"enemies":"Snake Plant","floor":24,"turns":4},{"damage":27,"enemies":"Shelled Parasite and Fungi","floor":27,"turns":4},{"damage":27,"enemies":"3 Cultists","floor":28,"turns":4},{"damage":26,"enemies":"Chosen and Byrds","floor":31,"turns":5},{"damage":70,"enemies":"Collector","floor":33,"turns":6}],"seed_played":"2015276892457534898","potions_obtained":[{"floor":5,"key":"Strength Potion"},{"floor":7,"key":"Energy Potion"},{"floor":16,"key":"Block Potion"},{"floor":18,"key":"Swift Potion"},{"floor":24,"key":"PowerPotion"},{"floor":27,"key":"AttackPotion"}],"is_trial":false,"path_per_floor":["M","M","?","M","M","R","E","R","T","T","T","M","R","M","R","B",null,"M","?","$","M","?","M","M","R","T","M","M","T","?","M","R","B"],"character_chosen":"IRONCLAD","items_purchased":["Feed","Panache","Juzu Bracelet"],"campfire_rested":2,"item_purchase_floors":[20,20,20],"current_hp_per_floor":[80,76,81,85,85,85,41,66,73,73,73,69,69,92,92,37,92,92,92,92,85,69,67,60,60,60,46,46,46,46,33,60,0],"gold":68,"neow_bonus":"RANDOM_COMMON_RELIC","is_prod":false,"is_daily":false,"chose_seed":false,"campfire_upgraded":4,"win_rate":0.0,"timestamp":1552794680,"path_taken":["M","M","?","M","M","R","E","R","T","?","?","?","R","M","R","BOSS","M","?","$","M","?","M","M","R","T","M","M","?","?","M","R","BOSS"],"build_version":"2019-01-23","purchased_purges":0,"victory":false,"max_hp_per_floor":[80,80,85,85,85,85,85,85,92,92,92,92,92,92,92,92,92,92,92,92,92,92,92,92,92,92,92,92,92,92,92,92,92],"card_choices":[{"not_picked":["Clothesline","Warcry"],"picked":"Twin Strike","floor":1},{"not_picked":["Clothesline","Clash"],"picked":"Fire Breathing","floor":2},{"not_picked":["Clash","Searing Blow"],"picked":"Perfected Strike","floor":4},{"not_picked":["Iron Wave","Cleave"],"picked":"Burning Pact","floor":5},{"not_picked":["Armaments","True Grit"],"picked":"Reaper","floor":7},{"not_picked":["Sever Soul","Flex"],"picked":"Armaments","floor":12},{"not_picked":["Infernal Blade","Armaments"],"picked":"Carnage","floor":14},{"not_picked":["Limit Break","Fiend Fire"],"picked":"Double Tap","floor":16},{"not_picked":["Body Slam","Dual Wield"],"picked":"Inflame","floor":18},{"not_picked":["True Grit+1","Fire Breathing+1"],"picked":"Heavy Blade","floor":21},{"not_picked":["Rage","Armaments"],"picked":"Pommel Strike+1","floor":23},{"not_picked":["Clash","Cleave"],"picked":"Feel No Pain+1","floor":24},{"not_picked":["Wild Strike","Searing Blow"],"picked":"Perfected Strike+1","floor":27},{"not_picked":["Feel No Pain","Thunderclap"],"picked":"Pummel","floor":27},{"not_picked":["Corruption","Twin Strike"],"picked":"Pommel Strike","floor":28},{"not_picked":["Iron Wave","Perfected Strike","Second Wind+1"],"picked":"SKIP","floor":28},{"not_picked":["Sword Boomerang","Carnage"],"picked":"Cleave+1","floor":31},{"not_picked":["Impervious","Clothesline+1","Iron Wave"],"picked":"SKIP","floor":31}],"player_experience":29631,"relics_obtained":[{"floor":7,"key":"Pen Nib"},{"floor":9,"key":"Strawberry"},{"floor":10,"key":"Bronze Scales"},{"floor":11,"key":"Dodecahedron"},{"floor":22,"key":"Enchiridion"},{"floor":26,"key":"Prayer Wheel"},{"floor":29,"key":"Oddly Smooth Stone"}],"event_choices":[{"damage_healed":0,"gold_gain":0,"player_choice":"Donut","damage_taken":0,"max_hp_gain":5,"max_hp_loss":0,"event_name":"Big Fish","floor":3,"gold_loss":0},{"damage_healed":0,"gold_gain":0,"player_choice":"Ignored","damage_taken":0,"max_hp_gain":0,"max_hp_loss":0,"event_name":"Beggar","floor":19,"gold_loss":0},{"damage_healed":0,"gold_gain":0,"player_choice":"Obtained Book","damage_taken":16,"max_hp_gain":0,"max_hp_loss":0,"event_name":"Cursed Tome","floor":22,"gold_loss":0},{"damage_healed":0,"gold_gain":0,"player_choice":"Opened","damage_taken":0,"relics_obtained":["Anchor"],"max_hp_gain":0,"max_hp_loss":0,"event_name":"The Mausoleum","floor":30,"gold_loss":0}],"is_beta":false,"boss_relics":[{"not_picked":["Busted Crown","Velvet Choker"],"picked":"Ectoplasm"}],"items_purged_floors":[],"is_endless":false,"potions_floor_spawned":[5,7,16,18,21,24,27],"killed_by":"Collector","ascension_level":0}