{"gold_per_floor":[99,99,99,99,99,99,54,54,54,54,54,54,54,54,54,54,54,54,54,54,54,0,0,0,0,0,0,0,0,0,0,0,0],"floor_reached":33,"playtime":1551,"items_purged":[],"score":321,"play_id":"9ea8f3cd-3668-42de-ad36-0e2aaf0af886","local_time":"20190424182043","is_ascension_mode":true,"campfire_choices":[{"data":"Chill","floor":6,"key":"SMITH"},{"floor":13,"key":"REST"},{"data":"Barrage","floor":15,"key":"SMITH"},{"data":"Sunder","floor":23,"key":"SMITH"},{"floor":28,"key":"REST"},{"data":"Coolheaded","floor":32,"key":"SMITH"}],"neow_cost":"NONE","seed_source_timestamp":489722950356586,"circlet_count":0,"master_deck":["Zap","Dualcast","Barrage+1","Gash+1","Hello World","Chill+1","Hologram","Sunder+1","Coolheaded+1","Echo Form","Thunder Strike","Core Surge","Core Surge","Amplify","Echo Form","Glacier","Scrape","Gash","BootSequence+1","Glacier+1"],"relics":["Ectoplasm","Singing Bowl","Whetstone","Golden Idol","Pandora\u0027s Box","Bag of Marbles"],"potions_floor_usage":[16,16,18,21,21,29,29,33,33],"damage_taken":[{"damage":1,"enemies":"Cultist","floor":1,"turns":4},{"damage":2,"enemies":"Jaw Worm","floor":2,"turns":4},{"damage":5,"enemies":"Small Slimes","floor":3,"turns":3},{"damage":12,"enemies":"Gremlin Gang","floor":5,"turns":5},{"damage":12,"enemies":"Looter","floor":7,"turns":4},{"damage":25,"enemies":"Lagavulin","floor":8,"turns":6},{"damage":3,"enemies":"Blue Slaver","floor":10,"turns":4},{"damage":9,"enemies":"Exordium Wildlife","floor":11,"turns":3},{"damage":0,"enemies":"2 Fungi Beasts","floor":12,"turns":5},{"damage":18,"enemies":"Slime Boss","floor":16,"turns":7},{"damage":1,"enemies":"Spheric Guardian","floor":18,"turns":4},{"damage":23,"enemies":"Shell Parasite","floor":20,"turns":4},{"damage":8,"enemies":"Chosen and Byrds","floor":21,"turns":4},{"damage":0,"enemies":"Centurion and Healer","floor":24,"turns":5},{"damage":13,"enemies":"Cultist and Chosen","floor":25,"turns":5},{"damage":8,"enemies":"Snecko","floor":29,"turns":3},{"damage":0,"enemies":"Centurion and Healer","floor":30,"turns":6},{"damage":13,"enemies":"Snake Plant","floor":31,"turns":6},{"damage":34,"enemies":"Collector","floor":33,"turns":3}],"seed_played":"-2292488210166063017","potions_obtained":[{"floor":8,"key":"Poison Potion"},{"floor":11,"key":"SpeedPotion"},{"floor":12,"key":"Fruit Juice"},{"floor":16,"key":"PowerPotion"},{"floor":18,"key":"Poison Potion"},{"floor":20,"key":"Regen Potion"},{"floor":24,"key":"EntropicBrew"}],"is_trial":false,"path_per_floor":["M","M","M","?","M","R","M","E","T","M","M","M","R","?","R","B",null,"M","?","M","M","?","R","M","M","T","$","R","M","M","M","R","B"],"character_chosen":"DEFECT","items_purchased":[],"campfire_rested":2,"item_purchase_floors":[],"current_hp_per_floor":[74,72,67,67,55,55,43,20,20,17,8,10,33,33,33,20,64,63,49,28,32,32,32,34,23,23,23,48,40,42,31,31,0],"gold":0,"neow_bonus":"BOSS_RELIC","is_prod":false,"is_daily":false,"chose_seed":false,"campfire_upgraded":4,"win_rate":0,"timestamp":1556144443,"path_taken":["M","M","M","?","M","R","M","E","T","M","?","M","R","?","R","BOSS","M","?","?","M","?","R","M","M","T","$","R","M","M","M","R","BOSS"],"build_version":"2019-01-23","purchased_purges":0,"victory":false,"max_hp_per_floor":[75,75,75,75,75,75,75,77,77,77,77,79,79,73,73,78,78,78,78,80,80,80,80,82,84,84,84,84,84,86,88,88,88],"card_choices":[{"not_picked":["Redo","Stack"],"picked":"Barrage","floor":1},{"not_picked":["Static Discharge","Leap"],"picked":"Gash","floor":2},{"not_picked":["Rainbow","Storm"],"picked":"Hello World","floor":3},{"not_picked":["Steam Power","Leap"],"picked":"Chill","floor":5},{"not_picked":["Scrape","Barrage"],"picked":"Hologram","floor":7},{"not_picked":["Reprogram","Steam","Leap"],"picked":"Singing Bowl","floor":8},{"not_picked":["FTL","Turbo"],"picked":"Sunder","floor":10},{"not_picked":["Beam Cell","Leap"],"picked":"Coolheaded","floor":11},{"not_picked":["Static Discharge","Skim","Stack"],"picked":"Singing Bowl","floor":12},{"not_picked":["Core Surge","All For One"],"picked":"Echo Form","floor":16},{"not_picked":["Leap","Redo+1"],"picked":"Gash","floor":18},{"not_picked":["Fusion","Hello World","Compile Driver"],"picked":"Singing Bowl","floor":20},{"not_picked":["Stack+1","Coolheaded+1"],"picked":"BootSequence+1","floor":21},{"not_picked":["Turbo+1","Barrage","Chaos"],"picked":"Singing Bowl","floor":24},{"not_picked":["Steam","Turbo","Stack+1"],"picked":"Singing Bowl","floor":25},{"not_picked":["Reprogram","Cold Snap"],"picked":"Glacier+1","floor":29},{"not_picked":["Lockon+1","Stack+1","Rip and Tear"],"picked":"Singing Bowl","floor":30},{"not_picked":["Blizzard","Compile Driver+1","Auto Shields+1"],"picked":"Singing Bowl","floor":31}],"player_experience":291576,"relics_obtained":[{"floor":8,"key":"Singing Bowl"},{"floor":9,"key":"Whetstone"},{"floor":26,"key":"Bag of Marbles"}],"event_choices":[{"cards_removed":["Strike_B"],"damage_healed":0,"gold_gain":0,"player_choice":"Card Removal","damage_taken":0,"max_hp_gain":0,"max_hp_loss":0,"event_name":"Wheel of Change","floor":4,"gold_loss":0},{"damage_healed":0,"gold_gain":0,"player_choice":"Lose Max HP","damage_taken":0,"relics_obtained":["Golden Idol"],"max_hp_gain":0,"max_hp_loss":6,"event_name":"Golden Idol","floor":14,"gold_loss":0},{"damage_healed":0,"gold_gain":0,"player_choice":"POTION ","damage_taken":14,"max_hp_gain":0,"max_hp_loss":0,"event_name":"Knowing Skull","floor":19,"potions_obtained":["AttackPotion"],"gold_loss":0,"cards_obtained":[]},{"damage_healed":0,"gold_gain":0,"player_choice":"Paid Fearfully","damage_taken":0,"max_hp_gain":0,"max_hp_loss":0,"event_name":"Masked Bandits","floor":22,"gold_loss":54}],"is_beta":false,"boss_relics":[{"not_picked":["Black Star","Lizard Tail"],"picked":"Pandora\u0027s Box"}],"items_purged_floors":[],"is_endless":false,"potions_floor_spawned":[8,11,12,16,18,20,24,29],"killed_by":"Collector","ascension_level":5}