{"gold_per_floor":[114,125,142,217,217,242,242,257,257,275,286,286,286,329,329,450,450,470,470,217,217,316,352,352,365,365,365,13,13,13,33,33,33],"floor_reached":33,"playtime":20020,"items_purged":["Injury","Strike_G"],"score":273,"play_id":"17a2e9e2-bf17-443f-abb6-9f6c881314aa","local_time":"20190610182121","is_ascension_mode":false,"campfire_choices":[{"data":"Skewer","floor":7,"key":"SMITH"},{"floor":13,"key":"REST"},{"data":"Noxious Fumes","floor":15,"key":"SMITH"},{"data":"Apotheosis","floor":24,"key":"SMITH"},{"data":"Noxious Fumes","floor":27,"key":"SMITH"},{"data":"Noxious Fumes","floor":29,"key":"SMITH"},{"floor":32,"key":"REST"}],"neow_cost":"NONE","seed_source_timestamp":2158967037916199,"circlet_count":0,"master_deck":["Defend_G","Defend_G","Defend_G","Defend_G","Defend_G","Strike_G","Strike_G","Strike_G","Survivor","Neutralize","Skewer+1","Sucker Punch","Heel Hook","Deadly Poison","Backflip","Noxious Fumes+1","Envenom","Noxious Fumes+1","Backflip","Deadly Poison","Dodge and Roll","Noxious Fumes+1","Acrobatics","Apotheosis+1","Escape Plan","Backstab+1","Backflip"],"relics":["HoveringKite","Juzu Bracelet","Blue Candle","Golden Idol","Girya","Orrery","Nilry\u0027s Codex","Blood Vial","Kunai","Mercury Hourglass"],"potions_floor_usage":[6,16,18,25],"damage_taken":[{"damage":5,"enemies":"Small Slimes","floor":1,"turns":6},{"damage":0,"enemies":"Jaw Worm","floor":2,"turns":3},{"damage":0,"enemies":"2 Louse","floor":3,"turns":2},{"damage":7,"enemies":"Gremlin Nob","floor":6,"turns":4},{"damage":7,"enemies":"Blue Slaver","floor":8,"turns":4},{"damage":6,"enemies":"3 Louse","floor":10,"turns":4},{"damage":9,"enemies":"Red Slaver","floor":11,"turns":4},{"damage":13,"enemies":"Lagavulin","floor":14,"turns":7},{"damage":24,"enemies":"Hexaghost","floor":16,"turns":10},{"damage":5,"enemies":"Spheric Guardian","floor":18,"turns":6},{"damage":15,"enemies":"Book of Stabbing","floor":23,"turns":7},{"damage":13,"enemies":"Shell Parasite","floor":25,"turns":6},{"damage":13,"enemies":"Snecko","floor":31,"turns":7},{"damage":52,"enemies":"Collector","floor":33,"turns":6}],"seed_played":"-664598899564392857","potions_obtained":[{"floor":3,"key":"Block Potion"},{"floor":6,"key":"LiquidBronze"},{"floor":10,"key":"SpeedPotion"},{"floor":18,"key":"Strength Potion"},{"floor":23,"key":"Regen Potion"}],"is_trial":false,"path_per_floor":["M","M","M","?","?","E","R","M","T","M","M","?","R","E","R","B",null,"M","?","$","?","?","E","R","M","T","R","$","R","$","M","R","B"],"character_chosen":"THE_SILENT","items_purchased":["Apotheosis","Mercury Hourglass"],"campfire_rested":2,"item_purchase_floors":[20,28],"current_hp_per_floor":[65,65,65,54,54,47,47,40,40,34,25,25,46,33,33,9,70,65,65,65,49,49,34,34,38,38,38,38,38,38,27,48,0],"gold":33,"neow_bonus":"BOSS_RELIC","is_prod":false,"is_daily":false,"chose_seed":false,"campfire_upgraded":5,"win_rate":0,"timestamp":1560205281,"path_taken":["M","M","M","?","?","E","R","M","T","M","M","?","R","E","R","BOSS","M","?","$","?","?","E","R","M","T","R","$","R","?","M","R","BOSS"],"build_version":"2019-01-23","purchased_purges":2,"victory":false,"max_hp_per_floor":[70,70,70,70,70,70,70,70,70,70,70,70,70,70,70,70,70,70,70,70,70,70,70,70,70,70,70,70,70,70,70,70,70],"card_choices":[{"not_picked":["Outmaneuver","Backflip"],"picked":"Skewer","floor":1},{"not_picked":["Flechettes","Bane"],"picked":"Sucker Punch","floor":2},{"not_picked":["Flechettes","Acrobatics"],"picked":"Heel Hook","floor":3},{"not_picked":["Deflect","Dodge and Roll"],"picked":"Deadly Poison","floor":6},{"not_picked":["Catalyst","Tactician"],"picked":"Backflip","floor":8},{"not_picked":["Slice","Riddle With Holes"],"picked":"Noxious Fumes","floor":10},{"not_picked":["Quick Slash","Bullet Time","Bane"],"picked":"SKIP","floor":11},{"not_picked":["Prepared","Outmaneuver","Dagger Throw"],"picked":"SKIP","floor":14},{"not_picked":["Unload","Grand Finale"],"picked":"Envenom","floor":16},{"not_picked":["Deflect","Caltrops"],"picked":"Noxious Fumes","floor":17},{"not_picked":["Sucker Punch","Poisoned Stab"],"picked":"Backflip","floor":17},{"not_picked":["Distraction","Dagger Throw"],"picked":"Deadly Poison","floor":17},{"not_picked":["Slice","Endless Agony"],"picked":"Dodge and Roll","floor":17},{"not_picked":["Tactician","Sucker Punch+1"],"picked":"Noxious Fumes","floor":18},{"not_picked":["Underhanded Strike+1","Concentrate"],"picked":"Escape Plan","floor":23},{"not_picked":["A Thousand Cuts","Infinite Blades+1"],"picked":"Backstab+1","floor":25},{"not_picked":["Quick Slash","Deadly Poison"],"picked":"Backflip","floor":31}],"player_experience":1234552,"relics_obtained":[{"floor":6,"key":"Juzu Bracelet"},{"floor":9,"key":"Blue Candle"},{"floor":14,"key":"Girya"},{"floor":21,"key":"Nilry\u0027s Codex"},{"floor":23,"key":"Blood Vial"},{"floor":26,"key":"Kunai"}],"event_choices":[{"damage_healed":0,"gold_gain":75,"player_choice":"Gather Gold","damage_taken":11,"max_hp_gain":0,"max_hp_loss":0,"event_name":"World of Goop","floor":4,"gold_loss":0},{"cards_removed":["Strike_G"],"damage_healed":0,"gold_gain":0,"player_choice":"Forget","damage_taken":0,"max_hp_gain":0,"max_hp_loss":0,"event_name":"Living Wall","floor":5,"gold_loss":0},{"damage_healed":0,"gold_gain":0,"player_choice":"Take Wound","damage_taken":0,"relics_obtained":["Golden Idol"],"max_hp_gain":0,"max_hp_loss":0,"event_name":"Golden Idol","floor":12,"gold_loss":0,"cards_obtained":["Injury"]},{"damage_healed":0,"gold_gain":0,"player_choice":"Read","damage_taken":0,"max_hp_gain":0,"max_hp_loss":0,"event_name":"The Library","floor":19,"gold_loss":0,"cards_obtained":["Acrobatics"]},{"damage_healed":0,"gold_gain":0,"player_choice":"Obtained Book","damage_taken":16,"max_hp_gain":0,"max_hp_loss":0,"event_name":"Cursed Tome","floor":21,"gold_loss":0},{"damage_healed":0,"gold_gain":99,"player_choice":"Stole From Cult","damage_taken":0,"max_hp_gain":0,"max_hp_loss":0,"event_name":"Nest","floor":22,"gold_loss":0}],"is_beta":false,"boss_relics":[{"not_picked":["Runic Dome","Lizard Tail"],"picked":"Orrery"}],"items_purged_floors":[20,28],"is_endless":false,"potions_floor_spawned":[3,6,10,18,23],"killed_by":"Collector","ascension_level":0}