{"gold_per_floor":[110,121,131,41,41,41,70,82,82,116,135,135,135,135,135,232,232,251,270,289,303,28,28,57,57,57,57],"floor_reached":27,"playtime":2326,"items_purged":[],"score":255,"play_id":"bf0cb43e-ef03-4a5d-80e9-e76573b28bcc","local_time":"20190610010737","is_ascension_mode":true,"campfire_choices":[{"data":"Metallicize","floor":6,"key":"SMITH"},{"floor":13,"key":"REST"},{"floor":15,"key":"REST"},{"floor":23,"key":"REST"},{"floor":25,"key":"REST"}],"neow_cost":"NONE","seed_source_timestamp":9709439515434,"circlet_count":0,"master_deck":["Strike_R+1","Strike_R","Strike_R","Strike_R","Defend_R","Defend_R","Defend_R","Defend_R","Bash+1","Power Through","Dual Wield","Headbutt","Offering","Metallicize+1","Heavy Blade","Dropkick","Forethought","Inflame","Flex","Dropkick","Fiend Fire","Double Tap","Ghostly Armor","Second Wind+1","Ghostly Armor","Evolve","Violence","Shrug It Off","Bludgeon","Clumsy"],"relics":["Burning Blood","Dodecahedron","Pear","Whetstone","Cursed Key","Prayer Wheel","FossilizedHelix"],"potions_floor_usage":[24,24,24],"damage_taken":[{"damage":1,"enemies":"Cultist","floor":1,"turns":4},{"damage":6,"enemies":"Jaw Worm","floor":2,"turns":5},{"damage":5,"enemies":"2 Louse","floor":3,"turns":3},{"damage":20,"enemies":"3 Sentries","floor":7,"turns":7},{"damage":8,"enemies":"Looter","floor":8,"turns":4},{"damage":36,"enemies":"Gremlin Nob","floor":10,"turns":5},{"damage":15,"enemies":"2 Fungi Beasts","floor":11,"turns":3},{"damage":47,"enemies":"Hexaghost","floor":16,"turns":9},{"damage":5,"enemies":"Chosen","floor":18,"turns":3},{"damage":17,"enemies":"Shell Parasite","floor":19,"turns":4},{"damage":37,"enemies":"Shelled Parasite and Fungi","floor":20,"turns":6},{"damage":37,"enemies":"Centurion and Healer","floor":21,"turns":6},{"damage":34,"enemies":"Book of Stabbing","floor":24,"turns":6},{"damage":62,"enemies":"Gremlin Leader","floor":27,"turns":8}],"seed_played":"7993691086318218545","potions_obtained":[{"floor":3,"key":"SneckoOil"},{"floor":7,"key":"BloodPotion"},{"floor":11,"key":"BloodPotion"},{"floor":16,"key":"Strength Potion"},{"floor":21,"key":"Swift Potion"},{"floor":24,"key":"Ancient Potion"}],"is_trial":false,"path_per_floor":["M","M","M","$","?","R","E","M","T","E","M","$","R","?","R","B",null,"M","M","M","M","$","R","E","R","T","E"],"character_chosen":"IRONCLAD","items_purchased":["Metallicize","Heavy Blade","Evolve","Violence","Shrug It Off"],"campfire_rested":4,"item_purchase_floors":[4,4,22,22,22],"current_hp_per_floor":[80,80,80,80,80,80,66,64,74,44,35,35,62,62,89,48,90,90,79,48,17,17,44,34,61,61,0],"gold":57,"neow_bonus":"TRANSFORM_CARD","is_prod":false,"is_daily":false,"chose_seed":false,"campfire_upgraded":1,"win_rate":0,"timestamp":1560146857,"path_taken":["M","M","M","$","?","R","E","?","T","E","M","$","R","?","R","BOSS","M","M","M","M","$","R","E","R","T","E"],"build_version":"2019-01-23","purchased_purges":0,"victory":false,"max_hp_per_floor":[80,80,80,80,80,80,80,80,90,90,90,90,90,90,90,90,90,90,90,90,90,90,90,90,90,90,90],"card_choices":[{"not_picked":["Headbutt","Thunderclap"],"picked":"Dual Wield","floor":1},{"not_picked":["Rupture","Warcry"],"picked":"Headbutt","floor":2},{"not_picked":["Body Slam","Perfected Strike"],"picked":"Offering","floor":3},{"not_picked":["Havoc","Iron Wave"],"picked":"Inflame","floor":7},{"not_picked":["Body Slam","Havoc"],"picked":"Flex","floor":8},{"not_picked":["Reckless Charge","Clothesline"],"picked":"Dropkick","floor":10},{"not_picked":["Clash","Uppercut"],"picked":"Fiend Fire","floor":11},{"not_picked":["Bludgeon","Exhume"],"picked":"Double Tap","floor":16},{"not_picked":["Bloodletting","Pommel Strike+1"],"picked":"Ghostly Armor","floor":18},{"not_picked":["Heavy Blade","Flex+1"],"picked":"Second Wind+1","floor":19},{"not_picked":["Twin Strike","Havoc","Reckless Charge"],"picked":"SKIP","floor":20},{"not_picked":["Intimidate","Seeing Red"],"picked":"Ghostly Armor","floor":21},{"not_picked":["Wild Strike","Cleave+1"],"picked":"Bludgeon","floor":24}],"player_experience":82792,"relics_obtained":[{"floor":7,"key":"Dodecahedron"},{"floor":9,"key":"Pear"},{"floor":10,"key":"Whetstone"},{"floor":24,"key":"Prayer Wheel"},{"floor":26,"key":"FossilizedHelix"}],"event_choices":[{"damage_healed":0,"gold_gain":0,"player_choice":"2 cards matched","damage_taken":0,"max_hp_gain":0,"max_hp_loss":0,"event_name":"Match and Keep!","floor":5,"gold_loss":0,"cards_obtained":["Dropkick","Forethought"]},{"damage_healed":0,"gold_gain":0,"player_choice":"Ignored","damage_taken":0,"max_hp_gain":0,"max_hp_loss":0,"event_name":"Purifier","floor":14,"gold_loss":0}],"is_beta":false,"boss_relics":[{"not_picked":["Busted Crown","Coffee Dripper"],"picked":"Cursed Key"}],"items_purged_floors":[],"is_endless":false,"potions_floor_spawned":[3,7,11,16,18,21,24],"killed_by":"Gremlin Leader","ascension_level":1}