{"gold_per_floor":[116,128,2,52,62,88,88,105,105,125,156,156,171,184,184,258,258,268,268,183,4,54,83,38,67,67,67,79,79,136,155,155,155],"floor_reached":33,"playtime":1743,"items_purged":["Strike_B","Strike_B"],"score":730,"play_id":"66873235-870f-41a4-9b9b-d1460a7f14b2","local_time":"20190609154632","is_ascension_mode":true,"campfire_choices":[{"floor":7.0,"key":"REST"},{"data":"Double Energy","floor":12.0,"key":"SMITH"},{"data":"Reinforced Body","floor":15.0,"key":"SMITH"},{"data":"Defragment","floor":27.0,"key":"SMITH"},{"data":"Ghostly","floor":29.0,"key":"SMITH"},{"data":"Consume","floor":32,"key":"SMITH"}],"neow_cost":"NONE","seed_source_timestamp":945721310474910,"circlet_count":0,"master_deck":["AscendersBane","Strike_B","Strike_B","Defend_B","Defend_B","Defend_B","Defend_B","Zap","Dualcast","Melter","Ball Lightning","Compile Driver","Sweeping Beam","Reinforced Body+1","Chill","Double Energy+1","Tempest","Electrodynamics","Hologram","Ghostly","Ghostly","Ghostly+1","Defragment+1","Go for the Eyes+1","Consume+1"],"special_seed":0,"relics":["Velvet Choker","Regal Pillow","Unceasing Top","Black Star","Blue Candle","Orichalcum","The Courier","PreservedInsect","Juzu Bracelet","Oddly Smooth Stone","Smiling Mask","Tiny Chest"],"potions_floor_usage":[33,33],"damage_taken":[{"damage":0.0,"enemies":"Cultist","floor":1.0,"turns":4.0},{"damage":12.0,"enemies":"Small Slimes","floor":2.0,"turns":4.0},{"damage":2.0,"enemies":"Jaw Worm","floor":5.0,"turns":3.0},{"damage":32.0,"enemies":"Gremlin Nob","floor":6.0,"turns":4.0},{"damage":0.0,"enemies":"2 Fungi Beasts","floor":8.0,"turns":2.0},{"damage":8.0,"enemies":"3 Louse","floor":10.0,"turns":3.0},{"damage":10.0,"enemies":"Lagavulin","floor":11.0,"turns":6.0},{"damage":11.0,"enemies":"Blue Slaver","floor":13.0,"turns":3.0},{"damage":2.0,"enemies":"2 Fungi Beasts","floor":14.0,"turns":3.0},{"damage":20.0,"enemies":"The Guardian","floor":16.0,"turns":11.0},{"damage":0.0,"enemies":"3 Byrds","floor":18.0,"turns":1.0},{"damage":4.0,"enemies":"Gremlin Leader","floor":23.0,"turns":7.0},{"damage":0.0,"enemies":"Book of Stabbing","floor":25.0,"turns":4.0},{"damage":0.0,"enemies":"2 Thieves","floor":28.0,"turns":3.0},{"damage":0.0,"enemies":"Slavers","floor":30.0,"turns":4.0},{"damage":5,"enemies":"Snecko","floor":31,"turns":6},{"damage":50,"enemies":"Collector","floor":33,"turns":8}],"seed_played":"-87695474329165738","potions_obtained":[{"floor":1.0,"key":"SpeedPotion"},{"floor":8.0,"key":"Weak Potion"},{"floor":11.0,"key":"FocusPotion"},{"floor":13.0,"key":"Regen Potion"},{"floor":14.0,"key":"GamblersBrew"},{"floor":28.0,"key":"AttackPotion"},{"floor":31,"key":"SneckoOil"}],"is_trial":false,"path_per_floor":["M","M","$","?","M","E","R","M","T","M","E","R","M","M","R","B",null,"M","?","?","$","?","E","$","E","T","R","M","R","E","M","R","B"],"character_chosen":"DEFECT","items_purchased":["Compile Driver","Defragment","PowerPotion"],"campfire_rested":1,"item_purchase_floors":[3,21,24],"current_hp_per_floor":[64,52,52,52,50,18,54,54,54,46,36,36,25,32,32,12,56,56,35,35,35,35,31,31,31,31,31,31,31,31,26,26,0],"gold":155,"neow_bonus":"BOSS_RELIC","is_prod":false,"is_daily":false,"chose_seed":false,"campfire_upgraded":5,"win_rate":0,"timestamp":1560120392,"path_taken":["M","M","?","?","?","E","R","M","T","M","E","R","M","M","R","BOSS","M","?","?","$","?","E","?","E","T","R","M","R","E","M","R","BOSS"],"build_version":"2019-06-07","purchased_purges":2,"victory":false,"max_hp_per_floor":[71,71,71,71,71,71,71,71,71,71,71,71,71,71,71,71,71,71,35,35,35,35,35,35,35,35,35,35,35,35,35,35,35],"card_choices":[{"not_picked":["Darkness","Recycle"],"picked":"Melter","floor":1.0},{"not_picked":["Rip and Tear","Coolheaded"],"picked":"Ball Lightning","floor":2.0},{"not_picked":["Force Field","Turbo"],"picked":"Sweeping Beam","floor":5.0},{"not_picked":["Storm","Seek"],"picked":"Reinforced Body","floor":6.0},{"not_picked":["Ball Lightning","Cold Snap"],"picked":"Chill","floor":8.0},{"not_picked":["Cold Snap","Streamline","Rebound"],"picked":"SKIP","floor":10.0},{"not_picked":["Genetic Algorithm","Sweeping Beam"],"picked":"Double Energy","floor":11.0},{"not_picked":["Melter","Rebound","Sunder"],"picked":"SKIP","floor":13.0},{"not_picked":["Go for the Eyes","Gash"],"picked":"Tempest","floor":14.0},{"not_picked":["Echo Form","Meteor Strike"],"picked":"Electrodynamics","floor":16.0},{"not_picked":["Turbo","Stack"],"picked":"Hologram","floor":18.0},{"not_picked":["Fission","Redo+1"],"picked":"Go for the Eyes+1","floor":23.0},{"not_picked":["Rebound","Steam","Fusion+1"],"picked":"SKIP","floor":25.0},{"not_picked":["Rebound","Ball Lightning","Streamline"],"picked":"SKIP","floor":28.0},{"not_picked":["Barrage","Go for the Eyes","Melter"],"picked":"SKIP","floor":30.0},{"not_picked":["Leap","Double Energy"],"picked":"Consume","floor":31}],"player_experience":1639378,"relics_obtained":[{"floor":6.0,"key":"Regal Pillow"},{"floor":11.0,"key":"Unceasing Top"},{"floor":23.0,"key":"Orichalcum"},{"floor":23.0,"key":"The Courier"},{"floor":25.0,"key":"PreservedInsect"},{"floor":25.0,"key":"Juzu Bracelet"},{"floor":26.0,"key":"Oddly Smooth Stone"},{"floor":30.0,"key":"Smiling Mask"},{"floor":30.0,"key":"Tiny Chest"}],"event_choices":[{"damage_healed":0.0,"max_hp_gain":0.0,"max_hp_loss":0.0,"gold_gain":50.0,"event_name":"Golden Shrine","player_choice":"Pray","floor":4.0,"gold_loss":0.0,"damage_taken":0.0},{"damage_healed":0.0,"max_hp_gain":0.0,"max_hp_loss":36.0,"gold_gain":0.0,"event_name":"Ghosts","player_choice":"Became a Ghost","floor":19.0,"gold_loss":0.0,"damage_taken":0.0,"cards_obtained":["Ghostly","Ghostly","Ghostly"]},{"damage_healed":0.0,"max_hp_gain":0.0,"max_hp_loss":0.0,"gold_gain":0.0,"event_name":"Addict","player_choice":"Obtained Relic","floor":20.0,"gold_loss":85.0,"damage_taken":0.0,"relics_obtained":["Blue Candle"]},{"damage_healed":0.0,"max_hp_gain":0.0,"max_hp_loss":0.0,"gold_gain":50.0,"event_name":"Nest","player_choice":"Stole From Cult","floor":22.0,"gold_loss":0.0,"damage_taken":0.0}],"is_beta":true,"boss_relics":[{"not_picked":["Orrery","Sozu"],"picked":"Black Star"}],"items_purged_floors":[3,21],"is_endless":false,"potions_floor_spawned":[1,8,11,13,14,28,31],"killed_by":"Collector","ascension_level":20}