{"gold_per_floor":[11,11,61,76,93,93,104,138,138,138,156,156,210,224,224,224],"floor_reached":16,"playtime":500,"items_purged":[],"score":199,"play_id":"b55cf628-0add-4043-849c-6a043423b14e","local_time":"20190524214032","is_ascension_mode":true,"campfire_choices":[{"data":"Neutralize","floor":6.0,"key":"SMITH"},{"floor":12.0,"key":"REST"},{"data":"Corpse Explosion","floor":15.0,"key":"SMITH"}],"neow_cost":"NO_GOLD","seed_source_timestamp":1450009376068226,"circlet_count":0,"master_deck":["AscendersBane","Defend_G","Defend_G","Defend_G","Defend_G","Defend_G+1","Strike_G+1","Strike_G+1","Strike_G","Strike_G+1","Survivor","Neutralize+1","Corpse Explosion+1","Backstab","PiercingWail","Deadly Poison","Adrenaline","Crippling Poison","Dodge and Roll"],"special_seed":0,"relics":["Ring of the Snake","Pear","Letter Opener","Whetstone"],"potions_floor_usage":[16],"damage_taken":[{"damage":1.0,"enemies":"Small Slimes","floor":1.0,"turns":5.0},{"damage":0.0,"enemies":"2 Louse","floor":4.0,"turns":1.0},{"damage":0.0,"enemies":"Cultist","floor":5.0,"turns":3.0},{"damage":0.0,"enemies":"Blue Slaver","floor":7.0,"turns":4.0},{"damage":34.0,"enemies":"Gremlin Nob","floor":8.0,"turns":4.0},{"damage":0.0,"enemies":"3 Louse","floor":11.0,"turns":3.0},{"damage":0.0,"enemies":"Gremlin Gang","floor":14.0,"turns":2.0},{"damage":38,"enemies":"Slime Boss","floor":16,"turns":10}],"seed_played":"7023030435090850044","potions_obtained":[{"floor":4.0,"key":"Weak Potion"},{"floor":11.0,"key":"Explosive Potion"}],"is_trial":false,"path_per_floor":["M","?","?","M","M","R","M","E","T","?","M","R","T","M","R","B"],"character_chosen":"THE_SILENT","items_purchased":[],"campfire_rested":1,"item_purchase_floors":[],"current_hp_per_floor":[58,38,38,38,38,38,38,14,14,14,14,36,36,36,36,0],"gold":224,"neow_bonus":"THREE_RARE_CARDS","is_prod":false,"is_daily":false,"chose_seed":false,"campfire_upgraded":2,"win_rate":0,"timestamp":1558748432,"path_taken":["M","?","?","?","M","R","M","E","T","?","M","R","?","M","R","BOSS"],"build_version":"2019-01-23","purchased_purges":0,"victory":false,"max_hp_per_floor":[66,66,66,66,66,66,66,76,76,76,76,76,76,76,76,76],"card_choices":[{"not_picked":["Night Terror","A Thousand Cuts"],"picked":"Corpse Explosion","floor":0.0},{"not_picked":["Quick Slash","Slice"],"picked":"Backstab","floor":1.0},{"not_picked":["Tactician","Poisoned Stab","Prepared"],"picked":"SKIP","floor":4.0},{"not_picked":["Finisher","Flying Knee"],"picked":"PiercingWail","floor":5.0},{"not_picked":["Dagger Spray","Caltrops"],"picked":"Deadly Poison","floor":7.0},{"not_picked":["Accuracy","Bane"],"picked":"Adrenaline","floor":8.0},{"not_picked":["Finisher","Skewer"],"picked":"Crippling Poison","floor":11.0},{"not_picked":["Deflect","Distraction"],"picked":"Dodge and Roll","floor":14.0}],"player_experience":499590,"relics_obtained":[{"floor":8.0,"key":"Pear"},{"floor":9.0,"key":"Letter Opener"},{"floor":13.0,"key":"Whetstone"}],"event_choices":[{"damage_healed":0.0,"max_hp_gain":0.0,"max_hp_loss":0.0,"gold_gain":0.0,"event_name":"Shining Light","player_choice":"Entered Light","floor":2.0,"gold_loss":0.0,"damage_taken":20.0,"cards_upgraded":["Defend_G","Strike_G"]},{"damage_healed":0.0,"max_hp_gain":0.0,"max_hp_loss":0.0,"gold_gain":50.0,"event_name":"Golden Shrine","player_choice":"Pray","floor":3.0,"gold_loss":0.0,"damage_taken":0.0},{"cards_removed":["Strike_G"],"damage_healed":0.0,"max_hp_gain":0.0,"max_hp_loss":0.0,"gold_gain":0.0,"event_name":"Living Wall","player_choice":"Forget","floor":10.0,"gold_loss":0.0,"damage_taken":0.0}],"is_beta":false,"boss_relics":[],"items_purged_floors":[],"is_endless":false,"potions_floor_spawned":[4,11],"killed_by":"Slime Boss","ascension_level":19}