{"gold_per_floor":[112,132,57,132,142,142,173,173,196,27,27,27,55,69,69,172,172,189,199,199,213,263,263,277,277],"floor_reached":25,"playtime":1176,"items_purged":["Strike_G","Strike_G"],"score":274,"play_id":"a2e2448a-e78b-4511-8d83-ddc11a5b0801","local_time":"20190419200223","is_ascension_mode":true,"campfire_choices":[{"data":"Skewer","floor":6,"key":"SMITH"},{"floor":8,"key":"REST"},{"data":"Dagger Spray","floor":11,"key":"SMITH"},{"floor":15,"key":"REST"},{"data":"Envenom","floor":23,"key":"SMITH"}],"neow_cost":"TEN_PERCENT_HP_LOSS","seed_source_timestamp":297451923315925,"circlet_count":0,"master_deck":["Defend_G","Defend_G","Defend_G","Defend_G","Defend_G","Strike_G","Strike_G","Strike_G","Survivor","Neutralize","Dagger Spray+1","Skewer+1","Well Laid Plans","Glass Knife","Footwork+1","Envenom+1","Escape Plan","Expertise"],"relics":["Ring of the Snake","StoneCalendar","Bag of Preparation","Snake Skull","Gremlin Horn","HoveringKite"],"potions_floor_usage":[7,14,18,25,25,25],"damage_taken":[{"damage":0,"enemies":"Cultist","floor":1,"turns":5},{"damage":0,"enemies":"2 Louse","floor":2,"turns":2},{"damage":0,"enemies":"Jaw Worm","floor":5,"turns":5},{"damage":37,"enemies":"Gremlin Nob","floor":7,"turns":6},{"damage":29,"enemies":"Lagavulin","floor":13,"turns":7},{"damage":0,"enemies":"Exordium Thugs","floor":14,"turns":3},{"damage":9,"enemies":"The Guardian","floor":16,"turns":12},{"damage":4,"enemies":"Spheric Guardian","floor":18,"turns":3},{"damage":1,"enemies":"Chosen","floor":19,"turns":3},{"damage":24,"enemies":"Snake Plant","floor":21,"turns":3},{"damage":12,"enemies":"3 Cultists","floor":24,"turns":4},{"damage":17,"enemies":"Slavers","floor":25,"turns":3}],"seed_played":"3828469321911287945","potions_obtained":[{"floor":2,"key":"Weak Potion"},{"floor":7,"key":"Explosive Potion"},{"floor":14,"key":"Fire Potion"},{"floor":18,"key":"Dexterity Potion"},{"floor":21,"key":"Dexterity Potion"},{"floor":24,"key":"Swift Potion"}],"is_trial":false,"path_per_floor":["M","M","$","?","M","R","E","R","T","$","R","?","E","M","R","B",null,"M","M","?","M","?","R","M","E"],"character_chosen":"THE_SILENT","items_purchased":["Well Laid Plans"],"campfire_rested":2,"item_purchase_floors":[10],"current_hp_per_floor":[63,63,63,52,52,52,15,33,33,33,33,33,4,4,22,13,51,47,46,46,22,22,22,10,0],"gold":277,"neow_bonus":"ONE_RARE_RELIC","is_prod":false,"is_daily":false,"chose_seed":false,"campfire_upgraded":3,"win_rate":0,"timestamp":1555718543,"path_taken":["M","M","?","?","M","R","E","R","T","$","R","?","E","M","R","BOSS","M","M","?","?","?","R","?","E"],"build_version":"2019-01-23","purchased_purges":2,"victory":false,"max_hp_per_floor":[63,63,63,63,63,63,63,63,63,63,63,63,63,63,63,63,63,63,63,63,63,63,63,63,63],"card_choices":[{"not_picked":["PiercingWail","Sucker Punch"],"picked":"Dagger Spray","floor":1},{"not_picked":["Deadly Poison","Quick Slash"],"picked":"Skewer","floor":2},{"not_picked":["Calculated Gamble","Masterful Stab","Heel Hook"],"picked":"SKIP","floor":5},{"not_picked":["Dagger Spray","Accuracy","Finisher"],"picked":"SKIP","floor":7},{"not_picked":["Catalyst","Caltrops"],"picked":"Glass Knife","floor":13},{"not_picked":["Blur","Underhanded Strike"],"picked":"Footwork","floor":14},{"not_picked":["Unload","Storm of Steel"],"picked":"Envenom","floor":16},{"not_picked":["Outmaneuver","Dodge and Roll"],"picked":"Escape Plan","floor":18},{"not_picked":["Setup","Prepared","PiercingWail"],"picked":"SKIP","floor":19},{"not_picked":["Poisoned Stab","Deflect","Unload"],"picked":"SKIP","floor":21},{"not_picked":["Quick Slash+1","Blade Dance"],"picked":"Expertise","floor":24}],"player_experience":221559,"relics_obtained":[{"floor":7,"key":"Bag of Preparation"},{"floor":9,"key":"Snake Skull"},{"floor":13,"key":"Gremlin Horn"}],"event_choices":[{"damage_healed":0,"gold_gain":75,"player_choice":"Gather Gold","damage_taken":11,"max_hp_gain":0,"max_hp_loss":0,"event_name":"World of Goop","floor":4,"gold_loss":0},{"damage_healed":0,"gold_gain":0,"player_choice":"Ignored","damage_taken":0,"max_hp_gain":0,"max_hp_loss":0,"event_name":"Shining Light","floor":12,"gold_loss":0},{"damage_healed":0,"gold_gain":0,"player_choice":"Forge","damage_taken":0,"max_hp_gain":0,"max_hp_loss":0,"event_name":"Accursed Blacksmith","floor":20,"gold_loss":0,"cards_upgraded":["Footwork"]},{"damage_healed":0,"gold_gain":100,"player_choice":"Bet on Murderer","damage_taken":0,"max_hp_gain":0,"max_hp_loss":0,"event_name":"The Joust","floor":22,"gold_loss":50}],"is_beta":false,"boss_relics":[{"not_picked":["Ectoplasm","Runic Pyramid"],"picked":"HoveringKite"}],"items_purged_floors":[3,10],"is_endless":false,"potions_floor_spawned":[2,7,14,18,21,24],"killed_by":"Slavers","ascension_level":6}