{"gold_per_floor":[118,118,133,408,419,449,449,133,133,149,149,166,185,195,195,267,267,279,279,290,300,315,315,315],"floor_reached":24,"playtime":1218,"items_purged":["Regret"],"score":404,"play_id":"dd2adff3-5e2f-46f4-b205-a984aaa106f7","local_time":"20190604202547","is_ascension_mode":true,"campfire_choices":[{"floor":7.0,"key":"REST"},{"data":"Flame Barrier","floor":11.0,"key":"SMITH"},{"data":"True Grit","floor":15.0,"key":"SMITH"},{"data":"Carnage","floor":23,"key":"SMITH"}],"neow_cost":"NONE","seed_source_timestamp":0,"circlet_count":0,"master_deck":["AscendersBane","Strike_R","Strike_R","Strike_R","Strike_R","Strike_R","Defend_R","Defend_R","Defend_R","Defend_R","Bash+1","Anger","Spot Weakness","Reaper","Flame Barrier+1","Carnage+1","Shockwave","True Grit+1","Feed","Necronomicurse","Havoc","Shrug It Off"],"special_seed":0,"relics":["Burning Blood","NeowsBlessing","Champion Belt","Happy Flower","Shuriken","Snecko Eye","Necronomicon"],"potions_floor_usage":[20,20,24],"damage_taken":[{"damage":0.0,"enemies":"Small Slimes","floor":1.0,"turns":1.0},{"damage":0.0,"enemies":"2 Louse","floor":3.0,"turns":1.0},{"damage":0.0,"enemies":"Cultist","floor":5.0,"turns":1.0},{"damage":67.0,"enemies":"Gremlin Nob","floor":6.0,"turns":5.0},{"damage":22.0,"enemies":"Exordium Thugs","floor":10.0,"turns":3.0},{"damage":1.0,"enemies":"3 Louse","floor":12.0,"turns":3.0},{"damage":5.0,"enemies":"Large Slime","floor":13.0,"turns":6.0},{"damage":14.0,"enemies":"Exordium Thugs","floor":14.0,"turns":7.0},{"damage":53.0,"enemies":"Hexaghost","floor":16.0,"turns":11.0},{"damage":0.0,"enemies":"3 Byrds","floor":18.0,"turns":4.0},{"damage":2,"enemies":"2 Thieves","floor":20,"turns":3},{"damage":21,"enemies":"Cultist and Chosen","floor":21,"turns":6},{"damage":25,"enemies":"Chosen and Byrds","floor":22,"turns":4},{"damage":61,"enemies":"Slavers","floor":24,"turns":6}],"seed_played":"-1591714461053174204","potions_obtained":[{"floor":6.0,"key":"Weak Potion"},{"floor":10.0,"key":"Explosive Potion"},{"floor":13.0,"key":"FearPotion"},{"floor":16.0,"key":"AttackPotion"},{"floor":22,"key":"EssenceOfSteel"}],"is_trial":false,"path_per_floor":["M","?","M","?","M","E","R","$","T","M","R","M","M","M","R","B",null,"M","?","M","M","M","R","E"],"character_chosen":"IRONCLAD","items_purchased":["Happy Flower","Carnage"],"campfire_rested":1,"item_purchase_floors":[8,8],"current_hp_per_floor":[74,74,75,75,75,24,46,46,46,48,48,65,75,67,67,20,61,77,56,64,63,44,44,0],"gold":315,"neow_bonus":"THREE_ENEMY_KILL","is_prod":false,"is_daily":false,"chose_seed":false,"campfire_upgraded":3,"win_rate":0,"timestamp":1559694347,"path_taken":["M","?","M","?","?","E","R","$","T","M","R","M","M","M","R","BOSS","M","?","M","M","M","R","E"],"build_version":"2019-01-23","purchased_purges":1,"victory":false,"max_hp_per_floor":[75,75,75,75,75,75,75,75,75,75,75,75,75,75,75,75,75,78,78,78,78,78,78,78],"card_choices":[{"not_picked":["Body Slam","Burning Pact"],"picked":"Anger","floor":1.0},{"not_picked":["Sword Boomerang","Intimidate"],"picked":"Spot Weakness","floor":3.0},{"not_picked":["Anger","Clash"],"picked":"Reaper","floor":5.0},{"not_picked":["Carnage","Pommel Strike"],"picked":"Flame Barrier","floor":6.0},{"not_picked":["Entrench","Whirlwind"],"picked":"Shockwave","floor":10.0},{"not_picked":["Fire Breathing","Perfected Strike","Seeing Red"],"picked":"SKIP","floor":12.0},{"not_picked":["Corruption","Body Slam","Sword Boomerang"],"picked":"SKIP","floor":13.0},{"not_picked":["Thunderclap","Spot Weakness"],"picked":"True Grit","floor":14.0},{"not_picked":["Fiend Fire","Reaper"],"picked":"Feed","floor":16.0},{"not_picked":["Infernal Blade+1","Clash","Blood for Blood"],"picked":"SKIP","floor":18.0},{"not_picked":["Blood for Blood+1","Burning Pact","Hemokinesis"],"picked":"SKIP","floor":20},{"not_picked":["Bloodletting+1","Body Slam"],"picked":"Havoc","floor":21},{"not_picked":["Second Wind","Dropkick"],"picked":"Shrug It Off","floor":22}],"player_experience":555132,"relics_obtained":[{"floor":6.0,"key":"Champion Belt"},{"floor":9.0,"key":"Shuriken"},{"floor":19,"key":"Necronomicon"}],"event_choices":[{"damage_healed":0.0,"max_hp_gain":0.0,"max_hp_loss":0.0,"gold_gain":0.0,"event_name":"Living Wall","player_choice":"Grow","floor":2.0,"gold_loss":0.0,"damage_taken":0.0,"cards_upgraded":["Bash"]},{"damage_healed":0.0,"max_hp_gain":0.0,"max_hp_loss":0.0,"gold_gain":275.0,"event_name":"Golden Shrine","player_choice":"Desecrate","floor":4.0,"gold_loss":0.0,"damage_taken":0.0,"cards_obtained":["Regret"]},{"damage_healed":0,"gold_gain":0,"player_choice":"Obtained Book","damage_taken":21,"max_hp_gain":0,"max_hp_loss":0,"event_name":"Cursed Tome","floor":19,"gold_loss":0}],"is_beta":false,"boss_relics":[{"not_picked":["Fusion Hammer","Runic Cube"],"picked":"Snecko Eye"}],"items_purged_floors":[8],"is_endless":false,"potions_floor_spawned":[6,10,13,16,18,22],"killed_by":"Slavers","ascension_level":20}