{"gold_per_floor":[114,114,129,144,159],"floor_reached":5,"playtime":306,"items_purged":[],"score":108,"play_id":"25e04188-d3e4-4d1c-9849-546004ff26bd","local_time":"20190530021546","daily_mods":["Insanity","Time Dilation","DeadlyEvents"],"is_ascension_mode":false,"campfire_choices":[],"neow_cost":"","seed_source_timestamp":0,"circlet_count":0,"master_deck":["Expertise","Escape Plan","Deflect","Caltrops","Calculated Gamble","Calculated Gamble","Dodge and Roll","Cloak And Dagger","Calculated Gamble","Bane","Prepared","Sucker Punch","Poisoned Stab","Acrobatics","Bouncing Flask","Quick Slash","Dagger Throw","Underhanded Strike","Slice","Prepared","PiercingWail","Terror","Bane","Leg Sweep","Poisoned Stab","Distraction","Cloak And Dagger","Poisoned Stab","Masterful Stab","PiercingWail","Dodge and Roll","Slice","Dagger Throw","Infinite Blades","Slice","Flying Knee","Backflip","Eviscerate","Outmaneuver","Deadly Poison","Terror","Acrobatics","Distraction","Leg Sweep","Dagger Throw","Quick Slash","Dagger Spray","Outmaneuver","Riddle With Holes","Dagger Throw","Flying Knee","All Out Attack","PiercingWail","Deflect"],"special_seed":18045,"relics":["Ring of the Snake"],"potions_floor_usage":[],"damage_taken":[{"damage":0.0,"enemies":"Cultist","floor":1.0,"turns":2.0},{"damage":0.0,"enemies":"Small Slimes","floor":3.0,"turns":2.0},{"damage":11.0,"enemies":"Jaw Worm","floor":4.0,"turns":2.0},{"damage":8,"enemies":"Large Slime","floor":5,"turns":4}],"seed_played":"-6599637533551132899","potions_obtained":[{"floor":1.0,"key":"Block Potion"},{"floor":5,"key":"LiquidBronze"}],"is_trial":false,"path_per_floor":["M","$","M","M","M"],"character_chosen":"THE_SILENT","items_purchased":[],"campfire_rested":0,"item_purchase_floors":[],"current_hp_per_floor":[70,70,70,59,51],"gold":159,"neow_bonus":"","is_prod":false,"is_daily":true,"chose_seed":false,"campfire_upgraded":0,"win_rate":0.0,"timestamp":1559196946,"path_taken":["M","$","M","M","M"],"build_version":"2019-01-23","purchased_purges":0,"victory":false,"max_hp_per_floor":[70,70,70,70,70],"card_choices":[{"not_picked":["Cloak And Dagger","Distraction"],"picked":"Flying Knee","floor":1.0},{"not_picked":["Skewer","Deflect"],"picked":"All Out Attack","floor":3.0},{"not_picked":["Deflect","Blade Dance"],"picked":"PiercingWail","floor":4},{"not_picked":["Flying Knee","Prepared"],"picked":"Deflect","floor":5}],"player_experience":50987,"relics_obtained":[],"event_choices":[],"is_beta":false,"boss_relics":[],"items_purged_floors":[],"is_endless":false,"potions_floor_spawned":[1,5],"killed_by":"Large Slime","ascension_level":0}