{"gold_per_floor":[114,130,150,160,176,210,210,243,266,266,231,246,79,79,79,176,176,195,210,210,227,105,131,131,149,149,160,179,189,189,189,189,284,284,297,311,326,55,155,188,188,198,247,273,273,292,308,323,323,323],"floor_reached":50,"playtime":3904,"items_purged":[],"score":618,"play_id":"91de01cb-b11b-42ae-a8c9-adc7a8851a29","local_time":"20190609235347","is_ascension_mode":true,"campfire_choices":[{"floor":7,"key":"REST"},{"floor":15,"key":"REST"},{"floor":30,"key":"REST"},{"data":"Heavy Blade","floor":32,"key":"SMITH"},{"floor":41,"key":"REST"},{"floor":49,"key":"REST"}],"neow_cost":"NONE","seed_source_timestamp":3699954267151,"circlet_count":0,"master_deck":["Strike_R","Strike_R+1","Strike_R","Strike_R","Strike_R","Defend_R","Defend_R","Defend_R","Defend_R","Bash","Pummel","Sword Boomerang","Shrug It Off","Carnage+1","Offering","True Grit","Heavy Blade+1","Blood for Blood","Thunderclap","Body Slam","Dramatic Entrance","Bludgeon","Inflame","Havoc+1","Spot Weakness+1","Flex","Evolve","Ghostly Armor","RitualDagger","Thunderclap+1","Shrug It Off","Cleave","Clothesline+1","Limit Break","Ghostly Armor+1","Power Through+1","Cleave+1","Sentinel","Bludgeon","Fire Breathing","Burning Pact+1","Pommel Strike+1","Iron Wave+1","Doubt","Burning Pact","Heavy Blade","Cleave+1","Dual Wield+1"],"relics":["Burning Blood","Du-Vu Doll","Anchor","Regal Pillow","Pen Nib","Cursed Key","Happy Flower","StoneCalendar","Philosopher\u0027s Stone","Calipers","Red Skull","Orichalcum","Mercury Hourglass","GremlinMask"],"potions_floor_usage":[3,16,16,21,27,40,40,44,50],"damage_taken":[{"damage":0,"enemies":"Small Slimes","floor":1,"turns":3},{"damage":6,"enemies":"2 Louse","floor":2,"turns":3},{"damage":7,"enemies":"Jaw Worm","floor":3,"turns":3},{"damage":1,"enemies":"2 Fungi Beasts","floor":4,"turns":5},{"damage":8,"enemies":"Exordium Thugs","floor":5,"turns":5},{"damage":42,"enemies":"Lagavulin","floor":6,"turns":6},{"damage":20,"enemies":"Gremlin Nob","floor":8,"turns":3},{"damage":2,"enemies":"Looter","floor":12,"turns":3},{"damage":69,"enemies":"The Guardian","floor":16,"turns":9},{"damage":0,"enemies":"3 Byrds","floor":18,"turns":4},{"damage":5,"enemies":"2 Thieves","floor":19,"turns":3},{"damage":20,"enemies":"Snake Plant","floor":21,"turns":3},{"damage":32,"enemies":"Book of Stabbing","floor":23,"turns":4},{"damage":0,"enemies":"Chosen and Byrds","floor":25,"turns":4},{"damage":6,"enemies":"Centurion and Healer","floor":27,"turns":2},{"damage":12,"enemies":"Snake Plant","floor":28,"turns":3},{"damage":0,"enemies":"Chosen and Byrds","floor":29,"turns":3},{"damage":34,"enemies":"Automaton","floor":33,"turns":6},{"damage":6,"enemies":"3 Shapes","floor":35,"turns":1},{"damage":1,"enemies":"Orb Walker","floor":36,"turns":3},{"damage":43,"enemies":"Maw","floor":37,"turns":7},{"damage":11,"enemies":"Mind Bloom Boss Battle","floor":39,"turns":5},{"damage":32,"enemies":"Nemesis","floor":40,"turns":7},{"damage":3,"enemies":"Sphere and 2 Shapes","floor":42,"turns":3},{"damage":16,"enemies":"Reptomancer","floor":44,"turns":4},{"damage":0,"enemies":"4 Shapes","floor":46,"turns":4},{"damage":37,"enemies":"Writhing Mass","floor":47,"turns":5},{"damage":1,"enemies":"3 Darklings","floor":48,"turns":2},{"damage":96,"enemies":"Donu and Deca","floor":50,"turns":6}],"seed_played":"-1314576337344129596","potions_obtained":[{"floor":0,"key":"Swift Potion"},{"floor":0,"key":"EntropicBrew"},{"floor":0,"key":"Block Potion"},{"floor":5,"key":"FairyPotion"},{"floor":16,"key":"Swift Potion"},{"floor":18,"key":"Block Potion"},{"floor":21,"key":"SkillPotion"},{"floor":27,"key":"SpeedPotion"},{"floor":33,"key":"SteroidPotion"},{"floor":42,"key":"LiquidBronze"},{"floor":46,"key":"SpeedPotion"},{"floor":47,"key":"Explosive Potion"}],"is_trial":false,"path_per_floor":["M","M","M","M","M","E","R","E","T","?","?","M","$","?","R","B",null,"M","M","?","M","$","E","?","M","T","M","M","M","R","?","R","B",null,"M","M","M","$","?","E","R","M","T","E","?","M","M","M","R","B"],"character_chosen":"IRONCLAD","items_purchased":["Thunderclap","Body Slam","Dramatic Entrance","Flex","Evolve","Sentinel","Bludgeon","Fire Breathing"],"campfire_rested":5,"item_purchase_floors":[13,13,13,22,22,38,38,38],"current_hp_per_floor":[80,80,79,80,78,42,66,52,52,36,56,60,60,35,74,11,80,80,80,80,66,66,40,34,40,40,40,34,40,79,79,79,51,80,80,80,43,43,38,27,66,69,69,59,59,65,34,39,78,0],"gold":323,"neow_bonus":"THREE_SMALL_POTIONS","is_prod":false,"is_daily":false,"chose_seed":false,"campfire_upgraded":1,"win_rate":0,"timestamp":1560142427,"path_taken":["M","M","M","M","M","E","R","E","T","?","?","M","?","?","R","BOSS","M","M","?","M","$","E","?","M","T","M","M","M","R","?","R","BOSS","M","M","M","$","?","E","R","M","T","E","?","M","M","M","R","BOSS"],"build_version":"2019-01-23","purchased_purges":0,"victory":false,"max_hp_per_floor":[80,80,80,80,80,80,80,80,80,80,80,80,80,80,80,80,80,80,80,80,80,80,80,80,80,80,80,80,80,80,80,80,80,80,80,80,80,80,80,80,80,80,80,80,80,80,80,80,80,80],"card_choices":[{"not_picked":["Disarm","Clash"],"picked":"Pummel","floor":1},{"not_picked":["Infernal Blade","Armaments"],"picked":"Sword Boomerang","floor":2},{"not_picked":["Sentinel","Thunderclap"],"picked":"Shrug It Off","floor":3},{"not_picked":["Blood for Blood","Clothesline"],"picked":"Carnage","floor":4},{"not_picked":["Clash","Uppercut"],"picked":"Offering","floor":5},{"not_picked":["Headbutt","Sentinel"],"picked":"True Grit","floor":6},{"not_picked":["True Grit","Headbutt"],"picked":"Heavy Blade","floor":8},{"not_picked":["Dropkick","Whirlwind"],"picked":"Blood for Blood","floor":12},{"not_picked":["Berserk","Dark Embrace"],"picked":"Bludgeon","floor":16},{"not_picked":["Armaments+1","Burning Pact+1"],"picked":"Inflame","floor":18},{"not_picked":["Iron Wave","Corruption"],"picked":"Havoc+1","floor":19},{"not_picked":["Armaments","Cleave"],"picked":"Spot Weakness+1","floor":21},{"not_picked":["Burning Pact","Sever Soul"],"picked":"Ghostly Armor","floor":23},{"not_picked":["Sentinel","Twin Strike"],"picked":"Thunderclap+1","floor":25},{"not_picked":["Clash","Headbutt"],"picked":"Shrug It Off","floor":27},{"not_picked":["Battle Trance","Disarm"],"picked":"Cleave","floor":28},{"not_picked":["Shrug It Off","Second Wind"],"picked":"Clothesline+1","floor":29},{"not_picked":["Fiend Fire","Feed"],"picked":"Limit Break","floor":33},{"not_picked":["Intimidate","Cleave"],"picked":"Ghostly Armor+1","floor":35},{"not_picked":["Spot Weakness","Thunderclap"],"picked":"Power Through+1","floor":36},{"not_picked":["Wild Strike","Sever Soul"],"picked":"Cleave+1","floor":37},{"not_picked":["Iron Wave+1","Cleave+1"],"picked":"Burning Pact+1","floor":39},{"not_picked":["Wild Strike+1","Corruption+1"],"picked":"Pommel Strike+1","floor":40},{"not_picked":["Armaments","Warcry"],"picked":"Iron Wave+1","floor":42},{"not_picked":["Combust","Armaments"],"picked":"Burning Pact","floor":44},{"not_picked":["Brutality","Anger"],"picked":"Heavy Blade","floor":46},{"not_picked":["True Grit","Power Through"],"picked":"Cleave+1","floor":47},{"not_picked":["Anger+1","Bloodletting+1"],"picked":"Dual Wield+1","floor":48}],"player_experience":76812,"relics_obtained":[{"floor":6,"key":"Du-Vu Doll"},{"floor":8,"key":"Anchor"},{"floor":9,"key":"Regal Pillow"},{"floor":23,"key":"Happy Flower"},{"floor":26,"key":"StoneCalendar"},{"floor":39,"key":"Calipers"},{"floor":40,"key":"Red Skull"},{"floor":43,"key":"Orichalcum"},{"floor":44,"key":"Mercury Hourglass"}],"event_choices":[{"damage_healed":0,"gold_gain":0,"player_choice":"Entered Light","damage_taken":16,"max_hp_gain":0,"max_hp_loss":0,"event_name":"Shining Light","floor":10,"gold_loss":0,"cards_upgraded":["Carnage","Strike_R"]},{"damage_healed":20,"gold_gain":0,"player_choice":"Healed","damage_taken":0,"max_hp_gain":0,"max_hp_loss":0,"event_name":"The Cleric","floor":11,"gold_loss":35},{"damage_healed":0,"gold_gain":0,"player_choice":"Success","damage_taken":25,"relics_obtained":["Pen Nib"],"max_hp_gain":0,"max_hp_loss":0,"event_name":"Scrap Ooze","floor":14,"gold_loss":0},{"damage_healed":0,"gold_gain":0,"player_choice":"Ignored","damage_taken":0,"max_hp_gain":0,"max_hp_loss":0,"event_name":"Vampires","floor":20,"gold_loss":0},{"damage_healed":0,"gold_gain":0,"player_choice":"Joined the Cult","damage_taken":6,"max_hp_gain":0,"max_hp_loss":0,"event_name":"Nest","floor":24,"gold_loss":0,"cards_obtained":["RitualDagger"]},{"cards_removed":["Decay"],"damage_healed":0,"gold_gain":0,"player_choice":"Removed Curses","damage_taken":0,"max_hp_gain":0,"max_hp_loss":0,"event_name":"Fountain of Cleansing","floor":31,"gold_loss":0},{"damage_healed":0,"gold_gain":0,"player_choice":"Fight","damage_taken":0,"max_hp_gain":0,"max_hp_loss":0,"event_name":"MindBloom","floor":39,"gold_loss":0},{"damage_healed":0,"gold_gain":0,"player_choice":"Trade","damage_taken":0,"relics_obtained":["GremlinMask"],"max_hp_gain":0,"max_hp_loss":0,"event_name":"FaceTrader","floor":45,"gold_loss":0}],"is_beta":false,"boss_relics":[{"not_picked":["Coffee Dripper","Busted Crown"],"picked":"Cursed Key"},{"not_picked":["Fusion Hammer","Velvet Choker"],"picked":"Philosopher\u0027s Stone"}],"items_purged_floors":[],"is_endless":false,"potions_floor_spawned":[1,2,5,16,18,21,27,29,33,35,36,42,46,47],"killed_by":"Donu and Deca","ascension_level":1}