{"gold_per_floor":[114,114,125,140,140,166,166,197,227,261,286,301,301,301],"floor_reached":14,"playtime":351,"items_purged":[],"score":124,"play_id":"e556c2d5-f31d-4bf4-a5ef-93637c14d3a6","local_time":"20190415220014","is_ascension_mode":true,"campfire_choices":[{"data":"Body Slam","floor":7,"key":"SMITH"}],"neow_cost":"NONE","seed_source_timestamp":172569768409986,"circlet_count":0,"master_deck":["Strike_R","Strike_R","Strike_R","Strike_R","Strike_R","Defend_R","Defend_R","Defend_R","Defend_R","Bash","Body Slam+1","Iron Wave+1","Power Through","Shrug It Off"],"relics":["Burning Blood","Oddly Smooth Stone","Girya","Tiny Chest","Blood Vial","Centennial Puzzle"],"potions_floor_usage":[6,8],"damage_taken":[{"damage":9,"enemies":"Small Slimes","floor":1,"turns":4},{"damage":1,"enemies":"Cultist","floor":3,"turns":3},{"damage":3,"enemies":"Jaw Worm","floor":4,"turns":5},{"damage":36,"enemies":"Gremlin Nob","floor":6,"turns":4},{"damage":29,"enemies":"Lagavulin","floor":8,"turns":6},{"damage":28,"enemies":"Gremlin Nob","floor":10,"turns":4},{"damage":14,"enemies":"Large Slime","floor":12,"turns":6},{"damage":0,"enemies":"Lots of Slimes","floor":14,"turns":1}],"seed_played":"-7918480234370999673","potions_obtained":[{"floor":1,"key":"Regen Potion"},{"floor":2,"key":"FairyPotion"},{"floor":2,"key":"PowerPotion"},{"floor":2,"key":"PowerPotion"},{"floor":8,"key":"Dexterity Potion"},{"floor":12,"key":"Fire Potion"}],"is_trial":false,"path_per_floor":["M","?","M","M","T","E","R","E","T","E","T","M","?","M"],"character_chosen":"IRONCLAD","items_purchased":[],"campfire_rested":0,"item_purchase_floors":[],"current_hp_per_floor":[85,85,88,88,88,58,58,35,35,13,13,7,7,9],"gold":301,"neow_bonus":"TEN_PERCENT_HP_BONUS","is_prod":false,"is_daily":false,"chose_seed":false,"campfire_upgraded":1,"win_rate":0,"timestamp":1555380014,"path_taken":["M","?","?","M","?","E","R","E","T","E","?","M","?","M"],"build_version":"2019-01-23","purchased_purges":0,"victory":false,"max_hp_per_floor":[88,88,88,88,88,88,88,88,88,88,88,88,88,88],"card_choices":[{"not_picked":["Second Wind","Havoc","Clothesline"],"picked":"SKIP","floor":1},{"not_picked":["Armaments","Entrench","Bloodletting"],"picked":"SKIP","floor":3},{"not_picked":["Bludgeon","Clothesline"],"picked":"Body Slam","floor":4},{"not_picked":["Perfected Strike","Brutality"],"picked":"Iron Wave","floor":6},{"not_picked":["Whirlwind","Brutality","Searing Blow"],"picked":"SKIP","floor":8},{"not_picked":["Uppercut","Twin Strike"],"picked":"Power Through","floor":10},{"not_picked":["Pommel Strike","Evolve"],"picked":"Shrug It Off","floor":12}],"player_experience":155273,"relics_obtained":[{"floor":6,"key":"Oddly Smooth Stone"},{"floor":8,"key":"Girya"},{"floor":9,"key":"Tiny Chest"},{"floor":10,"key":"Blood Vial"},{"floor":11,"key":"Centennial Puzzle"}],"event_choices":[{"damage_healed":0,"gold_gain":0,"player_choice":"Got Potions","damage_taken":0,"max_hp_gain":0,"max_hp_loss":0,"event_name":"Lab","floor":2,"gold_loss":0},{"damage_healed":0,"gold_gain":0,"player_choice":"Forge","damage_taken":0,"max_hp_gain":0,"max_hp_loss":0,"event_name":"Accursed Blacksmith","floor":13,"gold_loss":0,"cards_upgraded":["Iron Wave"]}],"is_beta":false,"boss_relics":[],"items_purged_floors":[],"is_endless":false,"potions_floor_spawned":[1,8,12],"killed_by":"Lots of Slimes","ascension_level":3}