{"gold_per_floor":[118,133,55,55,55,89,109,109,109,136,136,162,174,186,186,281,281,256,171,96,21,34,66,66,92,92,92,117,128,128,148,148,247,247,266,278,292,292,239,269,285,312,338,373,51,51,63,63,63,63,63,63,63,97,97],"floor_reached":56,"playtime":3798,"items_purged":["Strike_G","Strike_G"],"score":1501,"play_id":"ecfeedc0-cb79-4043-ad53-6fdc1732dd72","local_time":"20190418211746","is_ascension_mode":true,"campfire_choices":[{"data":"Noxious Fumes","floor":8.0,"key":"SMITH"},{"data":"Footwork","floor":15.0,"key":"SMITH"},{"data":"Noxious Fumes","floor":24,"key":"SMITH"},{"data":"Dodge and Roll","floor":27,"key":"SMITH"},{"data":"Flechettes","floor":30,"key":"SMITH"},{"data":"Neutralize","floor":32,"key":"SMITH"},{"floor":49,"key":"RECALL"},{"floor":52,"key":"REST"}],"neow_cost":"NONE","seed_source_timestamp":257887078395282,"circlet_count":0,"master_deck":["Defend_G","Defend_G","Defend_G","Defend_G","Defend_G","Survivor","Neutralize+1","Noxious Fumes+1","Noxious Fumes+1","Backflip","Dodge and Roll+1","Footwork+1","Acrobatics+1","Flechettes+1","Escape Plan","Corpse Explosion","Blade Dance","Noxious Fumes+1","Dodge and Roll","Bane+1","After Image","Escape Plan","Backflip+1"],"special_seed":0,"relics":["Ring of the Snake","NeowsBlessing","Bottled Flame","Kunai","Centennial Puzzle","Busted Crown","Boot","Bag of Preparation","Pantograph","Snake Skull","Oddly Smooth Stone","Fusion Hammer","Bag of Marbles","Molten Egg 2","Anchor","Juzu Bracelet","Dodecahedron"],"potions_floor_usage":[18,22,23,25,28,29,31,33,36,37,40,40,42,44,47,55,55],"damage_taken":[{"damage":0.0,"enemies":"Cultist","floor":1.0,"turns":1.0},{"damage":0.0,"enemies":"Small Slimes","floor":2.0,"turns":1.0},{"damage":0.0,"enemies":"Gremlin Nob","floor":6.0,"turns":1.0},{"damage":1.0,"enemies":"2 Louse","floor":7.0,"turns":5.0},{"damage":4.0,"enemies":"3 Sentries","floor":10.0,"turns":7.0},{"damage":18.0,"enemies":"Gremlin Nob","floor":12.0,"turns":6.0},{"damage":0.0,"enemies":"Exordium Wildlife","floor":13.0,"turns":4.0},{"damage":0.0,"enemies":"3 Louse","floor":14.0,"turns":4.0},{"damage":16.0,"enemies":"The Guardian","floor":16.0,"turns":12.0},{"damage":0,"enemies":"2 Thieves","floor":18,"turns":5},{"damage":0,"enemies":"Chosen","floor":22,"turns":7},{"damage":4,"enemies":"Book of Stabbing","floor":23,"turns":9},{"damage":17,"enemies":"Slavers","floor":25,"turns":6},{"damage":0,"enemies":"Book of Stabbing","floor":28,"turns":7},{"damage":0,"enemies":"Snake Plant","floor":29,"turns":5},{"damage":0,"enemies":"3 Cultists","floor":31,"turns":4},{"damage":10,"enemies":"Champ","floor":33,"turns":10},{"damage":3,"enemies":"3 Shapes","floor":35,"turns":2},{"damage":15,"enemies":"3 Darklings","floor":36,"turns":3},{"damage":1,"enemies":"Spire Growth","floor":37,"turns":4},{"damage":3,"enemies":"Giant Head","floor":40,"turns":8},{"damage":0,"enemies":"Sphere and 2 Shapes","floor":41,"turns":3},{"damage":6,"enemies":"Nemesis","floor":42,"turns":5},{"damage":0,"enemies":"Giant Head","floor":44,"turns":9},{"damage":0,"enemies":"Transient","floor":47,"turns":5},{"damage":3,"enemies":"Awakened One","floor":50,"turns":13},{"damage":27,"enemies":"Shield and Spear","floor":54,"turns":6},{"damage":56,"enemies":"The Heart","floor":55,"turns":13}],"seed_played":"-2903025135013451486","potions_obtained":[{"floor":2.0,"key":"Block Potion"},{"floor":7.0,"key":"PowerPotion"},{"floor":12.0,"key":"Dexterity Potion"},{"floor":13.0,"key":"SkillPotion"},{"floor":14.0,"key":"Strength Potion"},{"floor":18,"key":"Fire Potion"},{"floor":31,"key":"Regen Potion"},{"floor":33,"key":"Poison Potion"},{"floor":37,"key":"Weak Potion"},{"floor":38,"key":"GhostInAJar"},{"floor":42,"key":"GhostInAJar"}],"is_trial":false,"path_per_floor":["M","M","$","?","?","E","M","R","T","E","?","E","M","M","R","B",null,"M","?","$","?","M","E","R","E","T","R","E","M","R","M","R","B",null,"M","M","M","?","$","E","M","E","T","E","$","$","M","?","R","B",null,"R","$","E","B",null],"character_chosen":"THE_SILENT","items_purchased":["Noxious Fumes","Blade Dance","After Image","Escape Plan"],"campfire_rested":1,"item_purchase_floors":[3,39,45,45],"current_hp_per_floor":[70,70,70,70,70,70,69,69,69,65,65,47,47,47,47,31,70,70,70,70,70,70,66,66,49,49,49,49,49,49,49,49,60,70,67,62,61,61,61,58,58,52,52,52,52,52,52,52,52,67,70,70,70,43,12],"gold":97,"neow_bonus":"THREE_ENEMY_KILL","is_prod":false,"is_daily":false,"chose_seed":false,"campfire_upgraded":6,"win_rate":0,"timestamp":1555636666,"path_taken":["M","M","?","?","?","E","?","R","T","E","?","E","M","M","R","BOSS","M","?","$","?","M","E","R","E","T","R","E","M","R","M","R","BOSS","M","M","M","?","$","E","M","E","T","E","?","$","M","?","R","BOSS","R","$","E","BOSS"],"build_version":"2019-01-23","purchased_purges":2,"victory":true,"max_hp_per_floor":[70,70,70,70,70,70,70,70,70,70,70,70,70,70,70,70,70,70,70,70,70,70,70,70,70,70,70,70,70,70,70,70,70,70,70,70,70,70,70,70,70,70,70,70,70,70,70,70,70,70,70,70,70,70,70],"card_choices":[{"not_picked":["Cloak And Dagger","Prepared","Underhanded Strike"],"picked":"SKIP","floor":1.0},{"not_picked":["Eviscerate","Flying Knee"],"picked":"Noxious Fumes","floor":2.0},{"not_picked":["Concentrate","Night Terror","Well Laid Plans"],"picked":"SKIP","floor":6.0},{"not_picked":["Masterful Stab","Noxious Fumes","Underhanded Strike"],"picked":"SKIP","floor":7.0},{"not_picked":["Malaise","Deflect"],"picked":"Backflip","floor":10.0},{"not_picked":["Underhanded Strike","Dagger Throw"],"picked":"Dodge and Roll","floor":12.0},{"not_picked":["Crippling Poison","Bouncing Flask"],"picked":"Footwork","floor":13.0},{"not_picked":["Underhanded Strike","Poisoned Stab","Quick Slash"],"picked":"SKIP","floor":14.0},{"not_picked":["Die Die Die","Phantasmal Killer"],"picked":"Venomology","floor":16.0},{"not_picked":["Finisher"],"picked":"SKIP","floor":18},{"not_picked":["Prepared"],"picked":"SKIP","floor":22},{"not_picked":["Calculated Gamble"],"picked":"SKIP","floor":23},{"not_picked":[],"picked":"Acrobatics+1","floor":25},{"not_picked":[],"picked":"Flechettes","floor":28},{"not_picked":[],"picked":"Escape Plan","floor":29},{"not_picked":["Blade Dance+1"],"picked":"SKIP","floor":31},{"not_picked":[],"picked":"Corpse Explosion","floor":33},{"not_picked":["Cloak And Dagger"],"picked":"SKIP","floor":35},{"not_picked":["Cloak And Dagger"],"picked":"SKIP","floor":36},{"not_picked":["Deflect"],"picked":"SKIP","floor":37},{"not_picked":[],"picked":"Noxious Fumes+1","floor":40},{"not_picked":["Distraction"],"picked":"SKIP","floor":41},{"not_picked":[],"picked":"Dodge and Roll","floor":42},{"not_picked":[],"picked":"Bane+1","floor":44},{"not_picked":["All Out Attack+1"],"picked":"SKIP","floor":47},{"not_picked":[],"picked":"Backflip+1","floor":54}],"player_experience":201596,"relics_obtained":[{"floor":6.0,"key":"Bottled Flame"},{"floor":10.0,"key":"Kunai"},{"floor":12.0,"key":"Centennial Puzzle"},{"floor":23,"key":"Bag of Preparation"},{"floor":25,"key":"Pantograph"},{"floor":26,"key":"Snake Skull"},{"floor":28,"key":"Oddly Smooth Stone"},{"floor":40,"key":"Bag of Marbles"},{"floor":42,"key":"Molten Egg 2"},{"floor":43,"key":"Anchor"},{"floor":44,"key":"Juzu Bracelet"},{"floor":54,"key":"Dodecahedron"}],"event_choices":[{"damage_healed":0.0,"max_hp_gain":0.0,"max_hp_loss":0.0,"gold_gain":0.0,"event_name":"Liars Game","player_choice":"Ignored","floor":4.0,"gold_loss":0.0,"damage_taken":0.0},{"cards_removed":["Strike_G"],"damage_healed":0.0,"max_hp_gain":0.0,"max_hp_loss":0.0,"gold_gain":0.0,"event_name":"Purifier","player_choice":"Purged","floor":5.0,"gold_loss":0.0,"damage_taken":0.0},{"cards_removed":["Strike_G"],"damage_healed":0.0,"max_hp_gain":0.0,"max_hp_loss":0.0,"gold_gain":0.0,"event_name":"Living Wall","player_choice":"Forget","floor":11.0,"gold_loss":0.0,"damage_taken":0.0},{"damage_healed":0,"gold_gain":0,"player_choice":"Obtained Relic","damage_taken":0,"relics_obtained":["Boot"],"max_hp_gain":0,"max_hp_loss":0,"event_name":"Addict","floor":19,"gold_loss":85},{"cards_removed":["Strike_G"],"damage_healed":0,"gold_gain":0,"player_choice":"Gave Gold","damage_taken":0,"max_hp_gain":0,"max_hp_loss":0,"event_name":"Beggar","floor":21,"gold_loss":75},{"damage_healed":0,"gold_gain":0,"player_choice":"Got Potions","damage_taken":0,"max_hp_gain":0,"max_hp_loss":0,"event_name":"Lab","floor":38,"gold_loss":0},{"cards_removed":["Venomology"],"damage_healed":0,"gold_gain":0,"player_choice":"Removed Skill","damage_taken":0,"max_hp_gain":0,"max_hp_loss":0,"event_name":"Falling","floor":48,"gold_loss":0}],"is_beta":false,"boss_relics":[{"not_picked":["Empty Cage","Philosopher\u0027s Stone"],"picked":"Busted Crown"},{"not_picked":["Ring of the Serpent","Tiny House"],"picked":"Fusion Hammer"}],"items_purged_floors":[20,45],"is_endless":false,"potions_floor_spawned":[2,7,12,13,14,18,31,33,37,42,44],"ascension_level":3}