{"gold_per_floor":[117,127,138,153,105,105,122,142,142,142,152,102,130,150,150,245,245,262,282,115,132,132,166,166,182,209,31,45,56,56,68,68,170,170,186,205,44,44],"floor_reached":38,"playtime":3046,"items_purged":["Bane","Strike_G"],"score":454,"play_id":"b256a0d0-5fe3-4737-92a6-1912d93d274a","local_time":"20181019214240","is_ascension_mode":false,"campfire_choices":[{"data":"Cloak And Dagger","floor":6,"key":"SMITH"},{"floor":15,"key":"REST"},{"floor":24,"key":"REST"},{"floor":32,"key":"REST"}],"neow_cost":"NONE","seed_source_timestamp":289701263764276,"circlet_count":0,"master_deck":["Defend_G","Defend_G","Defend_G","Defend_G","Defend_G","Survivor","Neutralize","Footwork","Sucker Punch","Quick Slash","Cloak And Dagger+1","Backflip","Sucker Punch","Infinite Blades","Endless Agony","Blade Dance","Corpse Explosion","Sucker Punch+1","Cloak And Dagger+1","Accuracy","Dodge and Roll","Finisher","Accuracy","Footwork","Blur+1","Blade Dance","Underhanded Strike+1","Bite","Bite","Bite","Bite","Bite","Bullet Time","Flying Knee+1","Prepared+1","After Image","Parasite"],"relics":["Ring of the Snake","Ninja Scroll","Kunai","Black Star","Ancient Tea Set","Vajra","Bronze Scales","WristBlade"],"potions_floor_usage":[13,14,16,21,23,25,28,29,33,36],"damage_taken":[{"damage":0,"enemies":"Cultist","floor":1,"turns":4},{"damage":6,"enemies":"Jaw Worm","floor":2,"turns":5},{"damage":3,"enemies":"2 Louse","floor":3,"turns":4},{"damage":2,"enemies":"Looter","floor":4,"turns":4},{"damage":6,"enemies":"3 Louse","floor":7,"turns":4},{"damage":0,"enemies":"Red Slaver","floor":8,"turns":4},{"damage":0,"enemies":"Blue Slaver","floor":11,"turns":3},{"damage":21,"enemies":"3 Sentries","floor":13,"turns":7},{"damage":1,"enemies":"Exordium Thugs","floor":14,"turns":4},{"damage":25,"enemies":"Hexaghost","floor":16,"turns":14},{"damage":16,"enemies":"Spheric Guardian","floor":18,"turns":4},{"damage":10,"enemies":"Chosen","floor":19,"turns":5},{"damage":17,"enemies":"Sentry and Sphere","floor":21,"turns":4},{"damage":19,"enemies":"Book of Stabbing","floor":23,"turns":6},{"damage":10,"enemies":"Centurion and Healer","floor":25,"turns":3},{"damage":9,"enemies":"Snake Plant","floor":28,"turns":4},{"damage":0,"enemies":"Shelled Parasite and Fungi","floor":29,"turns":5},{"damage":2,"enemies":"Snecko","floor":31,"turns":4},{"damage":50,"enemies":"Automaton","floor":33,"turns":11},{"damage":22,"enemies":"3 Shapes","floor":35,"turns":5},{"damage":17,"enemies":"3 Darklings","floor":36,"turns":3},{"damage":44,"enemies":"Writhing Mass","floor":38,"turns":7}],"seed_played":"6729020569519953353","potions_obtained":[{"floor":1,"key":"GamblersBrew"},{"floor":3,"key":"AttackPotion"},{"floor":11,"key":"Ancient Potion"},{"floor":14,"key":"Energy Potion"},{"floor":19,"key":"AttackPotion"},{"floor":23,"key":"Energy Potion"},{"floor":25,"key":"Energy Potion"},{"floor":28,"key":"Block Potion"},{"floor":29,"key":"Strength Potion"},{"floor":35,"key":"GamblersBrew"}],"is_trial":false,"path_per_floor":["M","M","M","M","$","R","M","M","T","?","M","?","E","M","R","B",null,"M","M","$","M","?","E","R","M","T","$","M","M","?","M","R","B",null,"M","M","$"],"character_chosen":"THE_SILENT","items_purchased":["Cloak And Dagger","Accuracy","Dodge and Roll","Regen Potion","After Image"],"campfire_rested":3,"item_purchase_floors":[5,20,20,27,37],"current_hp_per_floor":[70,64,61,59,59,59,53,53,53,53,53,53,32,31,52,27,70,54,44,44,27,27,8,29,19,19,19,15,15,15,21,35,1,49,31,16,16,0],"gold":44,"neow_bonus":"RANDOM_COLORLESS","is_prod":false,"is_daily":false,"chose_seed":false,"campfire_upgraded":1,"win_rate":0,"timestamp":1539974560,"path_taken":["M","M","M","M","$","R","M","?","T","?","M","?","E","M","R","BOSS","M","M","$","M","?","E","R","M","T","?","M","?","?","M","R","BOSS","M","?","$","M"],"build_version":"2018-10-18","purchased_purges":2,"victory":false,"max_hp_per_floor":[70,70,70,70,70,70,70,70,70,70,70,70,70,70,70,70,70,70,70,70,70,70,70,70,70,70,70,70,70,49,49,49,49,49,49,49,49,49],"card_choices":[{"not_picked":["Deadly Poison","Acrobatics"],"picked":"Bane","floor":1},{"not_picked":["Acrobatics","Heel Hook"],"picked":"Footwork","floor":2},{"not_picked":["Doppelganger","Tactician"],"picked":"Sucker Punch","floor":3},{"not_picked":["Prepared","Dagger Spray"],"picked":"Quick Slash","floor":4},{"not_picked":["PiercingWail","Calculated Gamble"],"picked":"Backflip","floor":7},{"not_picked":["Masterful Stab","PiercingWail"],"picked":"Sucker Punch","floor":8},{"not_picked":["Quick Slash","Escape Plan"],"picked":"Infinite Blades","floor":11},{"not_picked":["Skewer","Underhanded Strike"],"picked":"Endless Agony","floor":13},{"not_picked":["Poisoned Stab","Caltrops"],"picked":"Blade Dance","floor":14},{"not_picked":["Night Terror","Unload"],"picked":"Corpse Explosion","floor":16},{"not_picked":["Bane","Leg Sweep"],"picked":"Sucker Punch+1","floor":18},{"not_picked":["Deadly Poison","Slice"],"picked":"Cloak And Dagger+1","floor":19},{"not_picked":["Underhanded Strike+1","Masterful Stab"],"picked":"Finisher","floor":21},{"not_picked":["Corpse Explosion","Cloak And Dagger"],"picked":"Footwork","floor":23},{"not_picked":["Deflect","Poisoned Stab"],"picked":"Blur+1","floor":25},{"not_picked":["Catalyst","Acrobatics"],"picked":"Blade Dance","floor":28},{"not_picked":["Caltrops","Cloak And Dagger"],"picked":"Underhanded Strike+1","floor":29},{"not_picked":["Setup","Footwork","Predator"],"picked":"SKIP","floor":31},{"not_picked":["Grand Finale","Glass Knife"],"picked":"Bullet Time","floor":33},{"not_picked":["Poisoned Stab+1","Reflex"],"picked":"Flying Knee+1","floor":35},{"not_picked":["Blade Dance+1","Deflect+1"],"picked":"Prepared+1","floor":36}],"player_experience":163834,"relics_obtained":[{"floor":9,"key":"Ninja Scroll"},{"floor":13,"key":"Kunai"},{"floor":23,"key":"Ancient Tea Set"},{"floor":23,"key":"Vajra"},{"floor":26,"key":"Bronze Scales"}],"event_choices":[{"damage_healed":0,"gold_gain":0,"cards_transformed":["Forethought"],"player_choice":"Transformed","damage_taken":0,"max_hp_gain":0,"max_hp_loss":0,"event_name":"Transmorgrifier","floor":10,"gold_loss":0,"cards_obtained":["Blind"]},{"cards_removed":["Blind"],"damage_healed":0,"gold_gain":0,"player_choice":"Card Removal","damage_taken":0,"max_hp_gain":0,"max_hp_loss":0,"event_name":"The Cleric","floor":12,"gold_loss":50},{"damage_healed":0,"gold_gain":0,"player_choice":"Copied","damage_taken":0,"max_hp_gain":0,"max_hp_loss":0,"event_name":"Duplicator","floor":22,"gold_loss":0,"cards_obtained":["Accuracy"]},{"damage_healed":0,"gold_gain":0,"player_choice":"Became a vampire","damage_taken":0,"max_hp_gain":0,"max_hp_loss":21,"event_name":"Vampires","floor":30,"gold_loss":0,"cards_obtained":["Bite","Bite","Bite","Bite","Bite"]}],"is_beta":false,"boss_relics":[{"not_picked":["Ring of the Serpent","HoveringKite"],"picked":"Black Star"},{"not_picked":["Runic Dome","Eternal Feather"],"picked":"WristBlade"}],"items_purged_floors":[20,27],"is_endless":false,"potions_floor_spawned":[1,3,11,14,19,23,25,28,29,35],"killed_by":"Writhing Mass","ascension_level":0}