{"gold_per_floor":[12,12,24,37,37,37,69,69,95,118,118,134,162,0,0,0],"floor_reached":16,"playtime":1237,"items_purged":["Strike_B"],"score":108,"play_id":"cb6190c2-9ea7-49b8-9375-043de09f21fc","local_time":"20190606220354","is_ascension_mode":false,"campfire_choices":[{"data":"Streamline","floor":6,"key":"SMITH"},{"data":"Genetic Algorithm","floor":8,"key":"SMITH"},{"data":"Loop","floor":11,"key":"SMITH"},{"data":"Loop","floor":15,"key":"SMITH"}],"neow_cost":"NO_GOLD","seed_source_timestamp":1891328140751800,"circlet_count":0,"master_deck":["Strike_B","Strike_B","Strike_B","Defend_B","Defend_B","Defend_B","Defend_B","Zap","Dualcast","Loop+1","Streamline+1","Redo","Genetic Algorithm+1","Defragment","Loop+1","Ball Lightning"],"relics":["Cracked Core","Incense Burner","Ancient Tea Set","Pen Nib","Vajra","Bag of Marbles","PreservedInsect"],"potions_floor_usage":[7],"damage_taken":[{"damage":1,"enemies":"Small Slimes","floor":1,"turns":3},{"damage":6,"enemies":"Jaw Worm","floor":3,"turns":4},{"damage":1,"enemies":"Cultist","floor":4,"turns":3},{"damage":12,"enemies":"3 Sentries","floor":7,"turns":5},{"damage":20,"enemies":"Gremlin Gang","floor":12,"turns":4},{"damage":8,"enemies":"Lagavulin","floor":13,"turns":7},{"damage":29,"enemies":"The Guardian","floor":16,"turns":7}],"seed_played":"1256743678389618138","potions_obtained":[{"floor":3,"key":"SkillPotion"},{"floor":4,"key":"Poison Potion"}],"is_trial":false,"path_per_floor":["M","?","M","M","?","R","E","R","T","T","R","M","E","$","R","B"],"character_chosen":"DEFECT","items_purchased":["Loop","Ball Lightning"],"campfire_rested":0,"item_purchase_floors":[14,14],"current_hp_per_floor":[74,71,65,64,64,64,52,52,52,52,52,32,24,24,24,0],"gold":0,"neow_bonus":"ONE_RARE_RELIC","is_prod":false,"is_daily":false,"chose_seed":false,"campfire_upgraded":4,"win_rate":0.0,"timestamp":1559873034,"path_taken":["M","?","M","M","?","R","E","R","T","?","R","M","E","?","R","BOSS"],"build_version":"2019-01-23","purchased_purges":1,"victory":false,"max_hp_per_floor":[75,75,75,75,75,75,75,75,75,75,75,75,75,75,75,75],"card_choices":[{"not_picked":["Barrage","Auto Shields"],"picked":"Loop","floor":1},{"not_picked":["Compile Driver","Darkness"],"picked":"Streamline","floor":3},{"not_picked":["Cold Snap","Coolheaded"],"picked":"Redo","floor":4},{"not_picked":["Auto Shields","Rip and Tear"],"picked":"Genetic Algorithm","floor":7},{"not_picked":["Lockon","Darkness","Undo"],"picked":"SKIP","floor":12},{"not_picked":["Self Repair","Chill"],"picked":"Defragment","floor":13}],"player_experience":1142758,"relics_obtained":[{"floor":7,"key":"Pen Nib"},{"floor":9,"key":"Vajra"},{"floor":10,"key":"Bag of Marbles"},{"floor":13,"key":"PreservedInsect"}],"event_choices":[{"damage_healed":0,"gold_gain":0,"player_choice":"Success","damage_taken":3,"relics_obtained":["Ancient Tea Set"],"max_hp_gain":0,"max_hp_loss":0,"event_name":"Scrap Ooze","floor":2,"gold_loss":0},{"damage_healed":0,"gold_gain":0,"player_choice":"Leave","damage_taken":0,"max_hp_gain":0,"max_hp_loss":0,"event_name":"The Cleric","floor":5,"gold_loss":0}],"is_beta":false,"boss_relics":[],"items_purged_floors":[14],"is_endless":false,"potions_floor_spawned":[3,4],"killed_by":"The Guardian","ascension_level":0}