{"gold_per_floor":[20,20,37,112,112,112,112,124,124,124,141,141,159,171,171,171],"floor_reached":16,"playtime":501,"items_purged":[],"score":184,"play_id":"2e853b4d-f137-49d6-bd65-fd39a64a4e81","local_time":"20190523082356","is_ascension_mode":true,"campfire_choices":[{"data":"Shockwave","floor":6,"key":"SMITH"},{"data":"Sever Soul","floor":10,"key":"SMITH"},{"floor":15,"key":"REST"}],"neow_cost":"NO_GOLD","seed_source_timestamp":1387771781819418,"circlet_count":0,"master_deck":["AscendersBane","Strike_R","Strike_R","Defend_R","Defend_R","Defend_R+1","Defend_R","Bash+1","Sever Soul+1","Power Through","Shrug It Off","Shockwave+1","Uppercut","True Grit+1","Disarm"],"relics":["Burning Blood","Gremlin Horn"],"potions_floor_usage":[16,16],"damage_taken":[{"damage":7,"enemies":"Jaw Worm","floor":1,"turns":3},{"damage":7,"enemies":"2 Louse","floor":3,"turns":2},{"damage":4,"enemies":"Small Slimes","floor":8,"turns":4},{"damage":8,"enemies":"Exordium Wildlife","floor":11,"turns":3},{"damage":0,"enemies":"Gremlin Gang","floor":13,"turns":5},{"damage":9,"enemies":"Blue Slaver","floor":14,"turns":3},{"damage":60,"enemies":"Slime Boss","floor":16,"turns":11}],"seed_played":"7476089759663763240","potions_obtained":[{"floor":11,"key":"SkillPotion"},{"floor":13,"key":"Poison Potion"},{"floor":14,"key":"BloodPotion"}],"is_trial":false,"path_per_floor":["M","?","M","?","$","R","?","M","T","R","M","?","M","M","R","B"],"character_chosen":"IRONCLAD","items_purchased":[],"campfire_rested":1,"item_purchase_floors":[],"current_hp_per_floor":[67,44,43,32,32,32,25,27,27,27,25,25,31,28,50,0],"gold":171,"neow_bonus":"TRANSFORM_TWO_CARDS","is_prod":false,"is_daily":false,"chose_seed":false,"campfire_upgraded":2,"win_rate":0,"timestamp":1558614236,"path_taken":["M","?","M","?","?","R","?","M","T","R","M","?","?","M","R","BOSS"],"build_version":"2019-01-23","purchased_purges":0,"victory":false,"max_hp_per_floor":[75,75,75,75,75,75,75,75,75,75,75,75,75,75,75,75],"card_choices":[{"not_picked":["Clothesline","Wild Strike"],"picked":"Shrug It Off","floor":1},{"not_picked":["Dropkick","Body Slam"],"picked":"Shockwave","floor":3},{"not_picked":["Sever Soul","Perfected Strike"],"picked":"Uppercut","floor":8},{"not_picked":["Second Wind","Havoc"],"picked":"True Grit","floor":11},{"not_picked":["Twin Strike","Flame Barrier","Iron Wave"],"picked":"SKIP","floor":13},{"not_picked":["Sword Boomerang","Uppercut"],"picked":"Disarm","floor":14}],"player_experience":485962,"relics_obtained":[{"floor":9,"key":"Gremlin Horn"}],"event_choices":[{"damage_healed":0,"gold_gain":0,"player_choice":"Entered Light","damage_taken":23,"max_hp_gain":0,"max_hp_loss":0,"event_name":"Shining Light","floor":2,"gold_loss":0,"cards_upgraded":["Bash","Defend_R"]},{"damage_healed":0,"gold_gain":75,"player_choice":"Gather Gold","damage_taken":11,"max_hp_gain":0,"max_hp_loss":0,"event_name":"World of Goop","floor":4,"gold_loss":0},{"cards_removed":["Strike_R"],"damage_healed":0,"gold_gain":0,"player_choice":"Card Removal","damage_taken":7,"max_hp_gain":0,"max_hp_loss":0,"event_name":"Golden Wing","floor":7,"gold_loss":0},{"damage_healed":0,"gold_gain":0,"player_choice":"Grow","damage_taken":0,"max_hp_gain":0,"max_hp_loss":0,"event_name":"Living Wall","floor":12,"gold_loss":0,"cards_upgraded":["True Grit"]}],"is_beta":false,"boss_relics":[],"items_purged_floors":[],"is_endless":false,"potions_floor_spawned":[11,13,14],"killed_by":"Slime Boss","ascension_level":20}