{"gold_per_floor":[111,121,137,148,164,164,198,214,289,299,310,310,1,176,176,276,276,295,89,89,89,89,89,117,117,117,137,151,151,171,184,184,184],"floor_reached":33,"playtime":2084,"items_purged":["Defend_G"],"score":296,"play_id":"23d183db-7ef2-44a6-959e-b6ae75e42aeb","local_time":"20190321190451","is_ascension_mode":false,"campfire_choices":[{"data":"Prepared","floor":6.0,"key":"SMITH"},{"floor":12.0,"key":"REST"},{"data":"Envenom","floor":15.0,"key":"SMITH"},{"data":"Envenom","floor":23.0,"key":"SMITH"},{"floor":25.0,"key":"REST"},{"floor":32,"key":"REST"}],"neow_cost":"PERCENT_DAMAGE","seed_source_timestamp":0,"circlet_count":0,"master_deck":["Defend_G","Defend_G","Defend_G","Defend_G","Strike_G","Strike_G","Strike_G","Strike_G","Strike_G","Survivor","Neutralize","Secret Weapon","Blind","Dagger Spray","Cloak And Dagger","Backflip","Tactician","Prepared+1","Predator","Envenom+1","Skewer","Crippling Poison","Accuracy","Doubt","Envenom+1","Footwork","Writhe","Backflip+1","Parasite","Distraction","Dagger Throw","Outmaneuver","Bandage Up","Leg Sweep","Skewer+1"],"special_seed":0,"relics":["Ring of the Snake","Bag of Marbles","Shuriken","Happy Flower","Cursed Key","ClockworkSouvenir","Juzu Bracelet","Nunchaku","Girya"],"potions_floor_usage":[33],"damage_taken":[{"damage":1.0,"enemies":"Cultist","floor":1.0,"turns":5.0},{"damage":1.0,"enemies":"2 Louse","floor":2.0,"turns":3.0},{"damage":0.0,"enemies":"Small Slimes","floor":3.0,"turns":3.0},{"damage":2.0,"enemies":"Exordium Thugs","floor":4.0,"turns":7.0},{"damage":1.0,"enemies":"2 Fungi Beasts","floor":5.0,"turns":4.0},{"damage":18.0,"enemies":"Lagavulin","floor":7.0,"turns":9.0},{"damage":1.0,"enemies":"Red Slaver","floor":8.0,"turns":4.0},{"damage":7.0,"enemies":"Looter","floor":10.0,"turns":4.0},{"damage":0.0,"enemies":"Large Slime","floor":11.0,"turns":4.0},{"damage":15.0,"enemies":"Hexaghost","floor":16.0,"turns":7.0},{"damage":18.0,"enemies":"Spheric Guardian","floor":18.0,"turns":5.0},{"damage":34.0,"enemies":"Gremlin Leader","floor":24.0,"turns":7.0},{"damage":2.0,"enemies":"3 Byrds","floor":27.0,"turns":3.0},{"damage":5.0,"enemies":"Snake Plant","floor":28.0,"turns":4.0},{"damage":13.0,"enemies":"Centurion and Healer","floor":30.0,"turns":7.0},{"damage":14,"enemies":"Cultist and Chosen","floor":31,"turns":5},{"damage":74,"enemies":"Collector","floor":33,"turns":7}],"seed_played":"-717655257293381568","potions_obtained":[{"floor":3.0,"key":"Poison Potion"},{"floor":4.0,"key":"Energy Potion"},{"floor":5.0,"key":"AttackPotion"},{"floor":11.0,"key":"Poison Potion"},{"floor":18.0,"key":"Fruit Juice"},{"floor":27.0,"key":"Ancient Potion"},{"floor":30,"key":"Poison Potion"}],"is_trial":false,"path_per_floor":["M","M","M","M","M","R","E","M","T","M","M","R","$","?","R","B",null,"M","$","?","?","?","R","E","R","T","M","M","?","M","M","R","B"],"character_chosen":"THE_SILENT","items_purchased":["Accuracy","Happy Flower","ClockworkSouvenir"],"campfire_rested":3,"item_purchase_floors":[13,13,19],"current_hp_per_floor":[48,47,47,45,44,44,26,25,25,18,18,39,39,39,39,24,70,52,52,39,39,64,64,35,59,59,57,52,52,43,33,57,0],"gold":184,"neow_bonus":"RANDOM_COLORLESS_2","is_prod":false,"is_daily":false,"chose_seed":false,"campfire_upgraded":3,"win_rate":0.0,"timestamp":1553209491,"path_taken":["M","M","M","M","M","R","E","M","T","M","M","R","$","?","R","BOSS","M","$","?","?","?","R","E","R","T","M","M","?","M","M","R","BOSS"],"build_version":"2019-01-23","purchased_purges":1,"victory":false,"max_hp_per_floor":[70,70,70,70,70,70,70,70,70,70,70,70,70,70,70,70,70,70,70,75,75,75,75,80,80,80,80,80,80,80,80,80,80],"card_choices":[{"not_picked":["Acrobatics","Expertise"],"picked":"Dagger Spray","floor":1.0},{"not_picked":["Dagger Throw","Predator"],"picked":"Cloak And Dagger","floor":2.0},{"not_picked":["PiercingWail","Dodge and Roll"],"picked":"Backflip","floor":3.0},{"not_picked":["Escape Plan","Backstab"],"picked":"Tactician","floor":4.0},{"not_picked":["Sucker Punch","Flying Knee"],"picked":"Prepared","floor":5.0},{"not_picked":["Blade Dance","All Out Attack"],"picked":"Predator","floor":7.0},{"not_picked":["Cloak And Dagger","Catalyst"],"picked":"Envenom","floor":8.0},{"not_picked":["PiercingWail","Backflip"],"picked":"Skewer","floor":10.0},{"not_picked":["PiercingWail","Skewer"],"picked":"Crippling Poison","floor":11.0},{"not_picked":["Venomology","Bullet Time"],"picked":"Envenom","floor":16.0},{"not_picked":["Backflip+1","Dodge and Roll"],"picked":"Footwork","floor":18.0},{"not_picked":["Eviscerate","Poisoned Stab"],"picked":"Backflip+1","floor":24.0},{"not_picked":["Outmaneuver","Acrobatics"],"picked":"Distraction","floor":27.0},{"not_picked":["Deflect+1","PiercingWail"],"picked":"Dagger Throw","floor":28.0},{"not_picked":["Dash","Night Terror"],"picked":"Skewer+1","floor":30},{"not_picked":["Cloak And Dagger","Dagger Throw","Dodge and Roll"],"picked":"SKIP","floor":31}],"player_experience":60003,"relics_obtained":[{"floor":7.0,"key":"Bag of Marbles"},{"floor":9.0,"key":"Shuriken"},{"floor":24.0,"key":"Nunchaku"},{"floor":26.0,"key":"Girya"}],"event_choices":[{"damage_healed":0.0,"max_hp_gain":0.0,"max_hp_loss":0.0,"gold_gain":175.0,"event_name":"Liars Game","player_choice":"AGREE","floor":14.0,"gold_loss":0.0,"damage_taken":0.0,"cards_obtained":["Doubt"]},{"damage_healed":0.0,"max_hp_gain":5.0,"max_hp_loss":0.0,"gold_gain":0.0,"event_name":"Forgotten Altar","player_choice":"Shed Blood","floor":20.0,"gold_loss":0.0,"damage_taken":18.0},{"damage_healed":0.0,"max_hp_gain":0.0,"max_hp_loss":0.0,"gold_gain":0.0,"event_name":"The Mausoleum","player_choice":"Opened","floor":21.0,"gold_loss":0.0,"damage_taken":0.0,"relics_obtained":["Juzu Bracelet"],"cards_obtained":["Writhe"]},{"damage_healed":25.0,"max_hp_gain":0.0,"max_hp_loss":0.0,"gold_gain":0.0,"event_name":"The Library","player_choice":"Heal","floor":22.0,"gold_loss":0.0,"damage_taken":0.0},{"damage_healed":0.0,"max_hp_gain":0.0,"max_hp_loss":0.0,"gold_gain":0.0,"event_name":"Match and Keep!","player_choice":"3 cards matched","floor":29.0,"gold_loss":0.0,"damage_taken":0.0,"cards_obtained":["Outmaneuver","Bandage Up","Leg Sweep"]}],"is_beta":false,"boss_relics":[{"not_picked":["Ring of the Serpent","Empty Cage"],"picked":"Cursed Key"}],"items_purged_floors":[13],"is_endless":false,"potions_floor_spawned":[3,4,5,11,18,27,30],"killed_by":"Collector","ascension_level":0}