{"gold_per_floor":[215,215,177,203,215,227,239,264,358,391,423,46,60,73,73,202,202,223,238,138,154,154,154,194,194,494,533,553,8,22,22],"floor_reached":31,"playtime":2401,"items_purged":["Strike_B","Strike_B"],"score":454,"play_id":"f4acc6ae-53c6-4cfd-9d86-1017aeb8e9b3","local_time":"20190524201556","is_ascension_mode":true,"campfire_choices":[{"data":"Zap","floor":6.0,"key":"SMITH"},{"data":"Coolheaded","floor":15,"key":"SMITH"},{"data":"Fission","floor":23,"key":"SMITH"},{"data":"Defend_B","floor":25,"key":"PURGE"}],"neow_cost":"NONE","seed_source_timestamp":353598779564696,"circlet_count":0,"master_deck":["AscendersBane","Defend_B","Defend_B","Zap+1","Dualcast","Cold Snap","Self Repair","Coolheaded+1","Coolheaded","Ball Lightning","Gash","Steam Power","Fission+1","Coolheaded","Gash+1","Turbo","Coolheaded","All For One","Defragment+1","Fission+1","Turbo","Go for the Eyes"],"special_seed":0,"relics":["Cracked Core","MawBank","Golden Idol","Cables","Ice Cream","Coffee Dripper","Peace Pipe","Old Coin","Blue Candle","DollysMirror","Mango"],"potions_floor_usage":[13,16,24,27,30,31],"damage_taken":[{"damage":7.0,"enemies":"Jaw Worm","floor":1.0,"turns":3.0},{"damage":0.0,"enemies":"Small Slimes","floor":4.0,"turns":2.0},{"damage":0.0,"enemies":"2 Louse","floor":8.0,"turns":3.0},{"damage":2.0,"enemies":"Looter","floor":10.0,"turns":4.0},{"damage":4,"enemies":"2 Fungi Beasts","floor":11,"turns":3},{"damage":10,"enemies":"Gremlin Gang","floor":13,"turns":3},{"damage":0,"enemies":"Exordium Wildlife","floor":14,"turns":5},{"damage":16,"enemies":"Slime Boss","floor":16,"turns":9},{"damage":2,"enemies":"Spheric Guardian","floor":18,"turns":5},{"damage":2,"enemies":"Chosen","floor":19,"turns":5},{"damage":12,"enemies":"Snake Plant","floor":21,"turns":4},{"damage":78,"enemies":"Slavers","floor":24,"turns":12},{"damage":5,"enemies":"Book of Stabbing","floor":27,"turns":6},{"damage":0,"enemies":"Sentry and Sphere","floor":28,"turns":3},{"damage":0,"enemies":"Centurion and Healer","floor":30,"turns":3},{"damage":42,"enemies":"Slavers","floor":31,"turns":3}],"seed_played":"-6980594432448342705","potions_obtained":[{"floor":4.0,"key":"Fire Potion"},{"floor":8.0,"key":"Strength Potion"},{"floor":11,"key":"Regen Potion"},{"floor":24,"key":"GamblersBrew"},{"floor":27,"key":"Explosive Potion"},{"floor":28,"key":"Fire Potion"},{"floor":30,"key":"Energy Potion"}],"is_trial":false,"path_per_floor":["M","?","?","M","?","R","?","M","T","M","M","$","M","M","R","B",null,"M","M","$","M","?","R","E","R","T","E","M","$","M","E"],"character_chosen":"DEFECT","items_purchased":["Ice Cream","Ball Lightning","DollysMirror","Mango","Turbo"],"campfire_rested":0,"item_purchase_floors":[12,12,29,29,29],"current_hp_per_floor":[61,49,49,49,49,49,49,49,49,54,57,57,54,61,61,52,65,69,69,69,64,64,64,8,8,8,10,17,31,38,0],"gold":22,"neow_bonus":"HUNDRED_GOLD","is_prod":false,"is_daily":false,"chose_seed":false,"campfire_upgraded":3,"win_rate":0,"timestamp":1558743356,"path_taken":["M","?","?","M","?","R","?","M","T","M","M","?","M","M","R","BOSS","M","M","$","M","?","R","E","R","T","E","M","$","?","E"],"build_version":"2019-01-23","purchased_purges":2,"victory":false,"max_hp_per_floor":[75,75,75,75,75,75,69,69,69,69,69,69,69,69,69,69,69,69,69,69,69,69,69,69,69,69,69,69,83,83,83],"card_choices":[{"not_picked":["Rebound","Barrage","Chaos"],"picked":"SKIP","floor":1.0},{"not_picked":["Turbo","Redo"],"picked":"Cold Snap","floor":4.0},{"not_picked":["Rebound","Hologram"],"picked":"Self Repair","floor":8.0},{"not_picked":["Streamline","Beam Cell"],"picked":"Coolheaded","floor":10.0},{"not_picked":["Steam","Storm"],"picked":"Coolheaded","floor":11},{"not_picked":["Consume","Static Discharge"],"picked":"Gash","floor":13},{"not_picked":["Steam","Leap"],"picked":"Steam Power","floor":14},{"not_picked":["Core Surge","Multi-Cast"],"picked":"Fission","floor":16},{"not_picked":["Leap","Rebound+1"],"picked":"Coolheaded","floor":18},{"not_picked":["Steam","Cold Snap"],"picked":"Gash+1","floor":19},{"not_picked":["Beam Cell","Auto Shields+1"],"picked":"Turbo","floor":21},{"not_picked":["Chaos","Turbo"],"picked":"Coolheaded","floor":24},{"not_picked":["Leap","Auto Shields+1"],"picked":"All For One","floor":27},{"not_picked":["Recycle","Sunder+1"],"picked":"Defragment+1","floor":28},{"not_picked":["Sweeping Beam+1","Beam Cell"],"picked":"Go for the Eyes","floor":30}],"player_experience":383387,"relics_obtained":[{"floor":9.0,"key":"Cables"},{"floor":24,"key":"Peace Pipe"},{"floor":26,"key":"Old Coin"},{"floor":27,"key":"Blue Candle"}],"event_choices":[{"damage_healed":0.0,"max_hp_gain":0.0,"max_hp_loss":0.0,"gold_gain":0.0,"event_name":"Scrap Ooze","player_choice":"Success","floor":2.0,"gold_loss":0.0,"damage_taken":12.0,"relics_obtained":["MawBank"]},{"cards_removed":["Strike_B"],"damage_healed":0.0,"max_hp_gain":0.0,"max_hp_loss":0.0,"gold_gain":0.0,"event_name":"The Cleric","player_choice":"Card Removal","floor":3.0,"gold_loss":50.0,"damage_taken":0.0},{"cards_removed":["Strike_B"],"damage_healed":0.0,"max_hp_gain":0.0,"max_hp_loss":0.0,"gold_gain":0.0,"event_name":"Living Wall","player_choice":"Forget","floor":5.0,"gold_loss":0.0,"damage_taken":0.0},{"damage_healed":0.0,"max_hp_gain":0.0,"max_hp_loss":6.0,"gold_gain":0.0,"event_name":"Golden Idol","player_choice":"Lose Max HP","floor":7.0,"gold_loss":0.0,"damage_taken":0.0,"relics_obtained":["Golden Idol"]},{"cards_removed":["Defend_B"],"damage_healed":0,"gold_gain":0,"player_choice":"Offered Basic","damage_taken":0,"max_hp_gain":0,"max_hp_loss":0,"event_name":"Bonfire Elementals","floor":22,"gold_loss":0}],"is_beta":false,"boss_relics":[{"not_picked":["Calling Bell","Pandora\u0027s Box"],"picked":"Coffee Dripper"}],"items_purged_floors":[12,20],"is_endless":false,"potions_floor_spawned":[4,8,11,24,27,28,30],"killed_by":"Slavers","ascension_level":10}