{"gold_per_floor":[110,122,136,150,166,200,200,231,231,231,243,270,445,456,456,456],"floor_reached":16,"playtime":1402,"items_purged":[],"score":155,"play_id":"3e21920c-d3a7-4a0c-a023-bdd573ebe99d","local_time":"20181107180915","is_ascension_mode":true,"campfire_choices":[{"data":"Body Slam","floor":7,"key":"SMITH"},{"floor":10,"key":"REST"},{"data":"Body Slam","floor":15,"key":"SMITH"}],"neow_cost":"NONE","seed_source_timestamp":70478771801580,"circlet_count":0,"master_deck":["Strike_R","Strike_R","Strike_R","Strike_R","Strike_R","Defend_R","Defend_R","Defend_R","Defend_R","Bash+1","Body Slam+1","Armaments","Shrug It Off","True Grit","Body Slam+1","Burning Pact","Flame Barrier","Doubt"],"relics":["Burning Blood","Anchor","Art of War","Oddly Smooth Stone","Smiling Mask"],"potions_floor_usage":[4,6,6,14,16],"damage_taken":[{"damage":1,"enemies":"Cultist","floor":1,"turns":3},{"damage":2,"enemies":"Jaw Worm","floor":2,"turns":3},{"damage":10,"enemies":"2 Louse","floor":3,"turns":3},{"damage":7,"enemies":"2 Fungi Beasts","floor":4,"turns":3},{"damage":8,"enemies":"3 Louse","floor":5,"turns":6},{"damage":32,"enemies":"Gremlin Nob","floor":6,"turns":6},{"damage":35,"enemies":"3 Sentries","floor":8,"turns":12},{"damage":3,"enemies":"Red Slaver","floor":11,"turns":4},{"damage":21,"enemies":"Gremlin Nob","floor":12,"turns":4},{"damage":0,"enemies":"Large Slime","floor":14,"turns":6},{"damage":46,"enemies":"Slime Boss","floor":16,"turns":10}],"seed_played":"-1468614027771948634","potions_obtained":[{"floor":1,"key":"Poison Potion"},{"floor":3,"key":"Block Potion"},{"floor":4,"key":"Block Potion"},{"floor":8,"key":"Explosive Potion"},{"floor":11,"key":"Ancient Potion"}],"is_trial":false,"path_per_floor":["M","M","M","M","M","E","R","E","T","R","M","E","?","M","R","B"],"character_chosen":"IRONCLAD","items_purchased":[],"campfire_rested":1,"item_purchase_floors":[],"current_hp_per_floor":[80,80,76,75,73,47,47,18,18,42,45,30,30,36,36,0],"gold":456,"neow_bonus":"UPGRADE_CARD","is_prod":false,"is_daily":false,"chose_seed":false,"campfire_upgraded":2,"win_rate":0,"timestamp":1541632155,"path_taken":["M","M","?","M","?","E","R","E","T","R","M","E","?","M","R","BOSS"],"build_version":"2018-11-01","purchased_purges":0,"victory":false,"max_hp_per_floor":[80,80,80,80,80,80,80,80,80,80,80,80,80,80,80,80],"card_choices":[{"not_picked":["Rage","Evolve","Rampage"],"picked":"SKIP","floor":1},{"not_picked":["Heavy Blade","Blood for Blood"],"picked":"Body Slam","floor":2},{"not_picked":["Carnage","Flex"],"picked":"Armaments","floor":3},{"not_picked":["Entrench","Sword Boomerang"],"picked":"Shrug It Off","floor":4},{"not_picked":["Armaments","Carnage"],"picked":"True Grit","floor":5},{"not_picked":["Warcry","Double Tap"],"picked":"Body Slam","floor":6},{"not_picked":["Clash","Rupture"],"picked":"Burning Pact","floor":8},{"not_picked":["Wild Strike","Searing Blow"],"picked":"Flame Barrier","floor":11},{"not_picked":["Sword Boomerang","Whirlwind","Hemokinesis"],"picked":"SKIP","floor":12},{"not_picked":["Perfected Strike","Pommel Strike","Headbutt"],"picked":"SKIP","floor":14}],"player_experience":236062,"relics_obtained":[{"floor":6,"key":"Anchor"},{"floor":8,"key":"Art of War"},{"floor":9,"key":"Oddly Smooth Stone"},{"floor":12,"key":"Smiling Mask"}],"event_choices":[{"damage_healed":0,"gold_gain":175,"player_choice":"AGREE","damage_taken":0,"max_hp_gain":0,"max_hp_loss":0,"event_name":"Liars Game","floor":13,"gold_loss":0,"cards_obtained":["Doubt"]}],"is_beta":false,"boss_relics":[],"items_purged_floors":[],"is_endless":false,"potions_floor_spawned":[1,3,4,8,11],"killed_by":"Slime Boss","ascension_level":5}