{"gold_per_floor":[117,65,65,65,86,127,127,140,163,188,222,222,263,301,301,425,425,445,468,468,448,73,113,125,137,149,161,189,215,227,260,272,284],"floor_reached":33,"playtime":3578,"items_purged":["Strike_B"],"score":496,"play_id":"d5587d20-b7f5-4cda-86d4-32ff9faf826f","local_time":"20190607164129","is_ascension_mode":true,"campfire_choices":[{"data":"Zap","floor":7,"key":"SMITH"},{"data":"Go for the Eyes","floor":15,"key":"SMITH"},{"data":"Fission","floor":24,"key":"SMITH"},{"floor":27,"key":"REST"},{"data":"Scrape","floor":30,"key":"SMITH"},{"floor":32,"key":"REST"}],"neow_cost":"NONE","seed_source_timestamp":798211971303556,"circlet_count":0,"master_deck":["AscendersBane","Strike_B","Defend_B","Defend_B","Defend_B","Defend_B","Zap+1","Dualcast","Go for the Eyes+1","Conserve Battery","Sunder","Echo Form","Compile Driver","Genetic Algorithm","Sweeping Beam","Ball Lightning","Machine Learning","Fission+1","BootSequence","Coolheaded","Scrape+1","Loop","Recycle","FTL","Steam"],"relics":["Cracked Core","NeowsBlessing","Golden Idol","Orichalcum","Omamori","Shovel","Blue Candle","Odd Mushroom","Orrery","Lantern","PreservedInsect","MawBank","Singing Bowl"],"potions_floor_usage":[11,19,23,25,29,29],"damage_taken":[{"damage":0,"enemies":"2 Louse","floor":1,"turns":1},{"damage":0,"enemies":"Small Slimes","floor":5,"turns":1},{"damage":0,"enemies":"3 Sentries","floor":6,"turns":1},{"damage":1,"enemies":"Cultist","floor":8,"turns":3},{"damage":0,"enemies":"2 Fungi Beasts","floor":10,"turns":3},{"damage":18,"enemies":"Gremlin Nob","floor":11,"turns":4},{"damage":14,"enemies":"3 Sentries","floor":13,"turns":5},{"damage":6,"enemies":"The Mushroom Lair","floor":14,"turns":3},{"damage":25,"enemies":"The Guardian","floor":16,"turns":11},{"damage":2,"enemies":"Chosen","floor":18,"turns":5},{"damage":3,"enemies":"3 Byrds","floor":19,"turns":3},{"damage":30,"enemies":"Book of Stabbing","floor":23,"turns":5},{"damage":0,"enemies":"Cultist and Chosen","floor":25,"turns":4},{"damage":13,"enemies":"Snake Plant","floor":28,"turns":4},{"damage":8,"enemies":"Shelled Parasite and Fungi","floor":29,"turns":5},{"damage":17,"enemies":"Centurion and Healer","floor":31,"turns":10},{"damage":44,"enemies":"Champ","floor":33,"turns":13}],"seed_played":"-5901476553278100954","potions_obtained":[{"floor":8,"key":"FearPotion"},{"floor":10,"key":"LiquidBronze"},{"floor":13,"key":"Ancient Potion"},{"floor":16,"key":"SmokeBomb"},{"floor":21,"key":"LiquidBronze"},{"floor":23,"key":"PowerPotion"},{"floor":28,"key":"SkillPotion"}],"is_trial":false,"path_per_floor":["M","$","?","?","M","E","R","M","T","M","E","?","E","?","R","B",null,"M","M","?","?","$","E","R","M","T","R","M","M","R","M","R","B"],"character_chosen":"DEFECT","items_purchased":["Conserve Battery","Lantern","PreservedInsect"],"campfire_rested":2,"item_purchase_floors":[2,22,22],"current_hp_per_floor":[68,68,68,68,68,68,68,67,67,67,49,54,40,34,34,9,58,56,53,53,53,53,23,23,23,23,45,34,28,28,11,34,0],"gold":284,"neow_bonus":"THREE_ENEMY_KILL","is_prod":false,"is_daily":false,"chose_seed":false,"campfire_upgraded":4,"win_rate":0,"timestamp":1559940089,"path_taken":["M","$","?","?","M","E","R","M","T","M","E","?","E","?","R","BOSS","M","M","?","?","$","E","R","M","T","R","?","M","R","M","R","BOSS"],"build_version":"2019-01-23","purchased_purges":1,"victory":false,"max_hp_per_floor":[75,75,69,69,69,69,69,69,69,69,69,74,74,74,74,74,74,74,74,74,74,74,74,74,74,74,74,76,78,78,78,78,78],"card_choices":[{"not_picked":["Compile Driver","Capacitor"],"picked":"Go for the Eyes","floor":1},{"not_picked":["Heatsinks","Rebound"],"picked":"Sunder","floor":5},{"not_picked":["Stack","Sweeping Beam"],"picked":"Echo Form","floor":6},{"not_picked":["Conserve Battery","Darkness"],"picked":"Compile Driver","floor":8},{"not_picked":["Go for the Eyes","Biased Cognition"],"picked":"Genetic Algorithm","floor":10},{"not_picked":["Fusion","Compile Driver"],"picked":"Sweeping Beam","floor":11},{"not_picked":["White Noise","Darkness","Redo"],"picked":"SKIP","floor":13},{"not_picked":["Streamline","Barrage"],"picked":"Ball Lightning","floor":14},{"not_picked":["Thunder Strike","Rainbow"],"picked":"Machine Learning","floor":16},{"not_picked":["Leap","Conserve Battery"],"picked":"Fission","floor":17},{"not_picked":["Rebound","Redo"],"picked":"BootSequence","floor":17},{"not_picked":["Ball Lightning","Cold Snap"],"picked":"Coolheaded","floor":17},{"not_picked":["Gash","Beam Cell"],"picked":"Scrape","floor":18},{"not_picked":["Coolheaded","Sweeping Beam","Streamline+1"],"picked":"SKIP","floor":19},{"not_picked":["Thunder Strike","Reprogram"],"picked":"FTL","floor":23},{"not_picked":["Ball Lightning","Consume","Sweeping Beam"],"picked":"Singing Bowl","floor":28},{"not_picked":["Compile Driver","Ball Lightning","Beam Cell"],"picked":"Singing Bowl","floor":29},{"not_picked":["Leap","Ball Lightning"],"picked":"Steam","floor":31}],"player_experience":581270,"relics_obtained":[{"floor":6,"key":"Orichalcum"},{"floor":9,"key":"Omamori"},{"floor":11,"key":"Shovel"},{"floor":13,"key":"Blue Candle"},{"floor":14,"key":"Odd Mushroom"},{"floor":23,"key":"MawBank"},{"floor":26,"key":"Singing Bowl"}],"event_choices":[{"damage_healed":0,"gold_gain":0,"player_choice":"Lose Max HP","damage_taken":0,"relics_obtained":["Golden Idol"],"max_hp_gain":0,"max_hp_loss":6,"event_name":"Golden Idol","floor":3,"gold_loss":0},{"damage_healed":0,"gold_gain":0,"player_choice":"Ignored","damage_taken":0,"max_hp_gain":0,"max_hp_loss":0,"event_name":"Liars Game","floor":4,"gold_loss":0},{"damage_healed":0,"gold_gain":0,"player_choice":"Donut","damage_taken":0,"max_hp_gain":5,"max_hp_loss":0,"event_name":"Big Fish","floor":12,"gold_loss":0},{"damage_healed":0,"gold_gain":0,"player_choice":"Fought Mushrooms","damage_taken":0,"max_hp_gain":0,"max_hp_loss":0,"event_name":"Mushrooms","floor":14,"gold_loss":0},{"damage_healed":0,"gold_gain":0,"cards_transformed":["Strike_B","Strike_B"],"player_choice":"Became Test Subject","damage_taken":0,"max_hp_gain":0,"max_hp_loss":0,"event_name":"Drug Dealer","floor":20,"gold_loss":0,"cards_obtained":["Loop","Recycle"]},{"damage_healed":0,"gold_gain":0,"player_choice":"Bought 1 Potion","damage_taken":0,"max_hp_gain":0,"max_hp_loss":0,"event_name":"The Woman in Blue","floor":21,"gold_loss":0}],"is_beta":false,"boss_relics":[{"not_picked":["Ectoplasm","White Beast Statue"],"picked":"Orrery"}],"items_purged_floors":[22],"is_endless":false,"potions_floor_spawned":[8,10,13,16,23,25,28],"killed_by":"Champ","ascension_level":12}