{"gold_per_floor":[110,120,195,145,145,171,189,189,214,52,66,66,76,89,89,194,194,211,211,222,50,62,62,81,81,106,106,57,68,82,82,82,82],"floor_reached":33,"playtime":4181,"items_purged":["Strike_R","Strike_R"],"score":274,"play_id":"df96afd8-b61d-4331-bb65-c0dee43f4a66","local_time":"20190524040756","is_ascension_mode":false,"campfire_choices":[{"floor":12,"key":"REST"},{"floor":15,"key":"REST"},{"data":"Iron Wave","floor":23,"key":"SMITH"},{"floor":32,"key":"REST"}],"neow_cost":"NONE","seed_source_timestamp":378484495116700,"circlet_count":0,"master_deck":["Defend_R","Defend_R","Defend_R","Defend_R+1","Bash","Searing Blow","Cleave","Iron Wave","Iron Wave+1","Battle Trance","Clothesline","Iron Wave+1","Flex+1","Anger","Limit Break","Clash","Pummel+1","Flex","Pommel Strike","Headbutt+1","Clash","Bite","Bite","Bite","Bite","Bite","Pommel Strike","Flame Barrier+1","Anger+1"],"relics":["Burning Blood","Self Forming Clay","Strawberry","Anchor","Sozu","CultistMask","Orichalcum","Happy Flower"],"potions_floor_usage":[18],"damage_taken":[{"damage":4,"enemies":"Cultist","floor":1,"turns":5},{"damage":0,"enemies":"Small Slimes","floor":2,"turns":3},{"damage":51,"enemies":"Lagavulin","floor":6,"turns":9},{"damage":6,"enemies":"Jaw Worm","floor":7,"turns":5},{"damage":13,"enemies":"2 Fungi Beasts","floor":11,"turns":3},{"damage":6,"enemies":"Exordium Wildlife","floor":13,"turns":4},{"damage":0,"enemies":"Looter","floor":14,"turns":4},{"damage":39,"enemies":"Slime Boss","floor":16,"turns":11},{"damage":0,"enemies":"Chosen","floor":18,"turns":4},{"damage":16,"enemies":"Shell Parasite","floor":20,"turns":5},{"damage":8,"enemies":"Snake Plant","floor":22,"turns":4},{"damage":23,"enemies":"Chosen and Byrds","floor":24,"turns":7},{"damage":23,"enemies":"Shelled Parasite and Fungi","floor":29,"turns":5},{"damage":5,"enemies":"Centurion and Healer","floor":30,"turns":5},{"damage":64,"enemies":"Automaton","floor":33,"turns":6}],"seed_played":"3676851814481257512","potions_obtained":[{"floor":1,"key":"AttackPotion"},{"floor":6,"key":"PowerPotion"},{"floor":11,"key":"SteroidPotion"}],"is_trial":false,"path_per_floor":["M","M","?","?","T","E","M","?","T","$","M","R","M","M","R","B",null,"M","?","M","$","M","R","M","?","T","?","$","M","M","T","R","B"],"character_chosen":"IRONCLAD","items_purchased":["Battle Trance","Clothesline","Flex","Pommel Strike","Pommel Strike"],"campfire_rested":3,"item_purchase_floors":[10,10,21,21,28],"current_hp_per_floor":[80,80,69,69,69,31,31,31,31,31,24,50,50,56,82,49,87,87,87,77,77,75,75,58,58,58,58,58,47,58,58,60,0],"gold":82,"neow_bonus":"UPGRADE_CARD","is_prod":false,"is_daily":false,"chose_seed":false,"campfire_upgraded":1,"win_rate":0.0,"timestamp":1558685276,"path_taken":["M","M","?","?","?","E","M","?","T","$","M","R","?","M","R","BOSS","M","?","M","$","M","R","?","?","T","?","$","M","?","?","R","BOSS"],"build_version":"2019-01-23","purchased_purges":2,"victory":false,"max_hp_per_floor":[80,80,80,80,80,87,87,87,87,87,87,87,87,87,87,87,87,87,87,87,87,87,87,87,60,60,60,60,60,60,60,60,60],"card_choices":[{"not_picked":["Feel No Pain","Seeing Red"],"picked":"Searing Blow","floor":1},{"not_picked":["Clothesline","Second Wind"],"picked":"Cleave","floor":2},{"not_picked":["Berserk","Thunderclap"],"picked":"Iron Wave","floor":6},{"not_picked":["Shrug It Off","Whirlwind"],"picked":"Iron Wave","floor":7},{"not_picked":["Shrug It Off","Searing Blow"],"picked":"Iron Wave","floor":11},{"not_picked":["Twin Strike","Brutality"],"picked":"Flex","floor":13},{"not_picked":["Armaments","Second Wind"],"picked":"Anger","floor":14},{"not_picked":["Brutality","Feed"],"picked":"Limit Break","floor":16},{"not_picked":["Body Slam","Headbutt+1"],"picked":"Clash","floor":18},{"not_picked":["Twin Strike","Body Slam+1"],"picked":"Pummel+1","floor":20},{"not_picked":["Double Tap","Shockwave+1"],"picked":"Headbutt+1","floor":22},{"not_picked":["Intimidate+1","Spot Weakness+1"],"picked":"Clash","floor":24},{"not_picked":["Body Slam+1","Flex"],"picked":"Flame Barrier+1","floor":29},{"not_picked":["Thunderclap+1","Metallicize+1"],"picked":"Anger+1","floor":30}],"player_experience":28613,"relics_obtained":[{"floor":5,"key":"Self Forming Clay"},{"floor":6,"key":"Strawberry"},{"floor":9,"key":"Anchor"},{"floor":26,"key":"Orichalcum"},{"floor":31,"key":"Happy Flower"}],"event_choices":[{"damage_healed":0,"gold_gain":75,"player_choice":"Gather Gold","damage_taken":11,"max_hp_gain":0,"max_hp_loss":0,"event_name":"World of Goop","floor":3,"gold_loss":0},{"cards_removed":["Strike_R"],"damage_healed":0,"gold_gain":0,"player_choice":"Card Removal","damage_taken":0,"max_hp_gain":0,"max_hp_loss":0,"event_name":"The Cleric","floor":4,"gold_loss":50},{"damage_healed":0,"gold_gain":0,"player_choice":"Grow","damage_taken":0,"max_hp_gain":0,"max_hp_loss":0,"event_name":"Living Wall","floor":8,"gold_loss":0,"cards_upgraded":["Iron Wave"]},{"damage_healed":0,"gold_gain":0,"player_choice":"Trade","damage_taken":0,"relics_obtained":["CultistMask"],"max_hp_gain":0,"max_hp_loss":0,"event_name":"FaceTrader","floor":19,"gold_loss":0},{"damage_healed":0,"gold_gain":0,"player_choice":"Became a vampire","damage_taken":0,"max_hp_gain":0,"max_hp_loss":27,"event_name":"Vampires","floor":25,"gold_loss":0,"cards_obtained":["Bite","Bite","Bite","Bite","Bite"]},{"damage_healed":0,"gold_gain":0,"player_choice":"Forge","damage_taken":0,"max_hp_gain":0,"max_hp_loss":0,"event_name":"Accursed Blacksmith","floor":27,"gold_loss":0,"cards_upgraded":["Flex"]}],"is_beta":false,"boss_relics":[{"not_picked":["Black Blood","Black Star"],"picked":"Sozu"}],"items_purged_floors":[10,21],"is_endless":false,"potions_floor_spawned":[1,6,11,16,22,24],"killed_by":"Automaton","ascension_level":0}