{"gold_per_floor":[19,94,94,94,111,111,136,136,136,148,177,177,19,51,51,51],"floor_reached":16,"playtime":673,"items_purged":[],"score":151,"play_id":"bc9e701d-1d13-4d8a-928a-4e3ef52541f6","local_time":"20190428175310","is_ascension_mode":true,"campfire_choices":[{"data":"Go for the Eyes","floor":6,"key":"SMITH"},{"data":"Strike_B","floor":8,"key":"PURGE"},{"floor":12,"key":"REST"},{"data":"Loop","floor":15,"key":"SMITH"}],"neow_cost":"NO_GOLD","seed_source_timestamp":636380617081480,"circlet_count":0,"master_deck":["Strike_B","Strike_B","Defend_B","Defend_B","Defend_B","Defend_B","Zap","Dualcast","Go for the Eyes+1","Gash","Self Repair","Hologram","Glacier","Loop+1"],"relics":["Cracked Core","Peace Pipe","Blue Candle","Singing Bowl","Pen Nib","Ginger"],"potions_floor_usage":[7,14],"damage_taken":[{"damage":9,"enemies":"2 Louse","floor":1,"turns":3},{"damage":1,"enemies":"Small Slimes","floor":5,"turns":2},{"damage":15,"enemies":"Lagavulin","floor":7,"turns":6},{"damage":0,"enemies":"Cultist","floor":10,"turns":3},{"damage":38,"enemies":"Gremlin Nob","floor":11,"turns":5},{"damage":10,"enemies":"3 Sentries","floor":14,"turns":13},{"damage":37,"enemies":"Hexaghost","floor":16,"turns":14}],"seed_played":"4375980011584401955","potions_obtained":[{"floor":5,"key":"Strength Potion"},{"floor":7,"key":"FairyPotion"}],"is_trial":false,"path_per_floor":["M","?","?","?","M","R","E","R","T","M","E","R","$","E","R","B"],"character_chosen":"DEFECT","items_purchased":["Glacier","Loop","PowerPotion"],"campfire_rested":1,"item_purchase_floors":[13,13,13],"current_hp_per_floor":[59,48,41,41,40,40,25,25,25,25,14,36,36,35,35,0],"gold":51,"neow_bonus":"ONE_RARE_RELIC","is_prod":false,"is_daily":false,"chose_seed":false,"campfire_upgraded":2,"win_rate":0,"timestamp":1556488390,"path_taken":["M","?","?","?","?","R","E","R","T","M","E","R","?","E","R","BOSS"],"build_version":"2019-01-23","purchased_purges":0,"victory":false,"max_hp_per_floor":[75,75,75,75,75,75,75,75,75,75,75,75,75,77,77,77],"card_choices":[{"not_picked":["Cold Snap","Rebound"],"picked":"Go for the Eyes","floor":1},{"not_picked":["Streamline","Redo"],"picked":"Gash","floor":5},{"not_picked":["Rainbow","Streamline","Beam Cell"],"picked":"SKIP","floor":7},{"not_picked":["Coolheaded","Gash"],"picked":"Self Repair","floor":10},{"not_picked":["Conserve Battery","Meteor Strike"],"picked":"Hologram","floor":11},{"not_picked":["Sweeping Beam","Aggregate","Streamline"],"picked":"Singing Bowl","floor":14}],"player_experience":335770,"relics_obtained":[{"floor":7,"key":"Blue Candle"},{"floor":9,"key":"Singing Bowl"},{"floor":11,"key":"Pen Nib"},{"floor":14,"key":"Ginger"}],"event_choices":[{"damage_healed":0,"gold_gain":75,"player_choice":"Gather Gold","damage_taken":11,"max_hp_gain":0,"max_hp_loss":0,"event_name":"World of Goop","floor":2,"gold_loss":0},{"cards_removed":["Strike_B"],"damage_healed":0,"gold_gain":0,"player_choice":"Card Removal","damage_taken":7,"max_hp_gain":0,"max_hp_loss":0,"event_name":"Golden Wing","floor":3,"gold_loss":0},{"damage_healed":0,"gold_gain":0,"player_choice":"0 cards matched","damage_taken":0,"max_hp_gain":0,"max_hp_loss":0,"event_name":"Match and Keep!","floor":4,"gold_loss":0,"cards_obtained":[]}],"is_beta":false,"boss_relics":[],"items_purged_floors":[],"is_endless":false,"potions_floor_spawned":[5,7],"killed_by":"Hexaghost","ascension_level":6}