{"gold_per_floor":[362,372,372,372,383,383,12,12,12,12,46,56,69,85,85,181,181,194,194,211,230,49,75,75,94,94,94,122,122,122,133,133,228,228,240,253,75,175,185,212,212,246,246,257,257,257,289,306,306,306],"floor_reached":51,"playtime":6854,"items_purged":["Strike_B","Strike_B","Shame"],"score":1321,"play_id":"9c3adcf4-5048-4152-a32a-dfa62aeceefb","local_time":"20190609211151","is_ascension_mode":true,"campfire_choices":[{"data":"Zap","floor":6,"key":"SMITH"},{"data":"Defragment","floor":8,"key":"SMITH"},{"data":"Beam Cell","floor":10,"key":"SMITH"},{"data":"Coolheaded","floor":15,"key":"SMITH"},{"data":"Consume","floor":27,"key":"SMITH"},{"data":"Self Repair","floor":30,"key":"SMITH"},{"data":"Capacitor","floor":32,"key":"SMITH"},{"data":"Strike_B","floor":45,"key":"PURGE"},{"data":"Seek","floor":49,"key":"SMITH"}],"neow_cost":"PERCENT_DAMAGE","seed_source_timestamp":883717703585038,"circlet_count":0,"master_deck":["AscendersBane","Strike_B","Defend_B","Defend_B","Defend_B","Defend_B","Zap+1","Dualcast","Beam Cell+1","Leap","Coolheaded+1","Defragment+1","Compile Driver","Glacier","Seek+1","Coolheaded","Consume+1","Compile Driver","Coolheaded","Capacitor+1","Steam","Self Repair+1","Darkness","Glacier+1","Ball Lightning","Seek+1","Go for the Eyes+1","Tempest","FTL+1","Leap+1","Machine Learning"],"relics":["Cracked Core","Pear","Runic Capacitor","Kunai","Coffee Dripper","Meat on the Bone","Happy Flower","Orichalcum","Boot","Black Star","Peace Pipe","Art of War","Calipers","Pantograph","Bottled Lightning","Nunchaku","Turnip","Bag of Marbles","Sundial"],"potions_floor_usage":[12,16,23,25,28,33,50,50],"damage_taken":[{"damage":7,"enemies":"Jaw Worm","floor":1,"turns":4},{"damage":0,"enemies":"2 Louse","floor":2,"turns":3},{"damage":0,"enemies":"Cultist","floor":5,"turns":3},{"damage":13,"enemies":"3 Sentries","floor":11,"turns":7},{"damage":4,"enemies":"Red Slaver","floor":12,"turns":2},{"damage":0,"enemies":"Large Slime","floor":13,"turns":5},{"damage":0,"enemies":"2 Fungi Beasts","floor":14,"turns":4},{"damage":0,"enemies":"The Guardian","floor":16,"turns":9},{"damage":0,"enemies":"Chosen","floor":18,"turns":6},{"damage":0,"enemies":"Shell Parasite","floor":20,"turns":7},{"damage":19,"enemies":"Snake Plant","floor":21,"turns":5},{"damage":43,"enemies":"Gremlin Leader","floor":23,"turns":10},{"damage":5,"enemies":"Centurion and Healer","floor":25,"turns":9},{"damage":27,"enemies":"Slavers","floor":28,"turns":11},{"damage":0,"enemies":"Snecko","floor":31,"turns":4},{"damage":27,"enemies":"Collector","floor":33,"turns":11},{"damage":37,"enemies":"3 Darklings","floor":35,"turns":12},{"damage":0,"enemies":"3 Shapes","floor":36,"turns":6},{"damage":0,"enemies":"Mind Bloom Boss Battle","floor":38,"turns":7},{"damage":3,"enemies":"Jaw Worm Horde","floor":39,"turns":7},{"damage":0,"enemies":"Giant Head","floor":40,"turns":11},{"damage":10,"enemies":"Nemesis","floor":42,"turns":10},{"damage":1,"enemies":"3 Darklings","floor":44,"turns":6},{"damage":0,"enemies":"Giant Head","floor":47,"turns":9},{"damage":10,"enemies":"4 Shapes","floor":48,"turns":7},{"damage":2,"enemies":"Awakened One","floor":50,"turns":15}],"seed_played":"-6545235600232011697","potions_obtained":[{"floor":1,"key":"Regen Potion"},{"floor":13,"key":"AttackPotion"},{"floor":14,"key":"AttackPotion"},{"floor":16,"key":"FairyPotion"},{"floor":21,"key":"Regen Potion"},{"floor":23,"key":"EssenceOfSteel"},{"floor":28,"key":"Dexterity Potion"},{"floor":31,"key":"Energy Potion"},{"floor":36,"key":"AttackPotion"},{"floor":44,"key":"Strength Potion"},{"floor":48,"key":"LiquidBronze"}],"is_trial":false,"path_per_floor":["M","M","?","?","M","R","$","R","T","R","E","M","M","M","R","B",null,"M","?","M","M","$","E","?","M","T","R","E","?","R","M","R","B",null,"M","M","$","?","M","E","?","E","T","M","R","T","E","M","R","B",null],"character_chosen":"DEFECT","items_purchased":["Runic Capacitor","Defragment","Compile Driver","Capacitor","Ball Lightning"],"campfire_rested":0,"item_purchase_floors":[7,7,7,22,37],"current_hp_per_floor":[43,43,53,53,53,53,53,53,53,53,40,41,41,41,41,41,74,74,74,74,55,55,27,27,34,34,34,26,26,26,48,48,43,75,60,70,70,80,85,85,85,85,85,85,85,85,85,85,85,85],"gold":306,"neow_bonus":"TWO_FIFTY_GOLD","is_prod":false,"is_daily":false,"chose_seed":false,"campfire_upgraded":8,"win_rate":0,"timestamp":1560129111,"path_taken":["M","M","?","?","M","R","$","R","T","R","E","M","M","?","R","BOSS","M","?","M","M","$","E","?","M","T","R","E","?","R","?","R","BOSS","M","M","$","?","M","E","?","E","T","M","R","?","E","M","R","BOSS"],"build_version":"2019-01-23","purchased_purges":3,"victory":true,"max_hp_per_floor":[75,75,85,85,85,85,85,85,85,85,85,85,85,85,85,85,85,85,85,85,85,85,85,85,85,85,85,85,85,85,85,85,85,85,85,85,85,85,85,85,85,85,85,85,85,85,85,85,85,85],"card_choices":[{"not_picked":["Steam Power","Stack"],"picked":"Beam Cell","floor":1},{"not_picked":["White Noise","Beam Cell"],"picked":"Leap","floor":2},{"not_picked":["FTL","Barrage"],"picked":"Coolheaded","floor":5},{"not_picked":["Gash","Streamline"],"picked":"Glacier","floor":11},{"not_picked":["Double Energy","Darkness","Reinforced Body"],"picked":"SKIP","floor":12},{"not_picked":["Reinforced Body","Darkness"],"picked":"Seek","floor":13},{"not_picked":["Doom and Gloom","Turbo"],"picked":"Coolheaded","floor":14},{"not_picked":["Gash","Double Energy","Doom and Gloom"],"picked":"SKIP","floor":18},{"not_picked":["Leap+1","Beam Cell"],"picked":"Compile Driver","floor":20},{"not_picked":["Lockon","Redo+1"],"picked":"Coolheaded","floor":21},{"not_picked":["Auto Shields","Barrage"],"picked":"Steam","floor":23},{"not_picked":["Hyperbeam","Ball Lightning"],"picked":"Self Repair","floor":25},{"not_picked":["Leap","Rebound","Reprogram"],"picked":"SKIP","floor":28},{"not_picked":["Storm","Compile Driver"],"picked":"Darkness","floor":31},{"not_picked":["Barrage","Hologram"],"picked":"Glacier+1","floor":35},{"not_picked":["Gash+1","Barrage+1","Sweeping Beam+1"],"picked":"SKIP","floor":36},{"not_picked":["Rebound","Ball Lightning"],"picked":"Seek","floor":38},{"not_picked":["Turbo+1","Stack"],"picked":"Go for the Eyes+1","floor":39},{"not_picked":["Genetic Algorithm","Redo"],"picked":"Tempest","floor":40},{"not_picked":["Cold Snap","Barrage"],"picked":"FTL+1","floor":42},{"not_picked":["Hologram+1","Stack"],"picked":"Leap+1","floor":44},{"not_picked":["Steam","Hologram","Rebound"],"picked":"SKIP","floor":47},{"not_picked":["Storm+1","Turbo+1"],"picked":"Machine Learning","floor":48}],"player_experience":437913,"relics_obtained":[{"floor":11,"key":"Kunai"},{"floor":23,"key":"Meat on the Bone"},{"floor":26,"key":"Orichalcum"},{"floor":28,"key":"Boot"},{"floor":38,"key":"Peace Pipe"},{"floor":40,"key":"Art of War"},{"floor":40,"key":"Calipers"},{"floor":42,"key":"Pantograph"},{"floor":42,"key":"Bottled Lightning"},{"floor":43,"key":"Nunchaku"},{"floor":46,"key":"Turnip"},{"floor":47,"key":"Bag of Marbles"},{"floor":47,"key":"Sundial"}],"event_choices":[{"damage_healed":0,"gold_gain":0,"player_choice":"Box","damage_taken":0,"relics_obtained":["Pear"],"max_hp_gain":0,"max_hp_loss":0,"event_name":"Big Fish","floor":3,"gold_loss":0,"cards_obtained":["Regret"]},{"cards_removed":["Regret"],"damage_healed":0,"gold_gain":0,"player_choice":"Purged","damage_taken":0,"max_hp_gain":0,"max_hp_loss":0,"event_name":"Purifier","floor":4,"gold_loss":0},{"damage_healed":0,"gold_gain":0,"player_choice":"Read","damage_taken":0,"max_hp_gain":0,"max_hp_loss":0,"event_name":"The Library","floor":19,"gold_loss":0,"cards_obtained":["Consume"]},{"damage_healed":0,"gold_gain":0,"player_choice":"Stole Relic","damage_taken":0,"relics_obtained":["Happy Flower"],"max_hp_gain":0,"max_hp_loss":0,"event_name":"Addict","floor":24,"gold_loss":0,"cards_obtained":["Shame"]},{"damage_healed":0,"gold_gain":0,"player_choice":"Upgraded","damage_taken":0,"max_hp_gain":0,"max_hp_loss":0,"event_name":"Upgrade Shrine","floor":29,"gold_loss":0,"cards_upgraded":["Seek"]},{"damage_healed":0,"gold_gain":0,"player_choice":"Fight","damage_taken":0,"max_hp_gain":0,"max_hp_loss":0,"event_name":"MindBloom","floor":38,"gold_loss":0},{"damage_healed":0,"gold_gain":0,"player_choice":"Memory 1","damage_taken":0,"max_hp_gain":0,"max_hp_loss":0,"event_name":"SensoryStone","floor":41,"gold_loss":0}],"is_beta":false,"boss_relics":[{"not_picked":["Fusion Hammer","Velvet Choker"],"picked":"Coffee Dripper"},{"not_picked":["Sozu","Orrery"],"picked":"Black Star"}],"items_purged_floors":[7,22,37],"is_endless":false,"potions_floor_spawned":[1,13,14,16,21,23,28,31,36,39,44,48],"ascension_level":11}