{"gold_per_floor":[115,115,125,138,153,180,180,215,215,140,140,173,203,220,220,291,291,303,315,315,331,35,35,35,35,114,147,147,176,226,226,226,297,297,307,307,319,319,331,361,361,88,88,88,88,106,137,137,137,137,137,137,137,34,64,64],"floor_reached":57,"playtime":4897,"items_purged":["Strike_B","Rebound"],"score":2978,"play_id":"b47480a8-6811-48e2-a93d-2f24f6f4d2e8","local_time":"20190604173945","is_ascension_mode":true,"campfire_choices":[{"data":"Fission","floor":7.0,"key":"SMITH"},{"floor":11.0,"key":"REST"},{"data":"Go for the Eyes","floor":15.0,"key":"SMITH"},{"data":"Defragment","floor":23.0,"key":"SMITH"},{"data":"Ghostly","floor":25.0,"key":"SMITH"},{"data":"Ghostly","floor":28.0,"key":"SMITH"},{"data":"Capacitor","floor":32.0,"key":"SMITH"},{"floor":41.0,"key":"RECALL"},{"data":"Capacitor","floor":45.0,"key":"SMITH"},{"floor":49.0,"key":"REST"},{"data":"Static Discharge","floor":53.0,"key":"SMITH"}],"neow_cost":"NONE","seed_source_timestamp":517596726783874,"circlet_count":0,"master_deck":["AscendersBane","Zap","Dualcast","Rebound","Rip and Tear+1","Fission+1","Conserve Battery","Sweeping Beam+1","Glacier","Ball Lightning","Biased Cognition","Compile Driver","Sweeping Beam","Glacier","Defragment+1","Capacitor+1","Darkness","Conserve Battery+1","Turbo","Ghostly+1","Ghostly+1","Ghostly+1","Static Discharge+1","Consume+1","Fission+1","Coolheaded+1","Self Repair+1","Capacitor+1","Stack+1","Capacitor","Skim+1","Defragment+1","Panacea+1","Heatsinks+1"],"special_seed":0,"relics":["Cracked Core","Pen Nib","FossilizedHelix","StoneCalendar","Kunai","Regal Pillow","Pandora\u0027s Box","MutagenicStrength","DollysMirror","Mummified Hand","Toxic Egg 2","Bottled Tornado","Whetstone","Sozu","Pocketwatch","DataDisk","Smiling Mask","Dead Branch"],"potions_floor_usage":[],"damage_taken":[{"damage":9.0,"enemies":"Jaw Worm","floor":1.0,"turns":3.0},{"damage":1.0,"enemies":"Cultist","floor":3.0,"turns":3.0},{"damage":1.0,"enemies":"Small Slimes","floor":4.0,"turns":3.0},{"damage":12.0,"enemies":"2 Fungi Beasts","floor":5.0,"turns":2.0},{"damage":15.0,"enemies":"Lagavulin","floor":6.0,"turns":6.0},{"damage":18.0,"enemies":"3 Sentries","floor":8.0,"turns":7.0},{"damage":0.0,"enemies":"Gremlin Nob","floor":12.0,"turns":3.0},{"damage":0.0,"enemies":"Large Slime","floor":14.0,"turns":4.0},{"damage":5.0,"enemies":"The Guardian","floor":16.0,"turns":10.0},{"damage":13.0,"enemies":"2 Thieves","floor":18.0,"turns":3.0},{"damage":6.0,"enemies":"3 Byrds","floor":19.0,"turns":5.0},{"damage":0.0,"enemies":"Snecko","floor":21.0,"turns":5.0},{"damage":0.0,"enemies":"Gremlin Leader","floor":27.0,"turns":7.0},{"damage":0.0,"enemies":"Slavers","floor":29.0,"turns":6.0},{"damage":0.0,"enemies":"Automaton","floor":33.0,"turns":12.0},{"damage":21.0,"enemies":"3 Darklings","floor":35.0,"turns":6.0},{"damage":0.0,"enemies":"Orb Walker","floor":37.0,"turns":2.0},{"damage":0.0,"enemies":"Transient","floor":39.0,"turns":6.0},{"damage":0.0,"enemies":"Nemesis","floor":40.0,"turns":9.0},{"damage":1.0,"enemies":"4 Shapes","floor":46.0,"turns":5.0},{"damage":18.0,"enemies":"Reptomancer","floor":47.0,"turns":7.0},{"damage":22.0,"enemies":"Awakened One","floor":50.0,"turns":20.0},{"damage":12.0,"enemies":"Donu and Deca","floor":51.0,"turns":12.0},{"damage":8.0,"enemies":"Shield and Spear","floor":55.0,"turns":8.0},{"damage":25,"enemies":"The Heart","floor":56,"turns":10}],"seed_played":"4890180603105307816","potions_obtained":[{"floor":1.0,"key":"Strength Potion"},{"floor":2.0,"key":"FocusPotion"},{"floor":8.0,"key":"Dexterity Potion"},{"floor":18.0,"key":"Regen Potion"},{"floor":29.0,"key":"Swift Potion"}],"is_trial":false,"path_per_floor":["M","?","M","M","M","E","R","E","T","$","R","E","?","M","R","B",null,"M","M","?","M","$","R","?","R","T","E","R","E","T","?","R","B",null,"M","?","M","?","M","E","R","$","T","?","R","M","E","?","R","B","B",null,"R","$","E","B",null],"character_chosen":"DEFECT","items_purchased":["DollysMirror","LiquidBronze","Capacitor","Skim+1","Panacea+1"],"campfire_rested":2,"item_purchase_floors":[22,22,42,42,54],"current_hp_per_floor":[55,55,54,53,41,26,26,8,8,8,29,29,29,29,29,24,59,46,54,54,54,54,54,35,35,35,35,35,35,35,35,35,35,35,14,14,14,14,24,34,34,34,34,45,45,45,37,37,43,31,29,40,40,40,42,27],"gold":64,"neow_bonus":"RANDOM_COMMON_RELIC","is_prod":false,"is_daily":false,"chose_seed":false,"campfire_upgraded":8,"win_rate":0,"timestamp":1559695185,"path_taken":["M","?","M","?","M","E","R","E","T","$","R","E","?","M","R","BOSS","M","M","?","M","$","R","?","R","T","E","R","E","?","?","R","BOSS","M","?","M","?","M","E","R","$","T","?","R","?","E","?","R","BOSS","BOSS","R","$","E","BOSS"],"build_version":"2019-06-02","purchased_purges":2,"victory":true,"max_hp_per_floor":[71,71,71,71,71,71,71,71,71,71,71,71,71,71,71,71,71,71,71,71,71,71,71,35,35,35,35,35,35,35,35,35,35,35,35,35,35,35,35,35,35,35,35,45,45,45,45,43,43,43,43,43,43,43,43,43],"card_choices":[{"not_picked":["Reinforced Body","Stack"],"picked":"Go for the Eyes","floor":1.0},{"not_picked":["Leap","Redo"],"picked":"Rebound","floor":3.0},{"not_picked":["Sweeping Beam","Beam Cell"],"picked":"Rip and Tear","floor":4.0},{"not_picked":["Sunder","Hologram"],"picked":"Fission","floor":5.0},{"not_picked":["Double Energy","Melter"],"picked":"Conserve Battery","floor":6.0},{"not_picked":["Fusion","Barrage"],"picked":"Sweeping Beam","floor":8.0},{"not_picked":["Turbo","Redo"],"picked":"Glacier","floor":12.0},{"not_picked":["Beam Cell","Auto Shields"],"picked":"Ball Lightning","floor":14.0},{"not_picked":["Hyperbeam","Meteor Strike"],"picked":"Biased Cognition","floor":16.0},{"not_picked":["Coolheaded","Ball Lightning"],"picked":"Conserve Battery+1","floor":18.0},{"not_picked":["Rebound","Go for the Eyes"],"picked":"Turbo","floor":19.0},{"not_picked":["Gash+1","Hello World","Go for the Eyes"],"picked":"SKIP","floor":21.0},{"not_picked":["Tempest","Self Repair"],"picked":"Static Discharge","floor":27.0},{"not_picked":["Stack+1","Gash"],"picked":"Consume+1","floor":29.0},{"not_picked":["Rainbow+1","Buffer"],"picked":"Fission+1","floor":33.0},{"not_picked":["Go for the Eyes","Stack+1"],"picked":"Coolheaded+1","floor":35.0},{"not_picked":["Steam+1","Beam Cell+1"],"picked":"Self Repair+1","floor":37.0},{"not_picked":["Conserve Battery+1","Streamline+1"],"picked":"Capacitor","floor":39.0},{"not_picked":["Leap+1","Reboot+1"],"picked":"Stack+1","floor":40.0},{"not_picked":["Skim+1","Hello World"],"picked":"Defragment+1","floor":46.0},{"not_picked":["Melter","Heatsinks+1","Capacitor"],"picked":"SKIP","floor":47.0},{"not_picked":["Compile Driver","Genetic Algorithm+1"],"picked":"Heatsinks+1","floor":55.0}],"player_experience":1610573,"relics_obtained":[{"floor":6.0,"key":"FossilizedHelix"},{"floor":8.0,"key":"StoneCalendar"},{"floor":12.0,"key":"Kunai"},{"floor":26.0,"key":"Mummified Hand"},{"floor":27.0,"key":"Toxic Egg 2"},{"floor":29.0,"key":"Bottled Tornado"},{"floor":30.0,"key":"Whetstone"},{"floor":40.0,"key":"Pocketwatch"},{"floor":43.0,"key":"DataDisk"},{"floor":47.0,"key":"Smiling Mask"},{"floor":55.0,"key":"Dead Branch"}],"event_choices":[{"damage_healed":0.0,"max_hp_gain":0.0,"max_hp_loss":0.0,"gold_gain":0.0,"event_name":"Lab","player_choice":"Got Potions","floor":2.0,"gold_loss":0.0,"damage_taken":0.0},{"damage_healed":0.0,"max_hp_gain":0.0,"max_hp_loss":0.0,"gold_gain":30.0,"event_name":"Dead Adventurer","player_choice":"Searched \u00272\u0027 times","floor":13.0,"gold_loss":0.0,"damage_taken":0.0,"relics_obtained":["Regal Pillow"]},{"damage_healed":0.0,"max_hp_gain":0.0,"max_hp_loss":0.0,"gold_gain":0.0,"event_name":"Drug Dealer","player_choice":"Inject Mutagens","floor":20.0,"gold_loss":0.0,"damage_taken":0.0,"relics_obtained":["MutagenicStrength"]},{"damage_healed":0.0,"max_hp_gain":0.0,"max_hp_loss":36.0,"gold_gain":0.0,"event_name":"Ghosts","player_choice":"Became a Ghost","floor":24.0,"gold_loss":0.0,"damage_taken":0.0,"cards_obtained":["Ghostly","Ghostly","Ghostly"]},{"damage_healed":0.0,"max_hp_gain":0.0,"max_hp_loss":0.0,"gold_gain":0.0,"event_name":"Upgrade Shrine","player_choice":"Upgraded","floor":31.0,"gold_loss":0.0,"damage_taken":0.0,"cards_upgraded":["Ghostly"]},{"cards_removed":["Go for the Eyes"],"damage_healed":0.0,"max_hp_gain":0.0,"max_hp_loss":0.0,"gold_gain":0.0,"event_name":"Falling","player_choice":"Removed Attack","floor":36.0,"gold_loss":0.0,"damage_taken":0.0},{"damage_healed":0.0,"max_hp_gain":0.0,"max_hp_loss":0.0,"gold_gain":0.0,"event_name":"The Moai Head","player_choice":"Ignored","floor":38.0,"gold_loss":0.0,"damage_taken":0.0},{"cards_removed":["Fission"],"damage_healed":1.0,"max_hp_gain":10.0,"max_hp_loss":0.0,"gold_gain":0.0,"event_name":"Bonfire Elementals","player_choice":"Offered Rare","floor":44.0,"gold_loss":0.0,"damage_taken":0.0},{"damage_healed":0.0,"max_hp_gain":0.0,"max_hp_loss":2.0,"gold_gain":0.0,"event_name":"Winding Halls","player_choice":"Max HP","floor":48.0,"gold_loss":0.0,"damage_taken":0.0}],"is_beta":true,"boss_relics":[{"not_picked":["Eternal Feather","Inserter"],"picked":"Pandora\u0027s Box"},{"not_picked":["Busted Crown","FrozenCore"],"picked":"Sozu"}],"items_purged_floors":[10,42],"is_endless":false,"potions_floor_spawned":[1,5,8,14,18,29,37,39,47],"ascension_level":20}