{"gold_per_floor":[119,131,56,70,89,123,123,137,162,162,173,190,190,190,190,190],"floor_reached":16,"playtime":923,"items_purged":["Regret"],"score":176,"play_id":"6af58e53-fae6-499c-af38-55befcf25d32","local_time":"20190609115119","is_ascension_mode":true,"campfire_choices":[{"data":"Bash","floor":7,"key":"SMITH"},{"data":"Pummel","floor":10,"key":"SMITH"},{"floor":15,"key":"REST"}],"neow_cost":"CURSE","seed_source_timestamp":856030318150153,"circlet_count":0,"master_deck":["Strike_R","Strike_R","Strike_R","Strike_R","Defend_R","Defend_R","Defend_R","Defend_R","Bash+1","Disarm","Clash","Pommel Strike","Pummel+1","Inflame"],"relics":["Burning Blood","Blood Vial"],"potions_floor_usage":[6,6,6],"damage_taken":[{"damage":22,"enemies":"Jaw Worm","floor":1,"turns":6},{"damage":6,"enemies":"Small Slimes","floor":2,"turns":4},{"damage":3,"enemies":"Cultist","floor":4,"turns":4},{"damage":19,"enemies":"Red Slaver","floor":5,"turns":4},{"damage":22,"enemies":"Lagavulin","floor":6,"turns":8},{"damage":12,"enemies":"Blue Slaver","floor":8,"turns":3},{"damage":12,"enemies":"3 Louse","floor":11,"turns":4},{"damage":7,"enemies":"Looter","floor":12,"turns":3},{"damage":53,"enemies":"The Guardian","floor":16,"turns":10}],"seed_played":"2558184890356112872","potions_obtained":[{"floor":1,"key":"Dexterity Potion"},{"floor":4,"key":"SkillPotion"},{"floor":5,"key":"Dexterity Potion"},{"floor":8,"key":"SpeedPotion"}],"is_trial":false,"path_per_floor":["M","M","$","M","M","E","R","M","T","R","M","M","?","?","R","B"],"character_chosen":"IRONCLAD","items_purchased":[],"campfire_rested":1,"item_purchase_floors":[],"current_hp_per_floor":[72,72,72,75,62,46,46,42,42,42,38,39,32,23,51,0],"gold":190,"neow_bonus":"TWENTY_PERCENT_HP_BONUS","is_prod":false,"is_daily":false,"chose_seed":false,"campfire_upgraded":2,"win_rate":0,"timestamp":1560095479,"path_taken":["M","M","$","M","M","E","R","M","T","R","M","M","?","?","R","BOSS"],"build_version":"2019-01-23","purchased_purges":1,"victory":false,"max_hp_per_floor":[96,96,96,96,96,96,96,96,96,96,96,96,96,96,96,96],"card_choices":[{"not_picked":["True Grit","Headbutt"],"picked":"Disarm","floor":1},{"not_picked":["Armaments","Perfected Strike","Sever Soul"],"picked":"SKIP","floor":2},{"not_picked":["Wild Strike","Thunderclap","Anger"],"picked":"SKIP","floor":4},{"not_picked":["Flex","Body Slam"],"picked":"Clash","floor":5},{"not_picked":["Perfected Strike","Intimidate"],"picked":"Pommel Strike","floor":6},{"not_picked":["Iron Wave","Clash"],"picked":"Pummel","floor":8},{"not_picked":["Clash","Intimidate"],"picked":"Inflame","floor":11},{"not_picked":["Thunderclap","Wild Strike","Carnage"],"picked":"SKIP","floor":12}],"player_experience":416676,"relics_obtained":[{"floor":6,"key":"Blood Vial"}],"event_choices":[{"cards_removed":["Strike_R"],"damage_healed":0,"gold_gain":0,"player_choice":"Card Removal","damage_taken":7,"max_hp_gain":0,"max_hp_loss":0,"event_name":"Golden Wing","floor":13,"gold_loss":0},{"damage_healed":0,"gold_gain":0,"player_choice":"Damaged","damage_taken":9,"max_hp_gain":0,"max_hp_loss":0,"event_name":"Wheel of Change","floor":14,"gold_loss":0}],"is_beta":false,"boss_relics":[],"items_purged_floors":[3],"is_endless":false,"potions_floor_spawned":[1,4,5,8],"killed_by":"The Guardian","ascension_level":9}