{"gold_per_floor":[116,291,302,313,313,331,351,371,371,42,67,67,67,81,81,206,206,231,146,146,146,161,161,176,176,229,267,10,29,29,43,43,167,167,183,183,204,227,247,247,265,265,290,305,344,344,114,129,129,129],"floor_reached":50,"playtime":2835,"items_purged":["Strike_B"],"score":498,"play_id":"2e06de56-a978-4179-b61f-aa27f44f12bd","local_time":"20190320213729","is_ascension_mode":false,"campfire_choices":[{"data":"Storm","floor":13.0,"key":"SMITH"},{"floor":15.0,"key":"REST"},{"data":"Rainbow","floor":23.0,"key":"SMITH"},{"data":"Buffer","floor":25.0,"key":"SMITH"},{"floor":30.0,"key":"REST"},{"floor":32.0,"key":"REST"},{"data":"Coolheaded","floor":40,"key":"SMITH"},{"floor":42,"key":"REST"},{"data":"Sunder","floor":46,"key":"SMITH"},{"data":"Machine Learning","floor":49,"key":"SMITH"}],"neow_cost":"NONE","seed_source_timestamp":0,"circlet_count":0,"master_deck":["Strike_B","Strike_B","Strike_B","Defend_B","Defend_B","Defend_B+1","Defend_B","Zap+1","Dualcast","Melter","Cold Snap","Cold Snap","Storm+1","Ball Lightning","Conserve Battery","Compile Driver","Sunder+1","Buffer+1","Coolheaded+1","Rainbow+1","Hologram+1","FTL+1","White Noise+1","Static Discharge","Secret Technique","Compile Driver+1","Static Discharge","Electrodynamics","White Noise","Storm+1","Barrage","Machine Learning+1"],"special_seed":0,"relics":["Cracked Core","Pen Nib","Bird Faced Urn","Bottled Lightning","Nunchaku","Golden Idol","Nuclear Battery","StoneCalendar","Bag of Preparation","Pantograph","Inserter","Bottled Flame","Boot","War Paint","Vajra"],"potions_floor_usage":[50,50,50],"damage_taken":[{"damage":3.0,"enemies":"Jaw Worm","floor":1.0,"turns":4.0},{"damage":2.0,"enemies":"Small Slimes","floor":3.0,"turns":3.0},{"damage":0.0,"enemies":"2 Louse","floor":4.0,"turns":3.0},{"damage":0.0,"enemies":"Large Slime","floor":6.0,"turns":3.0},{"damage":7.0,"enemies":"Red Slaver","floor":7.0,"turns":3.0},{"damage":1.0,"enemies":"Exordium Thugs","floor":8.0,"turns":3.0},{"damage":16.0,"enemies":"Lagavulin","floor":11.0,"turns":4.0},{"damage":8.0,"enemies":"Exordium Wildlife","floor":14.0,"turns":2.0},{"damage":19.0,"enemies":"Slime Boss","floor":16.0,"turns":11.0},{"damage":13.0,"enemies":"3 Byrds","floor":18.0,"turns":5.0},{"damage":0.0,"enemies":"Spheric Guardian","floor":22.0,"turns":2.0},{"damage":16.0,"enemies":"Snake Plant","floor":24.0,"turns":3.0},{"damage":42.0,"enemies":"Book of Stabbing","floor":27.0,"turns":6.0},{"damage":6.0,"enemies":"Centurion and Healer","floor":29.0,"turns":5.0},{"damage":0.0,"enemies":"Cultist and Chosen","floor":31.0,"turns":4.0},{"damage":63.0,"enemies":"Collector","floor":33.0,"turns":8.0},{"damage":22,"enemies":"3 Darklings","floor":35,"turns":4},{"damage":11,"enemies":"3 Shapes","floor":37,"turns":2},{"damage":18,"enemies":"3 Darklings","floor":38,"turns":3},{"damage":20,"enemies":"Spire Growth","floor":39,"turns":3},{"damage":0,"enemies":"Sphere and 2 Shapes","floor":41,"turns":3},{"damage":1,"enemies":"4 Shapes","floor":44,"turns":5},{"damage":16,"enemies":"Reptomancer","floor":45,"turns":5},{"damage":0,"enemies":"Transient","floor":48,"turns":5},{"damage":118,"enemies":"Awakened One","floor":50,"turns":7}],"seed_played":"2561935607727992540","potions_obtained":[{"floor":1.0,"key":"GamblersBrew"},{"floor":8.0,"key":"LiquidBronze"},{"floor":11.0,"key":"EssenceOfSteel"},{"floor":14.0,"key":"Explosive Potion"},{"floor":24.0,"key":"Dexterity Potion"},{"floor":27.0,"key":"SpeedPotion"},{"floor":29.0,"key":"LiquidBronze"},{"floor":37,"key":"Poison Potion"},{"floor":38,"key":"FocusPotion"},{"floor":45,"key":"AttackPotion"}],"is_trial":false,"path_per_floor":["M","?","M","M","?","M","M","M","T","$","E","?","R","M","R","B",null,"M","?","?","?","M","R","M","R","T","E","$","M","R","M","R","B",null,"M","T","M","M","M","R","M","R","T","M","E","R","$","M","R","B"],"character_chosen":"DEFECT","items_purchased":["Bottled Lightning","Compile Driver","Sunder","Static Discharge","Secret Technique","Vajra"],"campfire_rested":4,"item_purchase_floors":[10,10,10,28,28,47],"current_hp_per_floor":[72,72,70,70,70,70,63,62,62,62,48,30,30,24,46,31,75,62,62,62,62,64,64,50,50,50,12,12,14,36,46,68,16,75,57,57,56,50,40,40,50,72,72,75,69,69,69,75,75,0],"gold":129,"neow_bonus":"RANDOM_COMMON_RELIC","is_prod":false,"is_daily":false,"chose_seed":false,"campfire_upgraded":6,"win_rate":0,"timestamp":1553132249,"path_taken":["M","?","M","M","?","M","M","M","T","$","E","?","R","M","R","BOSS","M","?","?","?","M","R","M","R","T","E","$","M","R","M","R","BOSS","M","?","M","M","M","R","M","R","T","M","E","R","$","M","R","BOSS"],"build_version":"2019-01-23","purchased_purges":1,"victory":false,"max_hp_per_floor":[75,75,75,75,75,75,75,75,75,75,75,75,75,75,75,75,75,75,75,75,75,75,75,75,75,75,75,75,75,75,75,75,75,75,75,75,75,75,75,75,75,75,75,75,75,75,75,75,75,75],"card_choices":[{"not_picked":["Scrape","Redo"],"picked":"Melter","floor":1.0},{"not_picked":["Redo","Streamline"],"picked":"Cold Snap","floor":3.0},{"not_picked":["Streamline","Conserve Battery"],"picked":"Cold Snap","floor":4.0},{"not_picked":["Stack","Lockon"],"picked":"Storm","floor":6.0},{"not_picked":["Hologram","Streamline"],"picked":"Ball Lightning","floor":7.0},{"not_picked":["Go for the Eyes","Stack"],"picked":"Conserve Battery","floor":8.0},{"not_picked":["Streamline","Leap"],"picked":"Buffer","floor":11.0},{"not_picked":["Hologram","Steam"],"picked":"Coolheaded","floor":14.0},{"not_picked":["Fission","Multi-Cast"],"picked":"Rainbow","floor":16.0},{"not_picked":["Blizzard+1","Streamline+1"],"picked":"Hologram+1","floor":18.0},{"not_picked":["Streamline","Reinforced Body+1","Stack+1"],"picked":"SKIP","floor":22.0},{"not_picked":["Hologram","Melter+1"],"picked":"FTL+1","floor":24.0},{"not_picked":["Gash","Melter"],"picked":"White Noise","floor":27.0},{"not_picked":["Streamline","Stack"],"picked":"Compile Driver+1","floor":29.0},{"not_picked":["Sweeping Beam","Rainbow"],"picked":"Static Discharge","floor":31.0},{"not_picked":["Rainbow","Machine Learning"],"picked":"Electrodynamics","floor":33.0},{"not_picked":["Redo+1","Chaos"],"picked":"White Noise","floor":35},{"not_picked":["Hologram","Reprogram"],"picked":"Storm+1","floor":37},{"not_picked":["Beam Cell+1","Cold Snap+1"],"picked":"Barrage","floor":38},{"not_picked":["Redo+1","Melter","Loop+1"],"picked":"SKIP","floor":39},{"not_picked":["Streamline","Auto Shields+1","Leap"],"picked":"SKIP","floor":41},{"not_picked":["Ball Lightning","Beam Cell"],"picked":"Machine Learning","floor":44},{"not_picked":["Barrage","Cold Snap+1","Streamline"],"picked":"SKIP","floor":45},{"not_picked":["Streamline","Ball Lightning","Turbo"],"picked":"SKIP","floor":48}],"player_experience":57168,"relics_obtained":[{"floor":9.0,"key":"Bird Faced Urn"},{"floor":11.0,"key":"Nunchaku"},{"floor":26.0,"key":"Bag of Preparation"},{"floor":27.0,"key":"Pantograph"},{"floor":36,"key":"Bottled Flame"},{"floor":43,"key":"Boot"},{"floor":45,"key":"War Paint"}],"event_choices":[{"damage_healed":0.0,"max_hp_gain":0.0,"max_hp_loss":0.0,"gold_gain":175.0,"event_name":"Liars Game","player_choice":"AGREE","floor":2.0,"gold_loss":0.0,"damage_taken":0.0,"cards_obtained":["Doubt"]},{"damage_healed":0.0,"max_hp_gain":0.0,"max_hp_loss":0.0,"gold_gain":0.0,"event_name":"Living Wall","player_choice":"Grow","floor":5.0,"gold_loss":0.0,"damage_taken":0.0,"cards_upgraded":["Zap"]},{"damage_healed":0.0,"max_hp_gain":0.0,"max_hp_loss":0.0,"gold_gain":0.0,"event_name":"Golden Idol","player_choice":"Take Damage","floor":12.0,"gold_loss":0.0,"damage_taken":18.0,"relics_obtained":["Golden Idol"]},{"damage_healed":0.0,"max_hp_gain":0.0,"max_hp_loss":0.0,"gold_gain":0.0,"event_name":"Addict","player_choice":"Obtained Relic","floor":19.0,"gold_loss":85.0,"damage_taken":0.0,"relics_obtained":["StoneCalendar"]},{"damage_healed":0.0,"max_hp_gain":0.0,"max_hp_loss":0.0,"gold_gain":0.0,"event_name":"Vampires","player_choice":"Ignored","floor":20.0,"gold_loss":0.0,"damage_taken":0.0},{"cards_removed":["Doubt"],"damage_healed":0.0,"max_hp_gain":0.0,"max_hp_loss":0.0,"gold_gain":0.0,"event_name":"Purifier","player_choice":"Purged","floor":21.0,"gold_loss":0.0,"damage_taken":0.0}],"is_beta":false,"boss_relics":[{"not_picked":["Runic Pyramid","Coffee Dripper"],"picked":"Nuclear Battery"},{"not_picked":["Orrery","Eternal Feather"],"picked":"Inserter"}],"items_purged_floors":[47],"is_endless":false,"potions_floor_spawned":[1,8,11,14,24,27,29,37,38,39,45],"killed_by":"Awakened One","ascension_level":0}