{"gold_per_floor":[111,124,73,73,88,123,133,133,133,146,209,209,56,74,74,170,170,184,195,215,215],"floor_reached":21,"playtime":2766,"items_purged":[],"score":208,"play_id":"a2be9d75-44ab-4728-9e3e-abc86e4232c2","local_time":"20181013225012","is_ascension_mode":false,"campfire_choices":[{"data":"Zap","floor":8,"key":"SMITH"},{"data":"Defend_B","floor":12,"key":"SMITH"},{"floor":15,"key":"REST"}],"neow_cost":"NONE","seed_source_timestamp":22775952348269,"circlet_count":0,"master_deck":["Strike_B","Strike_B","Strike_B","Strike_B","Defend_B","Defend_B","Defend_B","Defend_B+1","Zap+1","Dualcast","Self Repair","Turbo","Cold Snap","Glacier","Self Repair","Steam","Loop","Go for the Eyes","Electrodynamics","Double Energy","Chaos","Conserve Battery"],"relics":["Runic Pyramid","Strawberry","Gremlin Horn","Mango","Oddly Smooth Stone","White Beast Statue"],"potions_floor_usage":[11,18,20,21,21,21,21,21,21],"damage_taken":[{"damage":3,"enemies":"Cultist","floor":1,"turns":5},{"damage":3,"enemies":"Jaw Worm","floor":2,"turns":4},{"damage":6,"enemies":"2 Louse","floor":5,"turns":3},{"damage":47,"enemies":"Gremlin Nob","floor":6,"turns":5},{"damage":12,"enemies":"Exordium Wildlife","floor":7,"turns":8},{"damage":10,"enemies":"Looter","floor":10,"turns":4},{"damage":17,"enemies":"Gremlin Nob","floor":11,"turns":6},{"damage":2,"enemies":"3 Louse","floor":14,"turns":5},{"damage":71,"enemies":"Hexaghost","floor":16,"turns":19},{"damage":5,"enemies":"Chosen","floor":18,"turns":6},{"damage":28,"enemies":"2 Thieves","floor":19,"turns":4},{"damage":25,"enemies":"Snake Plant","floor":20,"turns":5},{"damage":23,"enemies":"Colosseum Slavers","floor":21,"turns":5},{"damage":89,"enemies":"Colosseum Nobs","floor":21,"turns":4}],"seed_played":"3149248932173808730","potions_obtained":[{"floor":1,"key":"Poison Potion"},{"floor":6,"key":"FearPotion"},{"floor":11,"key":"SteroidPotion"},{"floor":16,"key":"EntropicBrew"},{"floor":18,"key":"Energy Potion"},{"floor":19,"key":"GamblersBrew"},{"floor":20,"key":"Poison Potion"}],"is_trial":false,"path_per_floor":["M","M","$","?","M","E","M","R","T","M","?","R","$","M","R","B",null,"M","M","M"],"character_chosen":"DEFECT","items_purchased":["Turbo","Oddly Smooth Stone"],"campfire_rested":1,"item_purchase_floors":[3,13],"current_hp_per_floor":[72,75,75,75,75,42,37,37,37,41,52,52,52,64,92,35,96,96,68,57,0],"gold":215,"neow_bonus":"BOSS_RELIC","is_prod":false,"is_daily":false,"chose_seed":false,"campfire_upgraded":2,"win_rate":0,"timestamp":1539460212,"path_taken":["M","M","$","?","M","E","M","R","T","M","?","R","$","M","R","BOSS","M","M","?","?"],"build_version":"2018-10-11","purchased_purges":0,"victory":false,"max_hp_per_floor":[75,75,75,75,75,82,82,82,82,82,96,96,96,96,96,96,96,96,96,96,96],"card_choices":[{"not_picked":["Melter","BootSequence"],"picked":"Self Repair","floor":1},{"not_picked":["Streamline","Double Energy","Redo"],"picked":"SKIP","floor":2},{"not_picked":["Steam Power","Barrage"],"picked":"Cold Snap","floor":5},{"not_picked":["Sweeping Beam","Defragment"],"picked":"Glacier","floor":6},{"not_picked":["Steam Power","Undo"],"picked":"Self Repair","floor":7},{"not_picked":["Compile Driver","Conserve Battery"],"picked":"Steam","floor":10},{"not_picked":["Thunder Strike","Turbo"],"picked":"Loop","floor":11},{"not_picked":["Gash","Sweeping Beam"],"picked":"Go for the Eyes","floor":14},{"not_picked":["All For One","Amplify"],"picked":"Electrodynamics","floor":16},{"not_picked":["Coolheaded","Leap"],"picked":"Double Energy","floor":18},{"not_picked":["Compile Driver","Gash"],"picked":"Chaos","floor":19},{"not_picked":["Multi-Cast","Rebound"],"picked":"Conserve Battery","floor":20}],"player_experience":95691,"relics_obtained":[{"floor":6,"key":"Strawberry"},{"floor":9,"key":"Gremlin Horn"},{"floor":11,"key":"Mango"}],"event_choices":[{"event_name":"Liars Game","player_choice":"disagreed","floor":4,"damage_taken":0},{"event_name":"Dead Adventurer","player_choice":"Searched \u00271\u0027 times","floor":11,"damage_taken":0},{"event_name":"Colosseum","player_choice":"Fight","floor":21,"damage_taken":0},{"event_name":"Colosseum","player_choice":"Fought Nobs","floor":21,"damage_taken":0}],"is_beta":false,"boss_relics":[{"not_picked":["Runic Dome","Ectoplasm"],"picked":"White Beast Statue"}],"items_purged_floors":[],"is_endless":false,"potions_floor_spawned":[1,6,11,16,18,19,20,21],"killed_by":"Colosseum Nobs","ascension_level":0}