{"gold_per_floor":[117,29,43,43,56,56,206,246,246,246,280,304,14,34,34,34],"floor_reached":16,"playtime":1016,"items_purged":["Strike_B"],"score":220,"play_id":"aee62b27-8c11-48c0-9c8e-a973d7b20ee4","local_time":"20190610011654","is_ascension_mode":true,"campfire_choices":[{"data":"Zap","floor":6,"key":"SMITH"},{"data":"Creative AI","floor":10,"key":"SMITH"},{"data":"Recycle","floor":15,"key":"SMITH"}],"neow_cost":"NONE","seed_source_timestamp":271787986424500,"circlet_count":0,"master_deck":["AscendersBane","Strike_B","Strike_B","Strike_B","Defend_B","Defend_B","Defend_B","Defend_B","Zap+1","Dualcast","Chill","Creative AI+1","Chill","Conserve Battery","Doubt","Cold Snap","Doom and Gloom","Recycle+1","Cold Snap"],"relics":["Cracked Core","Golden Idol","Pocketwatch","Darkstone Periapt","Matryoshka","TheAbacus"],"potions_floor_usage":[16],"damage_taken":[{"damage":1,"enemies":"Cultist","floor":1,"turns":4},{"damage":10,"enemies":"Small Slimes","floor":3,"turns":3},{"damage":0,"enemies":"Jaw Worm","floor":5,"turns":5},{"damage":28,"enemies":"Lagavulin","floor":8,"turns":9},{"damage":5,"enemies":"3 Sentries","floor":11,"turns":11},{"damage":11,"enemies":"Large Slime","floor":12,"turns":6},{"damage":0,"enemies":"2 Fungi Beasts","floor":14,"turns":3},{"damage":19,"enemies":"Hexaghost","floor":16,"turns":9}],"seed_played":"8280969541558380986","potions_obtained":[{"floor":1,"key":"Swift Potion"},{"floor":5,"key":"FearPotion"}],"is_trial":false,"path_per_floor":["M","$","M","?","M","R","?","E","T","R","E","M","$","M","R","B"],"character_chosen":"DEFECT","items_purchased":["Creative AI","TheAbacus"],"campfire_rested":0,"item_purchase_floors":[2,13],"current_hp_per_floor":[70,70,60,60,60,60,60,32,32,32,27,16,16,16,16,0],"gold":34,"neow_bonus":"TEN_PERCENT_HP_BONUS","is_prod":false,"is_daily":false,"chose_seed":false,"campfire_upgraded":3,"win_rate":0,"timestamp":1560143814,"path_taken":["M","$","M","?","M","R","?","E","T","R","E","M","$","M","R","BOSS"],"build_version":"2019-01-23","purchased_purges":1,"victory":false,"max_hp_per_floor":[78,78,78,71,71,71,71,71,71,71,71,71,71,71,71,71],"card_choices":[{"not_picked":["Blizzard","Reprogram"],"picked":"Chill","floor":1},{"not_picked":["Streamline","Compile Driver"],"picked":"Chill","floor":3},{"not_picked":["Leap","Capacitor"],"picked":"Conserve Battery","floor":5},{"not_picked":["Reinforced Body","Sunder"],"picked":"Cold Snap","floor":8},{"not_picked":["Steam","Loop"],"picked":"Doom and Gloom","floor":11},{"not_picked":["Sunder","Darkness"],"picked":"Recycle","floor":12},{"not_picked":["Thunder Strike","Fusion"],"picked":"Cold Snap","floor":14}],"player_experience":499145,"relics_obtained":[{"floor":8,"key":"Pocketwatch"},{"floor":9,"key":"Darkstone Periapt"},{"floor":11,"key":"Matryoshka"}],"event_choices":[{"damage_healed":0,"gold_gain":0,"player_choice":"Lose Max HP","damage_taken":0,"relics_obtained":["Golden Idol"],"max_hp_gain":0,"max_hp_loss":7,"event_name":"Golden Idol","floor":4,"gold_loss":0},{"damage_healed":0,"gold_gain":150,"player_choice":"AGREE","damage_taken":0,"max_hp_gain":0,"max_hp_loss":0,"event_name":"Liars Game","floor":7,"gold_loss":0,"cards_obtained":["Doubt"]}],"is_beta":false,"boss_relics":[],"items_purged_floors":[13],"is_endless":false,"potions_floor_spawned":[1,5],"killed_by":"Hexaghost","ascension_level":20}