{"gold_per_floor":[116,129,148,73,87,117,132,132,132,160,235,253,253,271,271,369,369,386,403,159,171,189,189,218,23,23,23],"floor_reached":27,"playtime":1746,"items_purged":["Strike_B","Strike_B","Strike_B"],"score":392,"play_id":"375beff1-3013-49a8-920f-5f787de9f960","local_time":"20190517205604","is_ascension_mode":true,"campfire_choices":[{"data":"Zap","floor":8,"key":"SMITH"},{"data":"Scrape","floor":15,"key":"SMITH"},{"data":"Self Repair","floor":23,"key":"SMITH"}],"neow_cost":"NONE","seed_source_timestamp":134327415056974,"circlet_count":0,"master_deck":["Strike_B+1","Defend_B","Defend_B","Defend_B","Defend_B","Zap+1","Dualcast","Scrape+1","Beam Cell","Gash","Ball Lightning","Self Repair+1","Hologram+1","Reboot","Coolheaded+1","Gash+1","Gash","Echo Form","Gash+1","FTL","Double Energy"],"relics":["Cracked Core","PreservedInsect","Shuriken","Prayer Wheel","Coffee Dripper","Whetstone","Cables","Kunai"],"potions_floor_usage":[6,6,10,12,16,27],"damage_taken":[{"damage":6,"enemies":"Cultist","floor":1,"turns":4},{"damage":5,"enemies":"Small Slimes","floor":2,"turns":3},{"damage":7,"enemies":"2 Louse","floor":3,"turns":3},{"damage":10,"enemies":"Gremlin Gang","floor":5,"turns":6},{"damage":20,"enemies":"Lagavulin","floor":6,"turns":7},{"damage":3,"enemies":"Blue Slaver","floor":7,"turns":4},{"damage":0,"enemies":"Gremlin Nob","floor":10,"turns":2},{"damage":3,"enemies":"3 Louse","floor":12,"turns":2},{"damage":10,"enemies":"Lots of Slimes","floor":14,"turns":3},{"damage":19,"enemies":"Hexaghost","floor":16,"turns":7},{"damage":16,"enemies":"Shell Parasite","floor":18,"turns":3},{"damage":0,"enemies":"Spheric Guardian","floor":19,"turns":2},{"damage":0,"enemies":"Snecko","floor":21,"turns":3},{"damage":23,"enemies":"Cultist and Chosen","floor":22,"turns":5},{"damage":45,"enemies":"Slavers","floor":24,"turns":4},{"damage":32,"enemies":"Book of Stabbing","floor":27,"turns":2}],"seed_played":"-5101057013542794558","potions_obtained":[{"floor":1,"key":"Regen Potion"},{"floor":3,"key":"SteroidPotion"},{"floor":5,"key":"Swift Potion"},{"floor":7,"key":"Poison Potion"},{"floor":12,"key":"PowerPotion"},{"floor":22,"key":"FairyPotion"},{"floor":24,"key":"Poison Potion"}],"is_trial":false,"path_per_floor":["M","M","M","$","M","E","M","R","T","E","?","M","?","M","R","B",null,"M","M","$","M","M","R","E","$","T","E"],"character_chosen":"DEFECT","items_purchased":["Whetstone","Double Energy"],"campfire_rested":0,"item_purchase_floors":[20,25],"current_hp_per_floor":[69,64,57,57,47,42,39,39,39,39,28,32,32,29,29,17,66,57,64,64,64,48,48,3,3,3,0],"gold":23,"neow_bonus":"TEN_PERCENT_HP_BONUS","is_prod":false,"is_daily":false,"chose_seed":false,"campfire_upgraded":3,"win_rate":0,"timestamp":1558140964,"path_taken":["M","M","?","?","?","E","M","R","T","E","?","M","?","?","R","BOSS","M","M","$","M","M","R","E","$","T","E"],"build_version":"2019-01-23","purchased_purges":3,"victory":false,"max_hp_per_floor":[82,82,82,82,82,82,82,82,82,82,82,82,82,82,82,82,82,82,82,82,82,82,82,82,82,82,82],"card_choices":[{"not_picked":["Rip and Tear","Turbo"],"picked":"Scrape","floor":1},{"not_picked":["Rip and Tear","Static Discharge"],"picked":"Beam Cell","floor":2},{"not_picked":["Sunder","Double Energy","Redo"],"picked":"SKIP","floor":3},{"not_picked":["Streamline","Sunder","Redo"],"picked":"SKIP","floor":5},{"not_picked":["Blizzard","Stack"],"picked":"Gash","floor":6},{"not_picked":["Static Discharge","Compile Driver"],"picked":"Ball Lightning","floor":7},{"not_picked":["Sweeping Beam","Reprogram"],"picked":"Self Repair","floor":10},{"not_picked":["Tempest","Aggregate"],"picked":"Hologram","floor":12},{"not_picked":["Sunder","Streamline","Static Discharge"],"picked":"SKIP","floor":12},{"not_picked":["Cold Snap","Beam Cell","Force Field"],"picked":"SKIP","floor":14},{"not_picked":["Force Field","Rebound","Stack"],"picked":"SKIP","floor":14},{"not_picked":["Multi-Cast","Hyperbeam"],"picked":"Reboot","floor":16},{"not_picked":["Force Field+1","Tempest"],"picked":"Coolheaded+1","floor":18},{"not_picked":["Doom and Gloom","Stack"],"picked":"Gash","floor":18},{"not_picked":["Ball Lightning","Turbo"],"picked":"Gash","floor":19},{"not_picked":["Streamline","Auto Shields","Force Field"],"picked":"SKIP","floor":19},{"not_picked":["Static Discharge","Turbo+1"],"picked":"Echo Form","floor":21},{"not_picked":["Loop+1","Sweeping Beam","Heatsinks+1"],"picked":"SKIP","floor":21},{"not_picked":["Melter+1","Steam"],"picked":"Gash+1","floor":22},{"not_picked":["Aggregate","Barrage","Tempest+1"],"picked":"SKIP","floor":22},{"not_picked":["Beam Cell+1","Leap"],"picked":"FTL","floor":24}],"player_experience":344391,"relics_obtained":[{"floor":6,"key":"PreservedInsect"},{"floor":9,"key":"Shuriken"},{"floor":10,"key":"Prayer Wheel"},{"floor":24,"key":"Cables"},{"floor":26,"key":"Kunai"}],"event_choices":[{"damage_healed":0,"gold_gain":75,"player_choice":"Gather Gold","damage_taken":11,"max_hp_gain":0,"max_hp_loss":0,"event_name":"World of Goop","floor":11,"gold_loss":0},{"damage_healed":0,"gold_gain":0,"player_choice":"Upgraded","damage_taken":0,"max_hp_gain":0,"max_hp_loss":0,"event_name":"Upgrade Shrine","floor":13,"gold_loss":0,"cards_upgraded":["Hologram"]}],"is_beta":false,"boss_relics":[{"not_picked":["Empty Cage","Eternal Feather"],"picked":"Coffee Dripper"}],"items_purged_floors":[4,20,25],"is_endless":false,"potions_floor_spawned":[1,3,5,7,12,22,24],"killed_by":"Book of Stabbing","ascension_level":7}