{"gold_per_floor":[116,132,82,7,22,22,48,66,66,66,91,91,91,105,105,210,210,227,227,237,252,264,264,282,282,282,310,120,395,395,412,412,514,514,534,534,332,347,363,393,393,421,448,448,467,481,512,41,41,41],"floor_reached":51,"playtime":2963,"items_purged":["Defend_R","Parasite","Regret","Decay"],"score":857,"play_id":"ae4bdb56-732e-494a-8e3e-1861c8094a85","local_time":"20180924153140","is_ascension_mode":true,"campfire_choices":[{"data":"Perfected Strike","floor":6,"key":"SMITH"},{"data":"1","floor":10,"key":"LIFT"},{"data":"2","floor":12,"key":"LIFT"},{"floor":15,"key":"REST"},{"data":"3","floor":23,"key":"LIFT"},{"data":"Flex","floor":25,"key":"SMITH"},{"data":"Perfected Strike","floor":32,"key":"SMITH"},{"floor":41,"key":"REST"},{"floor":44,"key":"REST"},{"data":"Dual Wield","floor":49,"key":"SMITH"}],"neow_cost":"CURSE","seed_source_timestamp":307820283926002,"circlet_count":0,"master_deck":["Strike_R","Strike_R","Strike_R","Strike_R","Strike_R","Defend_R","Bash","Offering","Perfected Strike+1","Metallicize","Flex+1","Clash","Demon Form","Cleave+1","Clash","Clash","Pommel Strike+1","Flex","Panacea","Perfected Strike+1","Bludgeon","Carnage+1","Battle Trance","Headbutt+1","Inflame+1","Flex+1","Flash of Steel","Dual Wield+1","Metamorphosis"],"relics":["Burning Blood","Girya","Bottled Tornado","Sundial","Gremlin Horn","Cursed Key","Pen Nib","Shuriken","Busted Crown","StoneCalendar","Frozen Egg 2","FossilizedHelix","Centennial Puzzle","Orichalcum"],"potions_floor_usage":[7,11,16,27,27,27,40,40,42],"damage_taken":[{"damage":6,"enemies":"Small Slimes","floor":1,"turns":3},{"damage":19,"enemies":"Jaw Worm","floor":2,"turns":2},{"damage":0,"enemies":"2 Louse","floor":5,"turns":2},{"damage":23,"enemies":"3 Sentries","floor":7,"turns":5},{"damage":8,"enemies":"Looter","floor":8,"turns":2},{"damage":21,"enemies":"Lagavulin","floor":11,"turns":3},{"damage":10,"enemies":"Large Slime","floor":14,"turns":3},{"damage":44,"enemies":"The Guardian","floor":16,"turns":6},{"damage":8,"enemies":"Spheric Guardian","floor":18,"turns":3},{"damage":8,"enemies":"Chosen","floor":20,"turns":3},{"damage":13,"enemies":"Snake Plant","floor":21,"turns":2},{"damage":7,"enemies":"Sentry and Sphere","floor":22,"turns":3},{"damage":4,"enemies":"Centurion and Healer","floor":24,"turns":3},{"damage":0,"enemies":"Slavers","floor":27,"turns":2},{"damage":21,"enemies":"Shelled Parasite and Fungi","floor":31,"turns":3},{"damage":34,"enemies":"Collector","floor":33,"turns":4},{"damage":7,"enemies":"Orb Walker","floor":35,"turns":2},{"damage":39,"enemies":"Mind Bloom Boss Battle","floor":36,"turns":3},{"damage":0,"enemies":"3 Darklings","floor":38,"turns":2},{"damage":6,"enemies":"Sphere and 2 Shapes","floor":39,"turns":1},{"damage":42,"enemies":"Nemesis","floor":40,"turns":3},{"damage":26,"enemies":"Giant Head","floor":42,"turns":5},{"damage":0,"enemies":"Transient","floor":45,"turns":5},{"damage":2,"enemies":"Maw","floor":46,"turns":4},{"damage":0,"enemies":"Nemesis","floor":47,"turns":3},{"damage":20,"enemies":"Donu and Deca","floor":50,"turns":4}],"seed_played":"-3629874476737783553","potions_obtained":[{"floor":1,"key":"AttackPotion"},{"floor":7,"key":"Strength Potion"},{"floor":14,"key":"SteroidPotion"},{"floor":16,"key":"Block Potion"},{"floor":18,"key":"SteroidPotion"},{"floor":24,"key":"Strength Potion"},{"floor":33,"key":"EssenceOfSteel"},{"floor":35,"key":"Explosive Potion"},{"floor":38,"key":"Block Potion"},{"floor":39,"key":"Strength Potion"},{"floor":47,"key":"Ancient Potion"}],"is_trial":false,"path_per_floor":["M","M","?","$","M","R","E","M","T","R","E","R","?","M","R","B",null,"M","?","M","M","M","R","M","R","T","E","$","?","?","M","R","B",null,"M","?","$","M","M","E","R","E","T","R","M","M","E","$","R","B"],"character_chosen":"IRONCLAD","items_purchased":["Panacea","Battle Trance","Flash of Steel","Dual Wield","Metamorphosis"],"campfire_rested":3,"item_purchase_floors":[28,37,48,48,48],"current_hp_per_floor":[80,67,67,67,73,73,56,54,54,54,39,39,32,28,52,14,80,78,78,76,69,68,68,70,70,70,76,76,76,76,61,61,33,77,76,43,43,49,49,13,36,16,16,39,45,49,55,55,55,41],"gold":41,"neow_bonus":"TRANSFORM_TWO_CARDS","is_prod":false,"is_daily":false,"chose_seed":false,"campfire_upgraded":4,"win_rate":0,"timestamp":1537824700,"path_taken":["M","M","?","$","M","R","E","M","T","R","E","R","?","?","R","BOSS","M","?","M","M","?","R","?","R","T","E","$","?","?","M","R","BOSS","M","?","$","?","M","E","R","E","T","R","M","M","E","$","R","BOSS"],"build_version":"2018-09-20","purchased_purges":4,"victory":true,"max_hp_per_floor":[80,80,80,80,80,80,80,80,80,80,80,80,80,80,80,80,80,80,80,80,80,80,80,80,80,80,80,77,77,77,77,77,77,77,77,77,77,77,77,77,77,77,77,77,77,77,77,77,77,77],"card_choices":[{"not_picked":["Iron Wave","Cleave","Body Slam"],"picked":"SKIP","floor":1},{"not_picked":["Clash","Iron Wave"],"picked":"Perfected Strike","floor":2},{"not_picked":["Clothesline","Body Slam","Wild Strike"],"picked":"SKIP","floor":5},{"not_picked":["Uppercut","Immolate"],"picked":"Metallicize","floor":7},{"not_picked":["Body Slam","Headbutt"],"picked":"Flex","floor":8},{"not_picked":["True Grit","Body Slam","Fiend Fire"],"picked":"SKIP","floor":11},{"not_picked":["Carnage","Combust"],"picked":"Clash","floor":14},{"not_picked":["Berserk","Bludgeon"],"picked":"Demon Form","floor":16},{"not_picked":["Armaments","Blood for Blood"],"picked":"Cleave+1","floor":18},{"not_picked":["Twin Strike","Shockwave"],"picked":"Clash","floor":20},{"not_picked":["Juggernaut","Dropkick"],"picked":"Clash","floor":21},{"not_picked":["Fire Breathing","Bloodletting"],"picked":"Pommel Strike+1","floor":22},{"not_picked":["Pommel Strike","Dropkick","Disarm"],"picked":"SKIP","floor":24},{"not_picked":["Power Through","Dual Wield"],"picked":"Flex","floor":27},{"not_picked":["Anger","Searing Blow","Thunderclap"],"picked":"SKIP","floor":31},{"not_picked":["Brutality","Berserk"],"picked":"Bludgeon","floor":33},{"not_picked":[],"picked":"Carnage+1","floor":35},{"not_picked":["Sword Boomerang"],"picked":"SKIP","floor":38},{"not_picked":[],"picked":"Headbutt+1","floor":39},{"not_picked":["Anger"],"picked":"SKIP","floor":40},{"not_picked":[],"picked":"Inflame+1","floor":42},{"not_picked":["Flame Barrier"],"picked":"SKIP","floor":45},{"not_picked":[],"picked":"Flex+1","floor":46},{"not_picked":["Shockwave"],"picked":"SKIP","floor":47}],"player_experience":67316,"relics_obtained":[{"floor":7,"key":"Girya"},{"floor":9,"key":"Bottled Tornado"},{"floor":11,"key":"Sundial"},{"floor":26,"key":"Pen Nib"},{"floor":27,"key":"Shuriken"},{"floor":36,"key":"StoneCalendar"},{"floor":40,"key":"Frozen Egg 2"},{"floor":42,"key":"FossilizedHelix"},{"floor":43,"key":"Centennial Puzzle"},{"floor":47,"key":"Orichalcum"}],"event_choices":[{"event_name":"The Cleric","player_choice":"Card Removal","floor":3,"damage_taken":0},{"event_name":"Scrap Ooze","player_choice":"success","floor":13,"damage_taken":7},{"event_name":"Purifier","player_choice":"One Purge","floor":19,"damage_taken":0},{"event_name":"Golden Shrine","player_choice":"Desecrate","floor":29,"damage_taken":0},{"event_name":"The Library","player_choice":"Read","floor":30,"damage_taken":0},{"event_name":"MindBloom","player_choice":"Fight","floor":36,"damage_taken":0}],"is_beta":false,"boss_relics":[{"not_picked":["Lizard Tail","Eternal Feather"],"picked":"Cursed Key"},{"not_picked":["Calling Bell","Fusion Hammer"],"picked":"Busted Crown"}],"items_purged_floors":[4,28,37,48],"is_endless":false,"potions_floor_spawned":[1,7,14,16,18,24,33,35,38,39,47],"ascension_level":1}