{"gold_per_floor":[118,128,128,140,154,154,188,188,188,241,98,98,126,140,140,244,244,260,260,260,279,26,26,40,40,108,108,108],"floor_reached":28,"playtime":1769,"items_purged":["Strike_B","Strike_B"],"score":260,"play_id":"df87c49a-b17b-4932-a40a-50c54a41e107","local_time":"20190421114115","is_ascension_mode":true,"campfire_choices":[{"data":"Chill","floor":6,"key":"SMITH"},{"data":"Loop","floor":12,"key":"SMITH"},{"data":"Barrage","floor":15,"key":"SMITH"},{"data":"Coolheaded","floor":23,"key":"SMITH"},{"data":"Echo Form","floor":25,"key":"SMITH"}],"neow_cost":"PERCENT_DAMAGE","seed_source_timestamp":370952806436162,"circlet_count":0,"master_deck":["Defend_B","Defend_B","Defend_B","Defend_B","Zap","Dualcast","Echo Form+1","Chill+1","Compile Driver","Barrage+1","BootSequence","Loop+1","Coolheaded+1","Amplify","Glacier","Coolheaded","Go for the Eyes","Double Energy","Normality"],"relics":["Cracked Core","Girya","Kunai","Pear","DataDisk","Pantograph","Cursed Key","Art of War","Sundial"],"potions_floor_usage":[5,5,16,24,28],"damage_taken":[{"damage":3,"enemies":"2 Louse","floor":1,"turns":2},{"damage":1,"enemies":"Cultist","floor":2,"turns":3},{"damage":8,"enemies":"Small Slimes","floor":4,"turns":3},{"damage":6,"enemies":"Exordium Wildlife","floor":5,"turns":5},{"damage":10,"enemies":"Lagavulin","floor":7,"turns":6},{"damage":16,"enemies":"Gremlin Nob","floor":13,"turns":4},{"damage":0,"enemies":"Lots of Slimes","floor":14,"turns":4},{"damage":32,"enemies":"Slime Boss","floor":16,"turns":10},{"damage":11,"enemies":"Shell Parasite","floor":18,"turns":5},{"damage":17,"enemies":"3 Byrds","floor":21,"turns":6},{"damage":0,"enemies":"Shelled Parasite and Fungi","floor":24,"turns":8},{"damage":73,"enemies":"Gremlin Leader","floor":28,"turns":13}],"seed_played":"6692104170515688976","potions_obtained":[{"floor":1,"key":"Block Potion"},{"floor":4,"key":"Regen Potion"},{"floor":13,"key":"SteroidPotion"},{"floor":16,"key":"PowerPotion"},{"floor":21,"key":"EssenceOfSteel"}],"is_trial":false,"path_per_floor":["M","M","?","M","M","R","E","?","T","T","$","R","E","M","R","B",null,"M","?","?","M","$","R","M","R","T","?","E"],"character_chosen":"DEFECT","items_purchased":["Loop","Art of War"],"campfire_rested":0,"item_purchase_floors":[11,22],"current_hp_per_floor":[51,50,50,42,50,50,40,28,38,38,38,38,22,22,22,15,85,74,74,74,57,57,57,57,57,57,57,0],"gold":108,"neow_bonus":"THREE_RARE_CARDS","is_prod":false,"is_daily":false,"chose_seed":false,"campfire_upgraded":5,"win_rate":0,"timestamp":1555861275,"path_taken":["M","M","?","?","M","R","E","?","T","?","$","R","E","?","R","BOSS","M","?","?","M","$","R","M","R","T","?","E"],"build_version":"2019-01-23","purchased_purges":2,"victory":false,"max_hp_per_floor":[75,75,75,75,75,75,75,75,85,85,85,85,85,85,85,85,85,85,85,85,85,85,85,85,85,85,85,85],"card_choices":[{"not_picked":["Biased Cognition","Electrodynamics"],"picked":"Echo Form","floor":0},{"not_picked":["Hello World","Barrage"],"picked":"Chill","floor":1},{"not_picked":["Stack","Chaos"],"picked":"Compile Driver","floor":2},{"not_picked":["Stack","Storm"],"picked":"Barrage","floor":4},{"not_picked":["Steam","Sweeping Beam"],"picked":"BootSequence","floor":5},{"not_picked":["Ball Lightning","Stack","Lockon"],"picked":"SKIP","floor":7},{"not_picked":["Buffer","Static Discharge","Skim"],"picked":"SKIP","floor":13},{"not_picked":["Tempest","Redo"],"picked":"Coolheaded","floor":14},{"not_picked":["Core Surge","Buffer"],"picked":"Amplify","floor":16},{"not_picked":["Conserve Battery","Coolheaded"],"picked":"Glacier","floor":18},{"not_picked":["Blizzard","Streamline"],"picked":"Go for the Eyes","floor":21},{"not_picked":["Beam Cell+1","Streamline"],"picked":"Double Energy","floor":24}],"player_experience":250321,"relics_obtained":[{"floor":7,"key":"Girya"},{"floor":9,"key":"Pear"},{"floor":10,"key":"DataDisk"},{"floor":13,"key":"Pantograph"},{"floor":26,"key":"Sundial"}],"event_choices":[{"cards_removed":["Strike_B"],"damage_healed":0,"gold_gain":0,"player_choice":"Purged","damage_taken":0,"max_hp_gain":0,"max_hp_loss":0,"event_name":"Purifier","floor":3,"gold_loss":0},{"damage_healed":0,"gold_gain":0,"player_choice":"Success","damage_taken":12,"relics_obtained":["Kunai"],"max_hp_gain":0,"max_hp_loss":0,"event_name":"Scrap Ooze","floor":8,"gold_loss":0},{"damage_healed":0,"gold_gain":0,"player_choice":"Read","damage_taken":0,"max_hp_gain":0,"max_hp_loss":0,"event_name":"The Library","floor":19,"gold_loss":0,"cards_obtained":["Coolheaded"]},{"cards_removed":["Strike_B"],"damage_healed":0,"gold_gain":0,"player_choice":"Elegance","damage_taken":0,"max_hp_gain":0,"max_hp_loss":0,"event_name":"Back to Basics","floor":20,"gold_loss":0},{"damage_healed":0,"gold_gain":0,"player_choice":"Ignored","damage_taken":0,"max_hp_gain":0,"max_hp_loss":0,"event_name":"The Mausoleum","floor":27,"gold_loss":0}],"is_beta":false,"boss_relics":[{"not_picked":["Empty Cage","Calling Bell"],"picked":"Cursed Key"}],"items_purged_floors":[11,22],"is_endless":false,"potions_floor_spawned":[1,4,13,16,21],"killed_by":"Gremlin Leader","ascension_level":3}