{"gold_per_floor":[114,114,129,54,54,79,94,1,25,25,60,60,71,71,71,149,149,161,178,103,122,135,135,197,197,197,229,248,248,260,274,274,352,352,366,366,366,366,6,6,39,39,39,74,93,106,116,116,116,116],"floor_reached":51,"playtime":2644,"items_purged":["Strike_G"],"score":1627,"play_id":"4adb4691-234c-479d-826d-c89c8d9457a5","local_time":"20190520202413","is_ascension_mode":true,"campfire_choices":[{"floor":12.0,"key":"REST"},{"floor":15.0,"key":"REST"},{"data":"Noxious Fumes","floor":23.0,"key":"SMITH"},{"data":"Dodge and Roll","floor":25.0,"key":"SMITH"},{"data":"Backstab","floor":29.0,"key":"SMITH"},{"floor":32.0,"key":"REST"},{"data":"Survivor","floor":40,"key":"SMITH"},{"floor":42,"key":"REST"},{"floor":49,"key":"REST"}],"neow_cost":"NONE","seed_source_timestamp":0,"circlet_count":0,"master_deck":["AscendersBane","Defend_G+1","Defend_G","Defend_G","Defend_G+1","Defend_G+1","Strike_G","Survivor+1","Neutralize+1","Dodge and Roll+1","Malaise+1","Backflip+1","Bouncing Flask+1","PiercingWail+1","Crippling Poison+1","PiercingWail+1","Adrenaline+1","Noxious Fumes+1","Leg Sweep+1","Escape Plan+1","Backstab+1","Night Terror+1","Adrenaline+1","Blur+1","Catalyst+1","Deadly Poison+1"],"special_seed":0,"relics":["Ring of the Snake","NeowsBlessing","Bottled Flame","Toxic Egg 2","War Paint","Vajra","FaceOfCleric","Cursed Key","Tiny Chest","Potion Belt","Philosopher\u0027s Stone","Bottled Tornado","Smiling Mask","Oddly Smooth Stone"],"potions_floor_usage":[44,50],"damage_taken":[{"damage":0.0,"enemies":"Cultist","floor":1.0,"turns":1.0},{"damage":0.0,"enemies":"Jaw Worm","floor":3.0,"turns":1.0},{"damage":0.0,"enemies":"3 Sentries","floor":6.0,"turns":1.0},{"damage":0.0,"enemies":"2 Louse","floor":7.0,"turns":3.0},{"damage":42.0,"enemies":"Gremlin Nob","floor":11.0,"turns":6.0},{"damage":8.0,"enemies":"Lots of Slimes","floor":13.0,"turns":5.0},{"damage":20.0,"enemies":"The Guardian","floor":16.0,"turns":11.0},{"damage":0.0,"enemies":"2 Thieves","floor":18.0,"turns":4.0},{"damage":0.0,"enemies":"Spheric Guardian","floor":19.0,"turns":2.0},{"damage":0.0,"enemies":"3 Cultists","floor":21.0,"turns":6.0},{"damage":12.0,"enemies":"Snecko","floor":22.0,"turns":5.0},{"damage":0.0,"enemies":"Book of Stabbing","floor":24.0,"turns":6.0},{"damage":5.0,"enemies":"Gremlin Leader","floor":27.0,"turns":7.0},{"damage":4.0,"enemies":"Shelled Parasite and Fungi","floor":28.0,"turns":6.0},{"damage":13.0,"enemies":"Chosen and Byrds","floor":30.0,"turns":8.0},{"damage":0.0,"enemies":"Snake Plant","floor":31.0,"turns":4.0},{"damage":33.0,"enemies":"Champ","floor":33.0,"turns":17.0},{"damage":0,"enemies":"Orb Walker","floor":35,"turns":5},{"damage":31,"enemies":"Nemesis","floor":41,"turns":11},{"damage":40,"enemies":"Giant Head","floor":44,"turns":10},{"damage":0,"enemies":"3 Shapes","floor":45,"turns":5},{"damage":0,"enemies":"Writhing Mass","floor":46,"turns":5},{"damage":0,"enemies":"Maw","floor":47,"turns":6},{"damage":0,"enemies":"Awakened One","floor":50,"turns":17}],"seed_played":"-7448669412708089976","potions_obtained":[{"floor":11.0,"key":"Poison Potion"},{"floor":13.0,"key":"Poison Potion"},{"floor":19.0,"key":"SteroidPotion"},{"floor":22.0,"key":"EssenceOfSteel"},{"floor":31.0,"key":"Energy Potion"},{"floor":33.0,"key":"Weak Potion"},{"floor":41,"key":"Fire Potion"},{"floor":44,"key":"LiquidBronze"}],"is_trial":false,"path_per_floor":["M","?","M","?","T","E","M","$","T","?","E","R","M","?","R","B",null,"M","M","$","M","M","R","E","R","T","E","M","R","M","M","R","B",null,"M","?","T","T","$","R","E","R","T","E","M","M","M","?","R","B",null],"character_chosen":"THE_SILENT","items_purchased":["Bouncing Flask+1","PiercingWail+1","Bottled Tornado","Blur+1"],"campfire_rested":5,"item_purchase_floors":[8,8,39,39],"current_hp_per_floor":[59,59,59,59,59,59,59,59,59,52,10,29,21,21,40,21,56,57,58,58,59,48,48,49,49,49,45,42,42,30,31,53,21,63,64,64,64,64,64,64,34,57,57,18,19,20,21,21,45,46],"gold":116,"neow_bonus":"THREE_ENEMY_KILL","is_prod":false,"is_daily":false,"chose_seed":false,"campfire_upgraded":4,"win_rate":0,"timestamp":1558398253,"path_taken":["M","?","?","?","?","E","M","$","T","?","E","R","M","?","R","BOSS","M","M","$","?","M","R","E","R","T","E","?","R","M","M","R","BOSS","M","?","?","?","$","R","E","R","T","E","?","M","M","?","R","BOSS"],"build_version":"2019-01-23","purchased_purges":1,"victory":true,"max_hp_per_floor":[66,66,66,66,66,66,66,66,66,66,66,66,66,66,66,67,67,68,69,69,70,71,71,72,72,72,73,74,74,75,76,76,77,77,78,78,78,78,78,78,79,79,79,80,81,82,83,83,83,84],"card_choices":[{"not_picked":["Deflect","Poisoned Stab"],"picked":"Dodge and Roll","floor":1.0},{"not_picked":["Calculated Gamble","Dagger Throw","Concentrate"],"picked":"SKIP","floor":3.0},{"not_picked":["Slice","Cloak And Dagger"],"picked":"Malaise","floor":6.0},{"not_picked":["Distraction+1","Outmaneuver+1"],"picked":"Backflip+1","floor":7.0},{"not_picked":["Outmaneuver+1","Flying Knee"],"picked":"Crippling Poison+1","floor":11.0},{"not_picked":["Prepared+1","Cloak And Dagger+1"],"picked":"PiercingWail+1","floor":13.0},{"not_picked":["Doppelganger+1","Die Die Die"],"picked":"Adrenaline+1","floor":16.0},{"not_picked":["Bane","Dagger Spray"],"picked":"Noxious Fumes","floor":18.0},{"not_picked":["Dagger Throw","Finisher+1"],"picked":"Leg Sweep+1","floor":19.0},{"not_picked":["Outmaneuver+1","Deflect+1"],"picked":"Escape Plan+1","floor":21.0},{"not_picked":["Eviscerate","Expertise+1"],"picked":"Backstab","floor":22.0},{"not_picked":["Quick Slash","Blade Dance+1","Burst+1"],"picked":"SKIP","floor":24.0},{"not_picked":["All Out Attack","Leg Sweep+1"],"picked":"Night Terror+1","floor":27.0},{"not_picked":["Flying Knee","Deflect+1","Slice"],"picked":"SKIP","floor":28.0},{"not_picked":["PiercingWail+1","Quick Slash"],"picked":"Adrenaline+1","floor":30.0},{"not_picked":["Poisoned Stab","Blur+1","Sucker Punch"],"picked":"SKIP","floor":31.0},{"not_picked":["Prepared+1","Slice","PiercingWail+1"],"picked":"SKIP","floor":35},{"not_picked":["Choke","Flechettes","Dash"],"picked":"SKIP","floor":41},{"not_picked":["Acrobatics+1","Deadly Poison+1"],"picked":"Catalyst+1","floor":44},{"not_picked":["PiercingWail+1","All Out Attack","Acrobatics+1"],"picked":"SKIP","floor":45},{"not_picked":["Distraction+1","Finisher","Glass Knife"],"picked":"SKIP","floor":46},{"not_picked":["Eviscerate+1","Quick Slash+1"],"picked":"Deadly Poison+1","floor":47}],"player_experience":474520,"relics_obtained":[{"floor":5.0,"key":"Bottled Flame"},{"floor":6.0,"key":"Toxic Egg 2"},{"floor":9.0,"key":"War Paint"},{"floor":11.0,"key":"Vajra"},{"floor":24.0,"key":"Tiny Chest"},{"floor":27.0,"key":"Potion Belt"},{"floor":41,"key":"Smiling Mask"},{"floor":44,"key":"Oddly Smooth Stone"}],"event_choices":[{"damage_healed":0.0,"max_hp_gain":0.0,"max_hp_loss":0.0,"gold_gain":0.0,"event_name":"Upgrade Shrine","player_choice":"Upgraded","floor":2.0,"gold_loss":0.0,"damage_taken":0.0,"cards_upgraded":["Neutralize"]},{"cards_removed":["Strike_G"],"damage_healed":0.0,"max_hp_gain":0.0,"max_hp_loss":0.0,"gold_gain":0.0,"event_name":"The Cleric","player_choice":"Card Removal","floor":4.0,"gold_loss":75.0,"damage_taken":0.0},{"cards_removed":["Strike_G"],"damage_healed":0.0,"max_hp_gain":0.0,"max_hp_loss":0.0,"gold_gain":0.0,"event_name":"Golden Wing","player_choice":"Card Removal","floor":10.0,"gold_loss":0.0,"damage_taken":7.0},{"damage_healed":0.0,"max_hp_gain":0.0,"max_hp_loss":0.0,"gold_gain":0.0,"event_name":"FaceTrader","player_choice":"Trade","floor":14.0,"gold_loss":0.0,"damage_taken":0.0,"relics_obtained":["FaceOfCleric"]},{"cards_removed":["Strike_G"],"damage_healed":0,"gold_gain":0,"player_choice":"Removed Attack","damage_taken":0,"max_hp_gain":0,"max_hp_loss":0,"event_name":"Falling","floor":36,"gold_loss":0},{"damage_healed":0,"gold_gain":0,"player_choice":"Upgraded","damage_taken":0,"max_hp_gain":0,"max_hp_loss":0,"event_name":"Upgrade Shrine","floor":48,"gold_loss":0,"cards_upgraded":["Defend_G"]}],"is_beta":false,"boss_relics":[{"not_picked":["Coffee Dripper","Ectoplasm"],"picked":"Cursed Key"},{"not_picked":["Tiny House","Velvet Choker"],"picked":"Philosopher\u0027s Stone"}],"items_purged_floors":[20],"is_endless":false,"potions_floor_spawned":[11,13,19,22,31,33,41,44],"ascension_level":18}