{"gold_per_floor":[112,187,287,305,305,305,316,67,121,121,76,86,118,137,137,238,238,257,257,272,187,87,87,112,124,177,193,220,73,123,143,143,246,246,263,277,294,294],"floor_reached":38,"playtime":1999,"items_purged":["Strike_B","Strike_B"],"score":629,"play_id":"9e1e6c55-29ac-4867-ad22-7c4740a66753","local_time":"20190501193952","is_ascension_mode":true,"campfire_choices":[{"data":"Auto Shields","floor":6,"key":"SMITH"},{"data":"Conserve Battery","floor":10,"key":"SMITH"},{"data":"Chill","floor":15,"key":"SMITH"},{"data":"Seek","floor":23,"key":"SMITH"},{"data":"White Noise","floor":32,"key":"SMITH"}],"neow_cost":"TEN_PERCENT_HP_LOSS","seed_source_timestamp":734145618242434,"circlet_count":0,"master_deck":["Strike_B","Strike_B","Defend_B+1","Defend_B","Defend_B","Defend_B","Zap","Dualcast","Glacier+1","Auto Shields+1","Conserve Battery+1","Apotheosis+1","Barrage","Capacitor","Echo Form","Chill+1","Reboot","Chill","Loop","Go for the Eyes+1","Seek+1","Self Repair","Barrage+1","White Noise+1","Capacitor","Sunder","Compile Driver+1","FTL"],"relics":["Cracked Core","Ginger","War Paint","Symbiotic Virus","Orrery","Pantograph","Ornamental Fan","Orichalcum","Boot","Sozu"],"potions_floor_usage":[20,24,33,37],"damage_taken":[{"damage":0,"enemies":"Small Slimes","floor":1,"turns":3},{"damage":0,"enemies":"Cultist","floor":4,"turns":5},{"damage":0,"enemies":"2 Louse","floor":7,"turns":3},{"damage":0,"enemies":"Exordium Wildlife","floor":12,"turns":4},{"damage":2,"enemies":"Lagavulin","floor":13,"turns":7},{"damage":5,"enemies":"3 Louse","floor":14,"turns":3},{"damage":22,"enemies":"Slime Boss","floor":16,"turns":5},{"damage":0,"enemies":"Shell Parasite","floor":18,"turns":5},{"damage":8,"enemies":"3 Byrds","floor":20,"turns":7},{"damage":21,"enemies":"Book of Stabbing","floor":24,"turns":9},{"damage":13,"enemies":"Snecko","floor":25,"turns":6},{"damage":10,"enemies":"3 Cultists","floor":27,"turns":8},{"damage":14,"enemies":"Slavers","floor":28,"turns":5},{"damage":0,"enemies":"Centurion and Healer","floor":31,"turns":9},{"damage":0,"enemies":"Champ","floor":33,"turns":10},{"damage":10,"enemies":"3 Darklings","floor":35,"turns":10},{"damage":0,"enemies":"3 Shapes","floor":36,"turns":6},{"damage":14,"enemies":"Maw","floor":37,"turns":7},{"damage":83,"enemies":"2 Orb Walkers","floor":38,"turns":5}],"seed_played":"4946553380386717587","potions_obtained":[{"floor":7,"key":"Block Potion"},{"floor":14,"key":"GamblersBrew"},{"floor":18,"key":"SkillPotion"},{"floor":24,"key":"Dexterity Potion"},{"floor":27,"key":"Energy Potion"}],"is_trial":false,"path_per_floor":["M","?","?","M","?","R","M","$","T","R","$","M","E","M","R","B",null,"M","?","M","?","$","R","E","M","T","M","E","$","?","M","R","B",null,"M","M","M","?"],"character_chosen":"DEFECT","items_purchased":["Apotheosis","Barrage","Capacitor","Sunder"],"campfire_rested":0,"item_purchase_floors":[8,11,29,29],"current_hp_per_floor":[68,57,57,57,57,57,57,57,57,57,57,57,55,50,50,28,58,58,58,50,50,50,50,39,26,26,23,9,9,9,19,19,64,67,67,68,68,0],"gold":294,"neow_bonus":"ONE_RARE_RELIC","is_prod":false,"is_daily":false,"chose_seed":false,"campfire_upgraded":5,"win_rate":0,"timestamp":1556753992,"path_taken":["M","?","?","?","?","R","M","$","T","R","?","M","E","M","R","BOSS","M","?","M","?","$","R","E","M","T","M","E","$","?","M","R","BOSS","M","?","M","?"],"build_version":"2019-01-23","purchased_purges":2,"victory":false,"max_hp_per_floor":[68,68,68,68,68,68,68,68,68,68,68,68,68,68,68,68,68,68,68,68,68,68,68,68,68,68,68,68,68,68,68,68,68,68,68,68,68,68],"card_choices":[{"not_picked":["Coolheaded","Genetic Algorithm"],"picked":"Glacier","floor":1},{"not_picked":["Melter","Blizzard"],"picked":"Auto Shields","floor":4},{"not_picked":["Redo","Aggregate"],"picked":"Conserve Battery","floor":7},{"not_picked":["Turbo","Tempest"],"picked":"Capacitor","floor":12},{"not_picked":["Thunder Strike","Sweeping Beam"],"picked":"Echo Form","floor":13},{"not_picked":["Stack","Conserve Battery"],"picked":"Chill","floor":14},{"not_picked":["Electrodynamics","All For One"],"picked":"Reboot","floor":16},{"not_picked":["Genetic Algorithm","Ball Lightning"],"picked":"Chill","floor":17},{"not_picked":["Redo","Scrape"],"picked":"Loop","floor":17},{"not_picked":["Lockon","Leap+1"],"picked":"Go for the Eyes+1","floor":18},{"not_picked":["FTL","Streamline"],"picked":"Self Repair","floor":20},{"not_picked":["Rainbow","Skim"],"picked":"Barrage+1","floor":24},{"not_picked":["Redo+1","Stack","Sweeping Beam+1"],"picked":"SKIP","floor":25},{"not_picked":["Steam+1","Gash+1","Barrage"],"picked":"SKIP","floor":27},{"not_picked":["Storm","Auto Shields"],"picked":"White Noise","floor":28},{"not_picked":["Ball Lightning","Amplify","Stack"],"picked":"SKIP","floor":31},{"not_picked":["Gash+1","Leap"],"picked":"Compile Driver+1","floor":35},{"not_picked":["Go for the Eyes","Auto Shields+1"],"picked":"FTL","floor":36},{"not_picked":["Hologram","Cold Snap+1","Fusion"],"picked":"SKIP","floor":37}],"player_experience":362285,"relics_obtained":[{"floor":9,"key":"War Paint"},{"floor":13,"key":"Symbiotic Virus"},{"floor":24,"key":"Ornamental Fan"},{"floor":26,"key":"Orichalcum"},{"floor":28,"key":"Boot"}],"event_choices":[{"damage_healed":0,"gold_gain":75,"player_choice":"Gather Gold","damage_taken":11,"max_hp_gain":0,"max_hp_loss":0,"event_name":"World of Goop","floor":2,"gold_loss":0},{"damage_healed":0,"gold_gain":100,"player_choice":"Pray","damage_taken":0,"max_hp_gain":0,"max_hp_loss":0,"event_name":"Golden Shrine","floor":3,"gold_loss":0},{"damage_healed":0,"gold_gain":0,"player_choice":"Grow","damage_taken":0,"max_hp_gain":0,"max_hp_loss":0,"event_name":"Living Wall","floor":5,"gold_loss":0,"cards_upgraded":["Glacier"]},{"damage_healed":0,"gold_gain":0,"player_choice":"Read","damage_taken":0,"max_hp_gain":0,"max_hp_loss":0,"event_name":"The Library","floor":19,"gold_loss":0,"cards_obtained":["Seek"]},{"damage_healed":0,"gold_gain":0,"player_choice":"Obtained Relic","damage_taken":0,"relics_obtained":["Pantograph"],"max_hp_gain":0,"max_hp_loss":0,"event_name":"Addict","floor":21,"gold_loss":85},{"damage_healed":0,"gold_gain":100,"player_choice":"Bet on Murderer","damage_taken":0,"max_hp_gain":0,"max_hp_loss":0,"event_name":"The Joust","floor":30,"gold_loss":50},{"damage_healed":0,"gold_gain":0,"player_choice":"Fight","damage_taken":0,"max_hp_gain":0,"max_hp_loss":0,"event_name":"Mysterious Sphere","floor":38,"gold_loss":0}],"is_beta":false,"boss_relics":[{"not_picked":["Velvet Choker","White Beast Statue"],"picked":"Orrery"},{"not_picked":["Lizard Tail","Philosopher\u0027s Stone"],"picked":"Sozu"}],"items_purged_floors":[8,22],"is_endless":false,"potions_floor_spawned":[7,14,18,24,27,35,37],"killed_by":"2 Orb Walkers","ascension_level":7}