{"gold_per_floor":[109,109,125,125,142,142,142,170,170,170,203,216,5,23,23,100,100,118,136,136,136,147,182,182,210,280,280,309,309,321,338,338,410,410,430,27,27,27,44,44,72,72,72,87,118,118,118,138,138,138,138],"floor_reached":51,"playtime":3037,"items_purged":["Strike_B+1"],"score":1446,"play_id":"1ea7d155-c4ff-42a9-bc10-d283a738b95e","local_time":"20190604160851","is_ascension_mode":true,"campfire_choices":[{"data":"Rebound","floor":6.0,"key":"SMITH"},{"data":"Coolheaded","floor":10.0,"key":"SMITH"},{"floor":15.0,"key":"REST"},{"floor":24.0,"key":"REST"},{"data":"Biased Cognition","floor":27.0,"key":"SMITH"},{"floor":29.0,"key":"RECALL"},{"data":"Undo","floor":32.0,"key":"SMITH"},{"data":"Defragment","floor":40,"key":"SMITH"},{"data":"Seek","floor":42,"key":"SMITH"},{"floor":46,"key":"REST"},{"data":"Ball Lightning","floor":49,"key":"SMITH"}],"neow_cost":"NONE","seed_source_timestamp":0,"circlet_count":0,"master_deck":["AscendersBane","Strike_B+1","Strike_B+1","Strike_B+1","Defend_B+1","Defend_B+1","Defend_B+1","Zap+1","Dualcast","Streamline+1","Rebound+1","FTL","Coolheaded+1","Ball Lightning+1","BootSequence","Electrodynamics","Biased Cognition+1","Compile Driver+1","Reinforced Body+1","Undo+1","Chill+1","Seek+1","Defragment+1","Doom and Gloom+1","Coolheaded+1","Steam+1","Force Field+1","Chill"],"special_seed":0,"relics":["Cracked Core","Mercury Hourglass","Nunchaku","Regal Pillow","PreservedInsect","OrangePellets","Nuclear Battery","Molten Egg 2","Centennial Puzzle","Boot","Sozu","Medical Kit","Shuriken","Bag of Marbles","Ornamental Fan"],"potions_floor_usage":[],"damage_taken":[{"damage":4.0,"enemies":"Jaw Worm","floor":1.0,"turns":3.0},{"damage":0.0,"enemies":"Cultist","floor":3.0,"turns":3.0},{"damage":0.0,"enemies":"Small Slimes","floor":5.0,"turns":2.0},{"damage":6.0,"enemies":"Gremlin Nob","floor":8.0,"turns":3.0},{"damage":15.0,"enemies":"3 Sentries","floor":11.0,"turns":3.0},{"damage":0.0,"enemies":"2 Fungi Beasts","floor":12.0,"turns":2.0},{"damage":15.0,"enemies":"Gremlin Gang","floor":14.0,"turns":3.0},{"damage":9.0,"enemies":"Slime Boss","floor":16.0,"turns":6.0},{"damage":20.0,"enemies":"2 Thieves","floor":18.0,"turns":3.0},{"damage":0.0,"enemies":"3 Byrds","floor":19.0,"turns":3.0},{"damage":0.0,"enemies":"3 Cultists","floor":22.0,"turns":2.0},{"damage":21.0,"enemies":"Book of Stabbing","floor":23.0,"turns":4.0},{"damage":17.0,"enemies":"Gremlin Leader","floor":25.0,"turns":4.0},{"damage":3.0,"enemies":"Book of Stabbing","floor":28.0,"turns":3.0},{"damage":0.0,"enemies":"Centurion and Healer","floor":30.0,"turns":5.0},{"damage":0.0,"enemies":"Snake Plant","floor":31.0,"turns":3.0},{"damage":22.0,"enemies":"Champ","floor":33.0,"turns":12.0},{"damage":7,"enemies":"3 Darklings","floor":35,"turns":5},{"damage":0,"enemies":"Orb Walker","floor":39,"turns":3},{"damage":11,"enemies":"Nemesis","floor":41,"turns":5},{"damage":9,"enemies":"Writhing Mass","floor":44,"turns":4},{"damage":4,"enemies":"Reptomancer","floor":45,"turns":4},{"damage":0,"enemies":"3 Darklings","floor":48,"turns":2},{"damage":45,"enemies":"Awakened One","floor":50,"turns":18},{"damage":22,"enemies":"Time Eater","floor":51,"turns":3}],"seed_played":"-4618969948907730594","potions_obtained":[{"floor":5.0,"key":"GamblersBrew"},{"floor":7.0,"key":"FocusPotion"},{"floor":7.0,"key":"Swift Potion"},{"floor":14.0,"key":"Ancient Potion"},{"floor":16.0,"key":"EntropicBrew"},{"floor":28.0,"key":"Strength Potion"}],"is_trial":false,"path_per_floor":["M","?","M","?","M","R","?","E","T","R","E","M","$","M","R","B",null,"M","M","?","?","M","E","R","E","T","R","E","R","M","M","R","B",null,"M","$","?","?","M","R","E","R","T","M","E","R","?","M","R","B","B"],"character_chosen":"DEFECT","items_purchased":["OrangePellets","Defragment","Medical Kit","Doom and Gloom+1"],"campfire_rested":3,"item_purchase_floors":[13,36,36,36],"current_hp_per_floor":[60,60,60,49,49,49,49,43,43,43,28,28,28,13,49,40,63,43,43,43,43,43,22,58,53,53,53,50,50,50,50,50,28,60,53,53,53,53,53,53,42,42,42,33,29,64,64,64,64,19,0],"gold":138,"neow_bonus":"UPGRADE_CARD","is_prod":false,"is_daily":false,"chose_seed":false,"campfire_upgraded":7,"win_rate":0,"timestamp":1559689731,"path_taken":["M","?","?","?","M","R","?","E","T","R","E","M","$","M","R","BOSS","M","?","?","?","?","E","R","E","T","R","E","R","M","M","R","BOSS","M","?","?","?","M","R","E","R","T","M","E","R","?","?","R","BOSS","BOSS"],"build_version":"2019-06-02","purchased_purges":1,"victory":false,"max_hp_per_floor":[71,71,71,71,71,71,71,71,71,71,71,71,71,71,71,71,71,71,71,71,71,71,71,71,71,71,71,71,71,71,71,71,71,71,71,71,67,67,67,67,67,67,67,67,67,67,67,67,67,67,67],"card_choices":[{"not_picked":["Redo","BootSequence"],"picked":"Streamline","floor":1.0},{"not_picked":["Chaos","Hologram"],"picked":"Rebound","floor":3.0},{"not_picked":["Tempest","Streamline"],"picked":"FTL","floor":5.0},{"not_picked":["Gash","Compile Driver"],"picked":"Coolheaded","floor":8.0},{"not_picked":["Tempest","Rebound","Rip and Tear"],"picked":"SKIP","floor":11.0},{"not_picked":["Compile Driver","Go for the Eyes"],"picked":"Ball Lightning","floor":12.0},{"not_picked":["Conserve Battery","Tempest"],"picked":"BootSequence","floor":14.0},{"not_picked":["Thunder Strike","Creative AI"],"picked":"Electrodynamics","floor":16.0},{"not_picked":["Streamline","Ball Lightning","Hologram"],"picked":"SKIP","floor":18.0},{"not_picked":["Hello World","Blizzard","Cold Snap+1"],"picked":"SKIP","floor":19.0},{"not_picked":["Compile Driver","Ball Lightning","Blizzard"],"picked":"SKIP","floor":22.0},{"not_picked":["Ball Lightning","Blizzard"],"picked":"Compile Driver","floor":22.0},{"not_picked":["Redo","Sweeping Beam+1"],"picked":"Reinforced Body+1","floor":23.0},{"not_picked":["Scrape+1","Redo+1","Consume"],"picked":"SKIP","floor":25.0},{"not_picked":["Gash+1","Darkness","Skim"],"picked":"SKIP","floor":28.0},{"not_picked":["Sunder+1","Fission"],"picked":"Undo","floor":30.0},{"not_picked":["Turbo","Hologram"],"picked":"Chill+1","floor":31.0},{"not_picked":["Hyperbeam+1","Creative AI"],"picked":"Seek","floor":33.0},{"not_picked":["Sweeping Beam+1","Barrage+1","Storm"],"picked":"SKIP","floor":35},{"not_picked":["Ball Lightning+1","Rebound+1"],"picked":"Coolheaded+1","floor":39},{"not_picked":["Beam Cell+1","Self Repair+1"],"picked":"Steam+1","floor":41},{"not_picked":["Cold Snap+1","Auto Shields+1"],"picked":"Force Field+1","floor":44},{"not_picked":["Compile Driver+1","Gash+1","Reboot"],"picked":"SKIP","floor":45},{"not_picked":["Consume","Force Field"],"picked":"Chill","floor":48}],"player_experience":1607536,"relics_obtained":[{"floor":8.0,"key":"Nunchaku"},{"floor":9.0,"key":"Regal Pillow"},{"floor":11.0,"key":"PreservedInsect"},{"floor":23.0,"key":"Molten Egg 2"},{"floor":25.0,"key":"Centennial Puzzle"},{"floor":28.0,"key":"Boot"},{"floor":41,"key":"Shuriken"},{"floor":43,"key":"Bag of Marbles"},{"floor":45,"key":"Ornamental Fan"}],"event_choices":[{"damage_healed":0.0,"max_hp_gain":0.0,"max_hp_loss":0.0,"gold_gain":0.0,"event_name":"Upgrade Shrine","player_choice":"Upgraded","floor":2.0,"gold_loss":0.0,"damage_taken":0.0,"cards_upgraded":["Streamline"]},{"damage_healed":0.0,"max_hp_gain":0.0,"max_hp_loss":0.0,"gold_gain":0.0,"event_name":"Scrap Ooze","player_choice":"Success","floor":4.0,"gold_loss":0.0,"damage_taken":11.0,"relics_obtained":["Mercury Hourglass"]},{"damage_healed":0.0,"max_hp_gain":0.0,"max_hp_loss":0.0,"gold_gain":0.0,"event_name":"Lab","player_choice":"Got Potions","floor":7.0,"gold_loss":0.0,"damage_taken":0.0},{"damage_healed":0.0,"max_hp_gain":0.0,"max_hp_loss":0.0,"gold_gain":0.0,"event_name":"Back to Basics","player_choice":"Simplicity","floor":20.0,"gold_loss":0.0,"damage_taken":0.0,"cards_upgraded":["Strike_B","Strike_B","Strike_B","Strike_B","Defend_B","Defend_B","Defend_B","Defend_B"]},{"damage_healed":0.0,"max_hp_gain":0.0,"max_hp_loss":0.0,"gold_gain":0.0,"event_name":"Match and Keep!","player_choice":"1 cards matched","floor":21.0,"gold_loss":0.0,"damage_taken":0.0,"cards_obtained":["Biased Cognition"]},{"damage_healed":0,"gold_gain":0,"player_choice":"Max HP","damage_taken":0,"max_hp_gain":0,"max_hp_loss":4,"event_name":"Winding Halls","floor":37,"gold_loss":0},{"cards_removed":["Defend_B"],"damage_healed":0,"gold_gain":0,"player_choice":"Removed Skill","damage_taken":0,"max_hp_gain":0,"max_hp_loss":0,"event_name":"Falling","floor":38,"gold_loss":0},{"damage_healed":0,"gold_gain":0,"player_choice":"Upgraded","damage_taken":0,"max_hp_gain":0,"max_hp_loss":0,"event_name":"Upgrade Shrine","floor":47,"gold_loss":0,"cards_upgraded":["Compile Driver"]}],"is_beta":true,"boss_relics":[{"not_picked":["Eternal Feather","Empty Cage"],"picked":"Nuclear Battery"},{"not_picked":["Philosopher\u0027s Stone","Coffee Dripper"],"picked":"Sozu"}],"items_purged_floors":[36],"is_endless":false,"potions_floor_spawned":[5,14,16,19,23,28,35,39,45],"killed_by":"Time Eater","ascension_level":20}