{"gold_per_floor":[109,126,141,216,231,241,269,269,269,282,299,314,330,344,344,444,444,459,476,476],"floor_reached":20,"playtime":1755,"items_purged":[],"score":184,"play_id":"eacf663a-5af5-4412-8c04-f7295c5e7c6c","local_time":"20190317201153","is_ascension_mode":false,"campfire_choices":[{"floor":8.0,"key":"REST"},{"floor":15.0,"key":"REST"}],"neow_cost":"NONE","seed_source_timestamp":0,"circlet_count":0,"master_deck":["Defend_G","Defend_G","Defend_G","Defend_G","Defend_G","Strike_G","Strike_G","Strike_G","Strike_G","Strike_G","Survivor","Neutralize","Poisoned Stab","Acrobatics","Reflex","Dagger Throw","Backflip","Bane","Dagger Throw","Riddle With Holes","Underhanded Strike","Well Laid Plans","Distraction","Tools of the Trade","Blade Dance","Calculated Gamble","Poisoned Stab","Poisoned Stab","Riddle With Holes","Bane","Reflex+1"],"special_seed":0,"relics":["Ring of the Snake","Blood Vial","Smiling Mask","Mummified Hand","Orrery"],"potions_floor_usage":[20],"damage_taken":[{"damage":0.0,"enemies":"2 Louse","floor":1.0,"turns":3.0},{"damage":2.0,"enemies":"Small Slimes","floor":2.0,"turns":4.0},{"damage":3.0,"enemies":"Jaw Worm","floor":3.0,"turns":4.0},{"damage":22.0,"enemies":"Gremlin Gang","floor":5.0,"turns":6.0},{"damage":0.0,"enemies":"Blue Slaver","floor":6.0,"turns":5.0},{"damage":25.0,"enemies":"3 Sentries","floor":7.0,"turns":12.0},{"damage":7.0,"enemies":"Looter","floor":10.0,"turns":2.0},{"damage":11.0,"enemies":"Gremlin Gang","floor":11.0,"turns":6.0},{"damage":16.0,"enemies":"Lots of Slimes","floor":12.0,"turns":4.0},{"damage":3.0,"enemies":"Red Slaver","floor":13.0,"turns":3.0},{"damage":0.0,"enemies":"Looter","floor":14.0,"turns":2.0},{"damage":35.0,"enemies":"Hexaghost","floor":16.0,"turns":13.0},{"damage":12,"enemies":"3 Byrds","floor":18,"turns":6},{"damage":21,"enemies":"Spheric Guardian","floor":19,"turns":4},{"damage":44,"enemies":"Centurion and Healer","floor":20,"turns":5}],"seed_played":"8324408337558989162","potions_obtained":[{"floor":3.0,"key":"Regen Potion"},{"floor":6.0,"key":"Dexterity Potion"},{"floor":10.0,"key":"EssenceOfSteel"},{"floor":11.0,"key":"SkillPotion"},{"floor":12.0,"key":"Explosive Potion"},{"floor":19,"key":"AttackPotion"}],"is_trial":false,"path_per_floor":["M","M","M","?","M","M","E","R","T","M","M","M","M","M","R","B",null,"M","M","M"],"character_chosen":"THE_SILENT","items_purchased":[],"campfire_rested":2,"item_purchase_floors":[],"current_hp_per_floor":[70,68,67,56,36,38,30,51,51,46,37,23,22,24,45,12,70,58,39,0],"gold":476,"neow_bonus":"RANDOM_COMMON_RELIC","is_prod":false,"is_daily":false,"chose_seed":false,"campfire_upgraded":0,"win_rate":0.0,"timestamp":1552867913,"path_taken":["M","M","M","?","M","M","E","R","T","M","M","M","M","M","R","BOSS","M","M","M"],"build_version":"2019-01-23","purchased_purges":0,"victory":false,"max_hp_per_floor":[70,70,70,70,70,70,70,70,70,70,70,70,70,70,70,70,70,70,70,70],"card_choices":[{"not_picked":["Backstab","Bane"],"picked":"Poisoned Stab","floor":1.0},{"not_picked":["Blade Dance","Tactician"],"picked":"Acrobatics","floor":2.0},{"not_picked":["Escape Plan","Footwork"],"picked":"Reflex","floor":3.0},{"not_picked":["Flechettes","Deflect"],"picked":"Dagger Throw","floor":5.0},{"not_picked":["Dagger Spray","Outmaneuver"],"picked":"Backflip","floor":6.0},{"not_picked":["Dagger Spray","Riddle With Holes"],"picked":"Bane","floor":7.0},{"not_picked":["Outmaneuver","Malaise"],"picked":"Dagger Throw","floor":10.0},{"not_picked":["Leg Sweep","Outmaneuver"],"picked":"Riddle With Holes","floor":11.0},{"not_picked":["Distraction","Flying Knee"],"picked":"Underhanded Strike","floor":12.0},{"not_picked":["Prepared","Deflect"],"picked":"Well Laid Plans","floor":13.0},{"not_picked":["Underhanded Strike","Terror"],"picked":"Distraction","floor":14.0},{"not_picked":["Unload","Corpse Explosion"],"picked":"Tools of the Trade","floor":16.0},{"not_picked":["Dagger Throw","Leg Sweep"],"picked":"Blade Dance","floor":17},{"not_picked":["Quick Slash","Caltrops"],"picked":"Calculated Gamble","floor":17},{"not_picked":["Quick Slash","Caltrops"],"picked":"Poisoned Stab","floor":17},{"not_picked":["Blade Dance","Slice"],"picked":"Poisoned Stab","floor":17},{"not_picked":["Outmaneuver","Skewer"],"picked":"Riddle With Holes","floor":17},{"not_picked":["Caltrops","Dagger Spray"],"picked":"Bane","floor":18},{"not_picked":["Well Laid Plans","Doppelganger"],"picked":"Reflex+1","floor":19}],"player_experience":40057,"relics_obtained":[{"floor":7.0,"key":"Smiling Mask"},{"floor":9.0,"key":"Mummified Hand"}],"event_choices":[{"damage_healed":0.0,"max_hp_gain":0.0,"max_hp_loss":0.0,"gold_gain":75.0,"event_name":"World of Goop","player_choice":"Gather Gold","floor":4.0,"gold_loss":0.0,"damage_taken":11.0}],"is_beta":false,"boss_relics":[{"not_picked":["Astrolabe","Runic Dome"],"picked":"Orrery"}],"items_purged_floors":[],"is_endless":false,"potions_floor_spawned":[3,6,10,11,12,19],"killed_by":"Centurion and Healer","ascension_level":0}