{"gold_per_floor":[111,15,15,15,38,72,72,103,103,122,122,138,138,151,151,229,229,247,265,265,276,42,67,67,87,87,99,119,136,136,150,150,150],"floor_reached":33,"playtime":1316,"items_purged":[],"score":658,"play_id":"7149a5cc-4cf4-46c7-91bc-288cae2d3fcb","local_time":"20190605090536","is_ascension_mode":true,"campfire_choices":[{"data":"True Grit","floor":7.0,"key":"SMITH"},{"data":"Whirlwind","floor":11.0,"key":"SMITH"},{"data":"Bash","floor":13.0,"key":"SMITH"},{"data":"Inflame","floor":15.0,"key":"SMITH"},{"data":"Corruption","floor":24.0,"key":"SMITH"},{"floor":30,"key":"REST"},{"data":"Clothesline","floor":32,"key":"SMITH"}],"neow_cost":"NONE","seed_source_timestamp":1886816551529692,"circlet_count":0,"master_deck":["AscendersBane","Strike_R","Strike_R","Strike_R","Strike_R","Strike_R","Defend_R","Defend_R","Defend_R","Defend_R","Bash+1","Inflame+1","True Grit+1","Corruption+1","Flame Barrier","Whirlwind+1","Iron Wave","Limit Break+1","Heavy Blade","Evolve","Iron Wave","Reaper","Clothesline+1"],"special_seed":0,"relics":["Burning Blood","NeowsBlessing","Du-Vu Doll","PreservedInsect","Torii","Vajra","Paper Frog","Mark of Pain","Lee\u0027s Waffle","Gremlin Horn","Regal Pillow"],"potions_floor_usage":[29,33],"damage_taken":[{"damage":0.0,"enemies":"Small Slimes","floor":1.0,"turns":1.0},{"damage":0.0,"enemies":"Gremlin Nob","floor":6.0,"turns":1.0},{"damage":0.0,"enemies":"3 Sentries","floor":8.0,"turns":2.0},{"damage":7.0,"enemies":"Jaw Worm","floor":10.0,"turns":2.0},{"damage":1.0,"enemies":"Cultist","floor":12.0,"turns":3.0},{"damage":1.0,"enemies":"2 Fungi Beasts","floor":14.0,"turns":3.0},{"damage":68.0,"enemies":"Hexaghost","floor":16.0,"turns":11.0},{"damage":26.0,"enemies":"Shell Parasite","floor":18.0,"turns":5.0},{"damage":15.0,"enemies":"2 Thieves","floor":19.0,"turns":4.0},{"damage":21.0,"enemies":"Centurion and Healer","floor":21.0,"turns":6.0},{"damage":46.0,"enemies":"Slavers","floor":23.0,"turns":4.0},{"damage":26,"enemies":"Snecko","floor":25,"turns":5},{"damage":24,"enemies":"Snake Plant","floor":27,"turns":4},{"damage":13,"enemies":"Centurion and Healer","floor":28,"turns":5},{"damage":13,"enemies":"Snecko","floor":29,"turns":3},{"damage":18,"enemies":"Snake Plant","floor":31,"turns":5},{"damage":83,"enemies":"Automaton","floor":33,"turns":6}],"seed_played":"7617298062424957490","potions_obtained":[{"floor":6.0,"key":"Weak Potion"},{"floor":14.0,"key":"Fire Potion"},{"floor":16.0,"key":"Block Potion"},{"floor":23.0,"key":"FairyPotion"},{"floor":27,"key":"FearPotion"},{"floor":29,"key":"SkillPotion"},{"floor":31,"key":"SpeedPotion"}],"is_trial":false,"path_per_floor":["M","$","?","T","T","E","R","E","T","M","R","M","R","M","R","B",null,"M","M","?","M","$","E","R","M","T","M","M","M","R","M","R","B"],"character_chosen":"IRONCLAD","items_purchased":["True Grit","Corruption","Lee\u0027s Waffle","Iron Wave"],"campfire_rested":1,"item_purchase_floors":[2,2,22,22],"current_hp_per_floor":[74,74,74,74,74,75,75,75,75,74,74,75,75,75,75,13,60,40,31,31,16,82,42,42,30,30,12,14,21,60,48,48,0],"gold":150,"neow_bonus":"THREE_ENEMY_KILL","is_prod":false,"is_daily":false,"chose_seed":false,"campfire_upgraded":6,"win_rate":0,"timestamp":1559739936,"path_taken":["M","$","?","?","?","E","R","E","T","?","R","M","R","M","R","BOSS","M","M","?","M","$","E","R","?","T","M","M","M","R","M","R","BOSS"],"build_version":"2019-01-23","purchased_purges":0,"victory":false,"max_hp_per_floor":[75,75,75,75,75,75,75,75,75,75,75,75,75,75,75,75,75,75,75,75,75,82,82,82,82,82,82,82,82,82,82,82,82],"card_choices":[{"not_picked":["Headbutt","Warcry"],"picked":"Inflame","floor":1.0},{"not_picked":["Armaments","Thunderclap"],"picked":"Flame Barrier","floor":6.0},{"not_picked":["Carnage","Searing Blow"],"picked":"Whirlwind","floor":8.0},{"not_picked":["Sever Soul","Combust","Havoc"],"picked":"SKIP","floor":10.0},{"not_picked":["Combust","Thunderclap","Inflame"],"picked":"SKIP","floor":12.0},{"not_picked":["Sword Boomerang","Headbutt"],"picked":"Iron Wave","floor":14.0},{"not_picked":["Barricade","Exhume"],"picked":"Limit Break","floor":16.0},{"not_picked":["Thunderclap","Intimidate"],"picked":"Heavy Blade","floor":18.0},{"not_picked":["Entrench","Reckless Charge"],"picked":"Evolve","floor":19.0},{"not_picked":["Heavy Blade","Cleave","Havoc"],"picked":"SKIP","floor":21.0},{"not_picked":["Twin Strike","Rampage"],"picked":"Reaper","floor":23.0},{"not_picked":["Flame Barrier","True Grit"],"picked":"Clothesline","floor":25},{"not_picked":["Perfected Strike","Sword Boomerang","Carnage"],"picked":"SKIP","floor":27},{"not_picked":["Dual Wield","Wild Strike","Heavy Blade+1"],"picked":"SKIP","floor":28},{"not_picked":["Body Slam","Fiend Fire","Havoc"],"picked":"SKIP","floor":29},{"not_picked":["Warcry","Sword Boomerang+1","Flex"],"picked":"SKIP","floor":31}],"player_experience":563642,"relics_obtained":[{"floor":4.0,"key":"Du-Vu Doll"},{"floor":5.0,"key":"PreservedInsect"},{"floor":6.0,"key":"Torii"},{"floor":8.0,"key":"Vajra"},{"floor":9.0,"key":"Paper Frog"},{"floor":23.0,"key":"Gremlin Horn"},{"floor":26,"key":"Regal Pillow"}],"event_choices":[{"damage_healed":0.0,"max_hp_gain":0.0,"max_hp_loss":0.0,"gold_gain":0.0,"event_name":"The Cleric","player_choice":"Leave","floor":3.0,"gold_loss":0.0,"damage_taken":0.0},{"damage_healed":0.0,"max_hp_gain":0.0,"max_hp_loss":0.0,"gold_gain":0.0,"event_name":"Upgrade Shrine","player_choice":"Upgraded","floor":20.0,"gold_loss":0.0,"damage_taken":0.0,"cards_upgraded":["Limit Break"]}],"is_beta":false,"boss_relics":[{"not_picked":["Velvet Choker","Philosopher\u0027s Stone"],"picked":"Mark of Pain"}],"items_purged_floors":[],"is_endless":false,"potions_floor_spawned":[6,14,16,23,27,29,31],"killed_by":"Automaton","ascension_level":20}