{"gold_per_floor":[112,112,125,53,63,63,91,91,91,91,107,142,161,10,10,110,110,121,53,72,91,107,139,139,155,155,155,155],"floor_reached":28,"playtime":1968,"items_purged":["Strike_G"],"score":275,"play_id":"0aed232d-cd7d-443f-bf4b-ca2563b21f1b","local_time":"20190523232747","is_ascension_mode":false,"campfire_choices":[{"data":"Noxious Fumes","floor":6,"key":"SMITH"},{"data":"Caltrops","floor":8,"key":"SMITH"},{"data":"Neutralize","floor":10,"key":"SMITH"},{"data":"Noxious Fumes","floor":15,"key":"SMITH"},{"data":"Footwork","floor":24,"key":"SMITH"},{"data":"Footwork","floor":27,"key":"SMITH"}],"neow_cost":"NONE","seed_source_timestamp":686000811681100,"circlet_count":0,"master_deck":["Defend_G","Defend_G","Defend_G","Defend_G","Strike_G","Strike_G","Strike_G+1","Survivor","Neutralize+1","Deadly Poison+1","Caltrops+1","Noxious Fumes+1","Backstab+1","Outmaneuver+1","Noxious Fumes+1","Burst+1","Prepared+1","Catalyst+1","Backflip+1","Footwork+1","Footwork+1","Backflip+1"],"relics":["Sozu","Gremlin Horn","Toxic Egg 2","Whetstone","Empty Cage","Singing Bowl","Meat on the Bone"],"potions_floor_usage":[],"damage_taken":[{"damage":0,"enemies":"Jaw Worm","floor":1,"turns":6},{"damage":0,"enemies":"Cultist","floor":3,"turns":3},{"damage":0,"enemies":"2 Louse","floor":5,"turns":2},{"damage":32,"enemies":"Gremlin Nob","floor":7,"turns":5},{"damage":0,"enemies":"Large Slime","floor":11,"turns":5},{"damage":8,"enemies":"Lagavulin","floor":12,"turns":6},{"damage":2,"enemies":"Looter","floor":13,"turns":2},{"damage":16,"enemies":"Hexaghost","floor":16,"turns":8},{"damage":7,"enemies":"3 Byrds","floor":18,"turns":5},{"damage":3,"enemies":"Shell Parasite","floor":20,"turns":4},{"damage":9,"enemies":"Cultist and Chosen","floor":21,"turns":5},{"damage":12,"enemies":"Shelled Parasite and Fungi","floor":22,"turns":4},{"damage":12,"enemies":"Book of Stabbing","floor":23,"turns":4},{"damage":7,"enemies":"Snecko","floor":25,"turns":6},{"damage":21,"enemies":"Sentry and Sphere","floor":28,"turns":3}],"seed_played":"-8153145148252822125","potions_obtained":[],"is_trial":false,"path_per_floor":["M","?","M","$","M","R","E","R","T","R","M","E","M","$","R","B",null,"M","$","M","M","M","E","R","M","T","R","M"],"character_chosen":"THE_SILENT","items_purchased":["Noxious Fumes","Noxious Fumes","Catalyst+1"],"campfire_rested":0,"item_purchase_floors":[4,14,19],"current_hp_per_floor":[70,70,70,70,70,70,38,38,38,38,38,30,28,28,28,12,70,63,63,60,51,39,27,27,20,20,20,0],"gold":155,"neow_bonus":"BOSS_RELIC","is_prod":false,"is_daily":false,"chose_seed":false,"campfire_upgraded":6,"win_rate":0,"timestamp":1558668467,"path_taken":["M","?","?","$","M","R","E","R","T","R","M","E","M","$","R","BOSS","M","$","M","M","M","E","R","M","T","R","M"],"build_version":"2019-01-23","purchased_purges":1,"victory":false,"max_hp_per_floor":[70,70,70,70,70,70,70,70,70,70,70,70,70,70,70,70,70,70,70,70,70,70,70,70,70,70,70,70],"card_choices":[{"not_picked":["Acrobatics","Escape Plan"],"picked":"Deadly Poison","floor":1},{"not_picked":["Reflex","Underhanded Strike"],"picked":"Caltrops","floor":3},{"not_picked":["Quick Slash","Cloak And Dagger","Underhanded Strike"],"picked":"SKIP","floor":5},{"not_picked":["Flechettes","Slice"],"picked":"Backstab","floor":7},{"not_picked":["Reflex+1","All Out Attack","Eviscerate"],"picked":"SKIP","floor":11},{"not_picked":["Die Die Die","Deflect+1"],"picked":"Outmaneuver+1","floor":12},{"not_picked":["PiercingWail+1","Dagger Spray","Blade Dance+1"],"picked":"SKIP","floor":13},{"not_picked":["Venomology+1","Malaise+1"],"picked":"Burst+1","floor":16},{"not_picked":["Dagger Spray","Predator"],"picked":"Prepared+1","floor":18},{"not_picked":["Sucker Punch+1","Eviscerate","Choke"],"picked":"SKIP","floor":20},{"not_picked":["Expertise+1","Sucker Punch+1"],"picked":"Backflip+1","floor":21},{"not_picked":["All Out Attack","Backstab"],"picked":"Footwork","floor":22},{"not_picked":["Finisher+1","Backstab"],"picked":"Footwork","floor":23},{"not_picked":["Leg Sweep+1","Underhanded Strike"],"picked":"Backflip+1","floor":25}],"player_experience":904215,"relics_obtained":[{"floor":7,"key":"Gremlin Horn"},{"floor":9,"key":"Toxic Egg 2"},{"floor":12,"key":"Whetstone"},{"floor":23,"key":"Singing Bowl"},{"floor":26,"key":"Meat on the Bone"}],"event_choices":[{"damage_healed":0,"gold_gain":0,"player_choice":"Forge","damage_taken":0,"max_hp_gain":0,"max_hp_loss":0,"event_name":"Accursed Blacksmith","floor":2,"gold_loss":0,"cards_upgraded":["Deadly Poison"]}],"is_beta":false,"boss_relics":[{"not_picked":["Tiny House","Coffee Dripper"],"picked":"Empty Cage"}],"items_purged_floors":[14],"is_endless":false,"potions_floor_spawned":[1,3,5,16,20,21,22,25],"killed_by":"Sentry and Sphere","ascension_level":0}