{"gold_per_floor":[112,128,128,144,144,144,159,190,246,263,263,290,305,230,230,327,327,341,431,444,459,203,203,203],"floor_reached":24,"playtime":846,"items_purged":["Strike_R","Strike_R"],"score":264,"play_id":"cf92669d-4670-4e2c-ae18-77aed1c0c437","local_time":"20190415221559","is_ascension_mode":true,"campfire_choices":[{"data":"Searing Blow","floor":6,"key":"SMITH"},{"data":"Searing Blow+1","floor":11,"key":"SMITH"},{"data":"Searing Blow+2","floor":15,"key":"SMITH"},{"data":"Searing Blow+3","floor":23,"key":"SMITH"}],"neow_cost":"NONE","seed_source_timestamp":173018519336938,"circlet_count":0,"master_deck":["Strike_R","Strike_R","Defend_R","Defend_R","Defend_R","Defend_R","Bash","Pommel Strike","Searing Blow+4","Warcry","Feed","Offering","Warcry"],"relics":["Burning Blood","Orichalcum","Tiny Chest","Red Skull","Philosopher\u0027s Stone","Blood Vial"],"potions_floor_usage":[8,12,24,24,24],"damage_taken":[{"damage":8,"enemies":"Jaw Worm","floor":1,"turns":5},{"damage":10,"enemies":"Small Slimes","floor":2,"turns":3},{"damage":6,"enemies":"Cultist","floor":4,"turns":3},{"damage":11,"enemies":"2 Fungi Beasts","floor":7,"turns":3},{"damage":16,"enemies":"Gremlin Nob","floor":8,"turns":3},{"damage":21,"enemies":"Exordium Thugs","floor":10,"turns":6},{"damage":23,"enemies":"3 Sentries","floor":12,"turns":8},{"damage":6,"enemies":"Large Slime","floor":13,"turns":4},{"damage":43,"enemies":"Slime Boss","floor":16,"turns":9},{"damage":24,"enemies":"2 Thieves","floor":18,"turns":4},{"damage":6,"enemies":"Spheric Guardian","floor":20,"turns":3},{"damage":24,"enemies":"Snake Plant","floor":21,"turns":4},{"damage":43,"enemies":"Gremlin Leader","floor":24,"turns":5}],"seed_played":"-1700751264790004980","potions_obtained":[{"floor":4,"key":"GamblersBrew"},{"floor":7,"key":"Fire Potion"},{"floor":10,"key":"Regen Potion"},{"floor":13,"key":"BloodPotion"},{"floor":18,"key":"BloodPotion"}],"is_trial":false,"path_per_floor":["M","M","?","M","?","R","M","E","T","M","R","E","M","$","R","B",null,"M","?","M","M","$","R","E"],"character_chosen":"IRONCLAD","items_purchased":["Blood Vial"],"campfire_rested":0,"item_purchase_floors":[22],"current_hp_per_floor":[86,82,87,87,87,87,85,75,75,63,63,61,64,64,64,30,105,90,70,70,52,52,52,31],"gold":203,"neow_bonus":"TEN_PERCENT_HP_BONUS","is_prod":false,"is_daily":false,"chose_seed":false,"campfire_upgraded":4,"win_rate":0,"timestamp":1555380959,"path_taken":["M","M","?","M","?","R","?","E","T","M","R","E","M","$","R","BOSS","M","?","M","M","?","R","E"],"build_version":"2019-01-23","purchased_purges":2,"victory":false,"max_hp_per_floor":[88,88,93,93,93,93,96,96,96,99,99,99,102,102,102,105,105,108,108,108,108,108,108,108],"card_choices":[{"not_picked":["Sword Boomerang","Dual Wield"],"picked":"Pommel Strike","floor":1},{"not_picked":["Armaments","Heavy Blade"],"picked":"Searing Blow","floor":2},{"not_picked":["Shrug It Off","Uppercut"],"picked":"Warcry","floor":4},{"not_picked":["Flex","Shockwave","Havoc"],"picked":"SKIP","floor":7},{"not_picked":["Flame Barrier","Shrug It Off","Wild Strike"],"picked":"SKIP","floor":8},{"not_picked":["Sword Boomerang","Thunderclap","Heavy Blade"],"picked":"SKIP","floor":10},{"not_picked":["Ghostly Armor","Blood for Blood","Impervious"],"picked":"SKIP","floor":12},{"not_picked":["Feel No Pain","Thunderclap","Combust"],"picked":"SKIP","floor":13},{"not_picked":["Juggernaut","Reaper"],"picked":"Offering","floor":16},{"not_picked":["True Grit+1","Second Wind"],"picked":"Warcry","floor":18},{"not_picked":["Rupture","Rage","Warcry"],"picked":"SKIP","floor":20},{"not_picked":["Burning Pact","Pommel Strike","Sever Soul"],"picked":"SKIP","floor":21}],"player_experience":155624,"relics_obtained":[{"floor":8,"key":"Orichalcum"},{"floor":9,"key":"Tiny Chest"},{"floor":12,"key":"Red Skull"}],"event_choices":[{"damage_healed":0,"gold_gain":0,"player_choice":"Donut","damage_taken":0,"max_hp_gain":5,"max_hp_loss":0,"event_name":"Big Fish","floor":3,"gold_loss":0},{"damage_healed":0,"gold_gain":0,"cards_transformed":["Strike_R"],"player_choice":"Transformed","damage_taken":0,"max_hp_gain":0,"max_hp_loss":0,"event_name":"Transmorgrifier","floor":5,"gold_loss":0,"cards_obtained":["Feed"]},{"damage_healed":0,"gold_gain":90,"player_choice":"GOLD ","damage_taken":20,"max_hp_gain":0,"max_hp_loss":0,"event_name":"Knowing Skull","floor":19,"potions_obtained":[],"gold_loss":0,"cards_obtained":[]}],"is_beta":false,"boss_relics":[{"not_picked":["Busted Crown","Sozu"],"picked":"Philosopher\u0027s Stone"}],"items_purged_floors":[14,22],"is_endless":false,"potions_floor_spawned":[4,7,10,13,18],"killed_by":"Gremlin Leader","ascension_level":3}