{"gold_per_floor":[117,117,67,67,67,67,82,82,156,191,206,219,239,271,271,368,368,387,82,82,132,148,148,183,183,232,232,22,41,41],"floor_reached":30,"playtime":1013,"items_purged":[],"score":348,"play_id":"ab27f4d9-62ad-46a5-a1a7-f570b9aa276f","local_time":"20190414213334","is_ascension_mode":true,"campfire_choices":[{"data":"Thunderclap","floor":6,"key":"SMITH"},{"data":"Reaper","floor":15,"key":"SMITH"},{"data":"Demon Form","floor":23,"key":"SMITH"},{"data":"Heavy Blade","floor":25,"key":"SMITH"},{"data":"Dual Wield","floor":27,"key":"SMITH"}],"neow_cost":"NONE","seed_source_timestamp":141865894931982,"circlet_count":0,"master_deck":["Strike_R","Strike_R","Strike_R","Strike_R","Defend_R","Defend_R","Defend_R","Defend_R","Bash+1","Thunderclap+1","Combust","Battle Trance","Twin Strike","Metallicize","Reaper+1","Heavy Blade+1","Demon Form+1","Heavy Blade","Headbutt","Necronomicurse","Shrug It Off","Dual Wield+1","Double Tap"],"relics":["Black Blood","NeowsBlessing","Du-Vu Doll","Mummified Hand","The Courier","Peace Pipe","Tiny Chest","Kunai","Necronomicon","Pear","Bottled Tornado"],"potions_floor_usage":[16,16,16,18,29],"damage_taken":[{"damage":0,"enemies":"Small Slimes","floor":1,"turns":1},{"damage":0,"enemies":"Jaw Worm","floor":7,"turns":1},{"damage":0,"enemies":"3 Sentries","floor":10,"turns":1},{"damage":1,"enemies":"2 Louse","floor":11,"turns":2},{"damage":2,"enemies":"Large Slime","floor":12,"turns":4},{"damage":9,"enemies":"Red Slaver","floor":13,"turns":5},{"damage":42,"enemies":"Lagavulin","floor":14,"turns":7},{"damage":53,"enemies":"The Guardian","floor":16,"turns":12},{"damage":42,"enemies":"Shell Parasite","floor":18,"turns":7},{"damage":14,"enemies":"Chosen","floor":22,"turns":4},{"damage":63,"enemies":"Book of Stabbing","floor":24,"turns":5},{"damage":8,"enemies":"Snecko","floor":29,"turns":4},{"damage":51,"enemies":"Gremlin Leader","floor":30,"turns":2}],"seed_played":"3560633792156653676","potions_obtained":[{"floor":1,"key":"LiquidBronze"},{"floor":11,"key":"EssenceOfSteel"},{"floor":12,"key":"Swift Potion"},{"floor":16,"key":"Regen Potion"},{"floor":22,"key":"Strength Potion"},{"floor":24,"key":"SkillPotion"}],"is_trial":false,"path_per_floor":["M","?","?","?","$","R","M","?","T","E","M","M","M","E","R","B",null,"M","$","?","?","M","R","E","R","T","R","$","M","E"],"character_chosen":"IRONCLAD","items_purchased":["Tiny Chest","Headbutt","Kunai","Bottled Tornado"],"campfire_rested":0,"item_purchase_floors":[19,19,19,28],"current_hp_per_floor":[80,80,80,85,85,85,85,67,67,73,78,82,79,49,49,9,85,83,83,67,67,83,83,40,40,40,40,40,42,0],"gold":41,"neow_bonus":"THREE_ENEMY_KILL","is_prod":false,"is_daily":false,"chose_seed":false,"campfire_upgraded":5,"win_rate":0,"timestamp":1555292014,"path_taken":["M","?","?","?","?","R","?","?","T","E","M","M","M","E","R","BOSS","M","$","?","?","M","R","E","R","T","R","$","M","E"],"build_version":"2019-01-23","purchased_purges":0,"victory":false,"max_hp_per_floor":[80,80,80,85,85,85,85,85,85,85,85,85,85,85,85,85,85,85,85,85,85,85,85,95,95,95,95,95,95,95],"card_choices":[{"not_picked":["Rage","Intimidate"],"picked":"Thunderclap","floor":1},{"not_picked":["Thunderclap","Iron Wave"],"picked":"Combust","floor":7},{"not_picked":["Pummel","Wild Strike"],"picked":"Battle Trance","floor":10},{"not_picked":["Iron Wave","Headbutt"],"picked":"Twin Strike","floor":11},{"not_picked":["Anger","Flex"],"picked":"Metallicize","floor":12},{"not_picked":["Cleave","Power Through"],"picked":"Reaper","floor":13},{"not_picked":["Rampage","Warcry"],"picked":"Heavy Blade","floor":14},{"not_picked":["Bludgeon","Double Tap"],"picked":"Demon Form","floor":16},{"not_picked":["Thunderclap","Corruption"],"picked":"Heavy Blade","floor":18},{"not_picked":["Second Wind","Headbutt"],"picked":"Shrug It Off","floor":22},{"not_picked":["True Grit+1","Iron Wave+1"],"picked":"Dual Wield","floor":24},{"not_picked":["Entrench","Perfected Strike+1"],"picked":"Double Tap","floor":29}],"player_experience":151077,"relics_obtained":[{"floor":9,"key":"Mummified Hand"},{"floor":10,"key":"The Courier"},{"floor":14,"key":"Peace Pipe"},{"floor":20,"key":"Necronomicon"},{"floor":24,"key":"Pear"}],"event_choices":[{"damage_healed":0,"gold_gain":0,"player_choice":"Grow","damage_taken":0,"max_hp_gain":0,"max_hp_loss":0,"event_name":"Living Wall","floor":2,"gold_loss":0,"cards_upgraded":["Bash"]},{"cards_removed":["Strike_R"],"damage_healed":0,"gold_gain":0,"player_choice":"Card Removal","damage_taken":0,"max_hp_gain":0,"max_hp_loss":0,"event_name":"The Cleric","floor":3,"gold_loss":50},{"damage_healed":0,"gold_gain":0,"player_choice":"Donut","damage_taken":0,"max_hp_gain":5,"max_hp_loss":0,"event_name":"Big Fish","floor":4,"gold_loss":0},{"damage_healed":0,"gold_gain":0,"player_choice":"Success","damage_taken":18,"relics_obtained":["Du-Vu Doll"],"max_hp_gain":0,"max_hp_loss":0,"event_name":"Scrap Ooze","floor":8,"gold_loss":0},{"damage_healed":0,"gold_gain":0,"player_choice":"Obtained Book","damage_taken":16,"max_hp_gain":0,"max_hp_loss":0,"event_name":"Cursed Tome","floor":20,"gold_loss":0},{"damage_healed":0,"gold_gain":100,"player_choice":"Bet on Murderer","damage_taken":0,"max_hp_gain":0,"max_hp_loss":0,"event_name":"The Joust","floor":21,"gold_loss":50}],"is_beta":false,"boss_relics":[{"not_picked":["Astrolabe","Runic Pyramid"],"picked":"Black Blood"}],"items_purged_floors":[],"is_endless":false,"potions_floor_spawned":[1,11,12,13,16,22,24],"killed_by":"Gremlin Leader","ascension_level":3}