{"gold_per_floor":[111,111,127,141,153,180,192,204,287,313,353,365,393,375,387,497,509,541,553,10,21,35,35],"floor_reached":23,"playtime":2426,"items_purged":[],"score":203,"play_id":"a53b3d16-2dba-429f-8a01-91a9c6308870","local_time":"20180922195413","is_ascension_mode":false,"campfire_choices":[{"floor":7,"key":"REST"},{"floor":12,"key":"REST"},{"floor":15,"key":"REST"}],"neow_cost":"","seed_source_timestamp":223945196972727,"circlet_count":0,"master_deck":["Defend_G","Defend_G","Defend_G","Defend_G","Defend_G","Strike_G","Strike_G","Strike_G","Strike_G","Strike_G","Survivor","Neutralize","Infinite Blades","Skewer","Flying Knee","Noxious Fumes","Footwork","Noxious Fumes","Escape Plan","A Thousand Cuts","Flying Knee","Dramatic Entrance","Backstab","Footwork","Deadly Poison+1","Prepared"],"relics":["Ring of the Snake","The Specimen","MawBank","Snake Skull","Dodecahedron","Thread and Needle","WristBlade","Nunchaku"],"potions_floor_usage":[6,6,16,18,21,22,23],"damage_taken":[{"damage":0,"enemies":"Cultist","floor":1,"turns":4},{"damage":2,"enemies":"Small Slimes","floor":3,"turns":6},{"damage":7,"enemies":"2 Louse","floor":4,"turns":5},{"damage":6,"enemies":"Red Slaver","floor":5,"turns":5},{"damage":19,"enemies":"Lagavulin","floor":6,"turns":6},{"damage":5,"enemies":"2 Fungi Beasts","floor":10,"turns":4},{"damage":23,"enemies":"3 Sentries","floor":11,"turns":7},{"damage":4,"enemies":"Lots of Slimes","floor":13,"turns":4},{"damage":12,"enemies":"Hexaghost","floor":16,"turns":10},{"damage":7,"enemies":"3 Byrds","floor":18,"turns":4},{"damage":7,"enemies":"Spheric Guardian","floor":21,"turns":5},{"damage":12,"enemies":"Centurion and Healer","floor":22,"turns":6},{"damage":36,"enemies":"Book of Stabbing","floor":23,"turns":5}],"seed_played":"2430894255892394218","potions_obtained":[{"floor":3,"key":"Strength Potion"},{"floor":4,"key":"EssenceOfSteel"},{"floor":10,"key":"Block Potion"},{"floor":11,"key":"Block Potion"},{"floor":16,"key":"Swift Potion"},{"floor":22,"key":"FearPotion"}],"is_trial":false,"path_per_floor":["M","?","M","M","M","E","R","?","T","M","E","R","M","?","R","B",null,"M","?","$","M","M"],"character_chosen":"THE_SILENT","items_purchased":["Dramatic Entrance","Backstab","Nunchaku","Footwork","AttackPotion"],"campfire_rested":3,"item_purchase_floors":[20,20,20,20,20],"current_hp_per_floor":[70,58,56,49,43,24,45,45,45,40,17,38,34,34,55,43,70,63,50,50,43,31,0],"gold":35,"neow_bonus":"","is_prod":false,"is_daily":false,"chose_seed":false,"campfire_upgraded":0,"win_rate":0.0,"timestamp":1537667653,"path_taken":["M","?","?","M","M","E","R","?","T","?","E","R","M","?","R","BOSS","M","?","$","M","M","E"],"build_version":"2018-09-20","purchased_purges":0,"victory":false,"max_hp_per_floor":[70,70,70,70,70,70,70,70,70,70,70,70,70,70,70,70,70,70,75,75,75,75,75],"card_choices":[{"not_picked":["Deadly Poison","Bouncing Flask"],"picked":"Infinite Blades","floor":1},{"not_picked":["Dagger Spray","Blur"],"picked":"Skewer","floor":3},{"not_picked":["Backflip","Quick Slash"],"picked":"Flying Knee","floor":4},{"not_picked":["Acrobatics","Noxious Fumes"],"picked":"Bullet Time","floor":5},{"not_picked":["Caltrops","Riddle With Holes"],"picked":"Noxious Fumes","floor":6},{"not_picked":["Deadly Poison","Sucker Punch"],"picked":"Footwork","floor":10},{"not_picked":["Dagger Spray","Blade Dance"],"picked":"Noxious Fumes","floor":11},{"not_picked":["Acrobatics","Bouncing Flask"],"picked":"Escape Plan","floor":13},{"not_picked":["After Image","Night Terror"],"picked":"A Thousand Cuts","floor":16},{"not_picked":["Outmaneuver","Dagger Throw"],"picked":"Flying Knee","floor":18},{"not_picked":["Flechettes","Outmaneuver"],"picked":"Deadly Poison+1","floor":21},{"not_picked":["Backflip","Flying Knee"],"picked":"Prepared","floor":22}],"player_experience":5313,"relics_obtained":[{"floor":6,"key":"MawBank"},{"floor":9,"key":"Dodecahedron"},{"floor":11,"key":"Thread and Needle"}],"event_choices":[{"event_name":"Scrap Ooze","player_choice":"success","floor":2,"damage_taken":12},{"event_name":"WeMeetAgain","player_choice":"Card","floor":8,"damage_taken":0},{"event_name":"World of Goop","player_choice":"Left","floor":14,"damage_taken":0},{"event_name":"Forgotten Altar","player_choice":"Shed Blood","floor":19,"damage_taken":0}],"is_beta":false,"boss_relics":[{"not_picked":["HoveringKite","Snecko Eye"],"picked":"WristBlade"}],"items_purged_floors":[],"is_endless":false,"potions_floor_spawned":[3,4,10,11,16,22],"killed_by":"Book of Stabbing","ascension_level":0}