{"gold_per_floor":[114,114,114,133,91,119,135,135,135,210,210,70,104,123,123,123],"floor_reached":16,"playtime":1903,"items_purged":[],"score":259,"play_id":"c0f02153-74a9-45c0-866d-e42d6ec7dfd5","local_time":"20190508200637","is_ascension_mode":true,"campfire_choices":[{"data":"Inflame","floor":8,"key":"SMITH"},{"data":"Bash","floor":11,"key":"SMITH"},{"floor":15,"key":"REST"}],"neow_cost":"NONE","seed_source_timestamp":919628630752659,"circlet_count":0,"master_deck":["AscendersBane","Strike_R","Strike_R","Strike_R","Strike_R","Strike_R","Defend_R","Defend_R","Defend_R","Defend_R","Bash+1","Inflame+1","Corruption","Dark Embrace","Sword Boomerang","Shrug It Off","Metallicize","Battle Trance"],"relics":["Burning Blood","NeowsBlessing","Bag of Preparation","Ancient Tea Set","Darkstone Periapt","Matryoshka"],"potions_floor_usage":[13,14],"damage_taken":[{"damage":0,"enemies":"Cultist","floor":1,"turns":1},{"damage":0,"enemies":"2 Louse","floor":4,"turns":1},{"damage":0,"enemies":"Gremlin Nob","floor":6,"turns":2},{"damage":4,"enemies":"Jaw Worm","floor":7,"turns":5},{"damage":31,"enemies":"3 Sentries","floor":13,"turns":8},{"damage":31,"enemies":"Gremlin Gang","floor":14,"turns":5},{"damage":36,"enemies":"The Guardian","floor":16,"turns":11}],"seed_played":"-6539166721609344365","potions_obtained":[{"floor":4,"key":"Fire Potion"},{"floor":6,"key":"SteroidPotion"},{"floor":14,"key":"Dexterity Potion"}],"is_trial":false,"path_per_floor":["M","T","?","M","$","E","M","R","T","?","R","$","E","M","R","B"],"character_chosen":"IRONCLAD","items_purchased":["Corruption","Shrug It Off","Metallicize"],"campfire_rested":1,"item_purchase_floors":[5,12,12],"current_hp_per_floor":[74,74,74,75,75,75,75,75,75,64,64,64,39,14,36,0],"gold":123,"neow_bonus":"THREE_ENEMY_KILL","is_prod":false,"is_daily":false,"chose_seed":false,"campfire_upgraded":2,"win_rate":0,"timestamp":1557360397,"path_taken":["M","?","?","M","?","E","?","R","T","?","R","$","E","M","R","BOSS"],"build_version":"2019-01-23","purchased_purges":0,"victory":false,"max_hp_per_floor":[75,75,75,75,75,75,75,75,75,75,75,75,75,75,75,75],"card_choices":[{"not_picked":["Warcry","Clash","Burning Pact"],"picked":"SKIP","floor":1},{"not_picked":["Blood for Blood","Corruption"],"picked":"Inflame","floor":4},{"not_picked":["Cleave","Havoc"],"picked":"Dark Embrace","floor":6},{"not_picked":["Perfected Strike","Iron Wave"],"picked":"Sword Boomerang","floor":7},{"not_picked":["Headbutt","Fire Breathing"],"picked":"Battle Trance","floor":13}],"player_experience":391541,"relics_obtained":[{"floor":2,"key":"Bag of Preparation"},{"floor":6,"key":"Ancient Tea Set"},{"floor":9,"key":"Darkstone Periapt"},{"floor":13,"key":"Matryoshka"}],"event_choices":[{"damage_healed":0,"gold_gain":0,"player_choice":"Ignored","damage_taken":0,"max_hp_gain":0,"max_hp_loss":0,"event_name":"Liars Game","floor":3,"gold_loss":0},{"damage_healed":0,"gold_gain":75,"player_choice":"Gather Gold","damage_taken":11,"max_hp_gain":0,"max_hp_loss":0,"event_name":"World of Goop","floor":10,"gold_loss":0}],"is_beta":false,"boss_relics":[],"items_purged_floors":[],"is_endless":false,"potions_floor_spawned":[4,6,14],"killed_by":"The Guardian","ascension_level":19}