{"gold_per_floor":[109,109,122,77,77,110,110,128,197,197,230,249,249,269,269,372,372,387,406,42,58,58,85,98,98,98,117,117,117,142,160,160,160],"floor_reached":33,"playtime":2542,"items_purged":["Strike_G"],"score":364,"play_id":"f0544094-59ec-41a2-9144-1974ee071b30","local_time":"20190519202144","is_ascension_mode":true,"campfire_choices":[{"data":"Neutralize","floor":7.0,"key":"SMITH"},{"data":"Blade Dance","floor":10.0,"key":"SMITH"},{"floor":15.0,"key":"RECALL"},{"floor":25.0,"key":"REST"},{"floor":29,"key":"REST"},{"floor":32,"key":"REST"}],"neow_cost":"NONE","seed_source_timestamp":257287546158467,"circlet_count":0,"master_deck":["Defend_G","Defend_G","Defend_G","Defend_G","Defend_G","Strike_G","Strike_G","Strike_G","Survivor","Neutralize+1","Escape Plan","Blade Dance+1","Corpse Explosion","Catalyst","Die Die Die","Bullet Time","Dodge and Roll","Dodge and Roll","Tools of the Trade","Cloak And Dagger","A Thousand Cuts","After Image","Infinite Blades","Blade Dance","Malaise","Finesse","Crippling Poison"],"special_seed":0,"relics":["Ring of the Snake","NeowsBlessing","Anchor","The Courier","Bottled Flame","Pantograph","Orrery","Snake Skull","Vajra"],"potions_floor_usage":[30,30,33],"damage_taken":[{"damage":0.0,"enemies":"Jaw Worm","floor":1.0,"turns":1.0},{"damage":0.0,"enemies":"2 Louse","floor":3.0,"turns":1.0},{"damage":0.0,"enemies":"3 Sentries","floor":6.0,"turns":1.0},{"damage":1.0,"enemies":"Cultist","floor":8.0,"turns":3.0},{"damage":5.0,"enemies":"Gremlin Nob","floor":11.0,"turns":4.0},{"damage":0.0,"enemies":"Blue Slaver","floor":12.0,"turns":4.0},{"damage":7.0,"enemies":"Large Slime","floor":14.0,"turns":6.0},{"damage":36.0,"enemies":"The Guardian","floor":16.0,"turns":12.0},{"damage":1.0,"enemies":"2 Thieves","floor":18.0,"turns":3.0},{"damage":7.0,"enemies":"Shell Parasite","floor":19.0,"turns":6.0},{"damage":0.0,"enemies":"Centurion and Healer","floor":21.0,"turns":8.0},{"damage":14.0,"enemies":"Gremlin Leader","floor":23.0,"turns":8.0},{"damage":24.0,"enemies":"3 Cultists","floor":24.0,"turns":5.0},{"damage":7.0,"enemies":"Snecko","floor":27.0,"turns":8.0},{"damage":19,"enemies":"Book of Stabbing","floor":30,"turns":8},{"damage":24,"enemies":"Chosen and Byrds","floor":31,"turns":10},{"damage":79,"enemies":"Automaton","floor":33,"turns":12}],"seed_played":"6945742304911462233","potions_obtained":[{"floor":3.0,"key":"AttackPotion"},{"floor":5.0,"key":"Fruit Juice"},{"floor":5.0,"key":"Dexterity Potion"},{"floor":12.0,"key":"SteroidPotion"},{"floor":16.0,"key":"SkillPotion"},{"floor":19.0,"key":"SkillPotion"},{"floor":23.0,"key":"Poison Potion"},{"floor":24.0,"key":"GamblersBrew"},{"floor":30,"key":"SpeedPotion"}],"is_trial":false,"path_per_floor":["M","?","M","$","?","E","R","M","T","R","E","M","?","M","R","B",null,"M","M","$","M","?","E","M","R","T","M","?","R","E","M","R","B"],"character_chosen":"THE_SILENT","items_purchased":["Blade Dance","A Thousand Cuts","After Image","Infinite Blades"],"campfire_rested":3,"item_purchase_floors":[4,20,20,20],"current_hp_per_floor":[70,63,63,63,63,63,63,62,62,62,62,62,59,52,52,39,75,74,67,67,67,67,53,29,51,51,44,44,66,47,23,45,0],"gold":160,"neow_bonus":"THREE_ENEMY_KILL","is_prod":false,"is_daily":false,"chose_seed":false,"campfire_upgraded":2,"win_rate":0,"timestamp":1558286504,"path_taken":["M","?","M","$","?","E","R","M","T","R","E","?","?","M","R","BOSS","M","M","$","M","?","E","M","R","T","M","?","R","E","M","R","BOSS"],"build_version":"2019-01-23","purchased_purges":1,"victory":false,"max_hp_per_floor":[70,70,70,70,70,70,70,70,70,70,75,75,75,75,75,75,75,75,75,75,75,75,75,75,75,75,75,75,75,75,75,75,75],"card_choices":[{"not_picked":["Deadly Poison","Setup","Backflip"],"picked":"SKIP","floor":1.0},{"not_picked":["Bane","Cloak And Dagger"],"picked":"Escape Plan","floor":3.0},{"not_picked":["Flechettes","Quick Slash"],"picked":"Corpse Explosion","floor":6.0},{"not_picked":["Slice","Heel Hook"],"picked":"Catalyst","floor":8.0},{"not_picked":["Masterful Stab","Backflip"],"picked":"Die Die Die","floor":11.0},{"not_picked":["Dagger Throw","Slice","Quick Slash"],"picked":"SKIP","floor":12.0},{"not_picked":["Dagger Spray","Acrobatics","Deadly Poison"],"picked":"SKIP","floor":14.0},{"not_picked":["A Thousand Cuts","Doppelganger"],"picked":"Bullet Time","floor":16.0},{"not_picked":["Quick Slash","Prepared"],"picked":"Dodge and Roll","floor":17.0},{"not_picked":["Quick Slash","Tactician"],"picked":"Dodge and Roll","floor":17.0},{"not_picked":["Sucker Punch","Flying Knee"],"picked":"Tools of the Trade","floor":17.0},{"not_picked":["Prepared+1","Bane","Acrobatics"],"picked":"SKIP","floor":18.0},{"not_picked":["Prepared+1","Bane","Acrobatics"],"picked":"SKIP","floor":18.0},{"not_picked":["Poisoned Stab","Sucker Punch+1"],"picked":"Cloak And Dagger","floor":19.0},{"not_picked":["Endless Agony+1","Deflect"],"picked":"Blade Dance","floor":21.0},{"not_picked":["Backflip","Dagger Throw+1","Catalyst"],"picked":"SKIP","floor":23.0},{"not_picked":["Masterful Stab","Distraction","Bullet Time"],"picked":"SKIP","floor":24.0},{"not_picked":["Blade Dance","Reflex","Concentrate+1"],"picked":"SKIP","floor":27.0},{"not_picked":["Quick Slash","Masterful Stab","Slice"],"picked":"SKIP","floor":30},{"not_picked":["Backstab+1","Deflect+1"],"picked":"Crippling Poison","floor":31}],"player_experience":800694,"relics_obtained":[{"floor":6.0,"key":"Anchor"},{"floor":9.0,"key":"The Courier"},{"floor":11.0,"key":"Bottled Flame"},{"floor":23.0,"key":"Snake Skull"},{"floor":30,"key":"Vajra"}],"event_choices":[{"cards_removed":["Strike_G"],"damage_healed":0.0,"max_hp_gain":0.0,"max_hp_loss":0.0,"gold_gain":0.0,"event_name":"Golden Wing","player_choice":"Card Removal","floor":2.0,"gold_loss":0.0,"damage_taken":7.0},{"damage_healed":0.0,"max_hp_gain":0.0,"max_hp_loss":0.0,"gold_gain":0.0,"event_name":"Lab","player_choice":"Got Potions","floor":5.0,"gold_loss":0.0,"damage_taken":0.0},{"damage_healed":0.0,"max_hp_gain":0.0,"max_hp_loss":0.0,"gold_gain":0.0,"event_name":"Scrap Ooze","player_choice":"Success","floor":13.0,"gold_loss":0.0,"damage_taken":3.0,"relics_obtained":["Pantograph"]},{"damage_healed":0.0,"max_hp_gain":0.0,"max_hp_loss":0.0,"gold_gain":0.0,"event_name":"Vampires","player_choice":"Ignored","floor":22.0,"gold_loss":0.0,"damage_taken":0.0},{"damage_healed":0,"gold_gain":0,"player_choice":"2 cards matched","damage_taken":0,"max_hp_gain":0,"max_hp_loss":0,"event_name":"Match and Keep!","floor":28,"gold_loss":0,"cards_obtained":["Malaise","Finesse"]}],"is_beta":false,"boss_relics":[{"not_picked":["HoveringKite","White Beast Statue"],"picked":"Orrery"}],"items_purged_floors":[20],"is_endless":false,"potions_floor_spawned":[3,12,16,19,23,24,30],"killed_by":"Automaton","ascension_level":1}