{"gold_per_floor":[111,186,186,87,13,46,57,57,137,167,167,33,33,47,47,170,170,189,314,314,325,340,340,340,31,31,63,76,76,138,154,154,256,256,270,1269,519,534,101,101,133,133,202,218,231,249,74,86,86,86],"floor_reached":50,"playtime":3375,"items_purged":["Regret","Strike_B","Normality","Normality","Strike_B"],"score":698,"play_id":"451e70cd-f1e7-45ad-a9d2-80c3ff648b0f","local_time":"20190512185646","is_ascension_mode":true,"campfire_choices":[{"floor":8,"key":"RECALL"},{"floor":11,"key":"REST"},{"floor":15,"key":"REST"},{"data":"Defragment","floor":23,"key":"SMITH"},{"data":"Double Energy","floor":29,"key":"SMITH"},{"data":"Chill","floor":32,"key":"SMITH"},{"data":"Storm","floor":40,"key":"SMITH"},{"data":"Buffer","floor":49,"key":"SMITH"}],"neow_cost":"NONE","seed_source_timestamp":754493911333824,"circlet_count":0,"master_deck":["Strike_B","Strike_B","Defend_B","Defend_B","Defend_B","Defend_B","Zap","Dualcast","Beam Cell","Compile Driver","Ball Lightning","Core Surge","Capacitor","Glacier","Electrodynamics","Defragment+1","Double Energy+1","Turbo+1","Defragment+1","Coolheaded","Thunder Strike","Compile Driver+1","Cold Snap+1","Chill+1","Beam Cell+1","Echo Form","Buffer+1","Hologram+1","Violence","Storm+1","Chill","Chill+1","Impatience","Compile Driver+1","Jack Of All Trades","Reboot","Loop","Steam Power","Coolheaded+1","Aggregate"],"relics":["Cracked Core","Bag of Preparation","Vajra","Singing Bowl","Anchor","Bloody Idol","Coffee Dripper","Prayer Wheel","Bottled Flame","Matryoshka","Juzu Bracelet","DataDisk","Tiny Chest","Sozu","PreservedInsect","Happy Flower","Sling","Sundial","Omamori","Symbiotic Virus"],"potions_floor_usage":[6,10,19],"damage_taken":[{"damage":7,"enemies":"Jaw Worm","floor":1,"turns":2},{"damage":25,"enemies":"Lagavulin","floor":6,"turns":4},{"damage":0,"enemies":"Small Slimes","floor":7,"turns":2},{"damage":25,"enemies":"3 Sentries","floor":10,"turns":6},{"damage":0,"enemies":"2 Louse","floor":14,"turns":1},{"damage":5,"enemies":"Slime Boss","floor":16,"turns":7},{"damage":10,"enemies":"Spheric Guardian","floor":18,"turns":4},{"damage":1,"enemies":"Colosseum Slavers","floor":19,"turns":3},{"damage":0,"enemies":"Colosseum Nobs","floor":19,"turns":3},{"damage":0,"enemies":"Chosen","floor":21,"turns":4},{"damage":14,"enemies":"Snake Plant","floor":22,"turns":3},{"damage":3,"enemies":"Book of Stabbing","floor":27,"turns":6},{"damage":0,"enemies":"Centurion and Healer","floor":28,"turns":4},{"damage":9,"enemies":"Slavers","floor":30,"turns":3},{"damage":0,"enemies":"Snecko","floor":31,"turns":4},{"damage":13,"enemies":"Collector","floor":33,"turns":5},{"damage":0,"enemies":"Orb Walker","floor":35,"turns":3},{"damage":0,"enemies":"3 Darklings","floor":38,"turns":3},{"damage":20,"enemies":"Nemesis","floor":41,"turns":5},{"damage":0,"enemies":"Maw","floor":44,"turns":5},{"damage":14,"enemies":"Spire Growth","floor":45,"turns":4},{"damage":28,"enemies":"Sphere and 2 Shapes","floor":46,"turns":4},{"damage":2,"enemies":"Writhing Mass","floor":48,"turns":4},{"damage":52,"enemies":"Time Eater","floor":50,"turns":6}],"seed_played":"975989073984701712","potions_obtained":[{"floor":1,"key":"Energy Potion"},{"floor":6,"key":"AttackPotion"},{"floor":10,"key":"SkillPotion"},{"floor":19,"key":"SpeedPotion"},{"floor":28,"key":"Energy Potion"},{"floor":30,"key":"Dexterity Potion"}],"is_trial":false,"path_per_floor":["M","?","?","$","$","E","M","R","T","E","R","$","?","M","R","B",null,"M","?","?","M","M","R","?","$","T","E","M","R","E","M","R","B",null,"M","?","$","M","$","R","E","?","T","M","M","M","$","M","R","B"],"character_chosen":"DEFECT","items_purchased":["Ball Lightning","Core Surge","Glacier","Matryoshka","Thunder Strike","PreservedInsect","Violence","Happy Flower","Storm","Chill","Sling","Impatience"],"campfire_rested":2,"item_purchase_floors":[4,5,12,25,25,37,37,37,37,37,39,39],"current_hp_per_floor":[68,57,57,57,57,32,32,32,32,9,32,32,32,32,53,50,67,57,56,56,61,54,54,54,54,54,56,63,63,64,69,69,61,73,79,79,79,81,81,81,66,66,71,80,71,48,48,51,51,0],"gold":86,"neow_bonus":"THREE_CARDS","is_prod":false,"is_daily":false,"chose_seed":false,"campfire_upgraded":5,"win_rate":0,"timestamp":1557709006,"path_taken":["M","?","?","?","$","E","M","R","T","E","R","$","?","M","R","BOSS","M","?","?","M","M","R","?","$","T","E","M","R","E","M","R","BOSS","M","?","$","M","$","R","E","?","T","M","M","M","$","M","R","BOSS"],"build_version":"2019-01-23","purchased_purges":5,"victory":false,"max_hp_per_floor":[75,75,75,75,75,75,75,75,75,77,77,77,71,71,71,73,73,73,73,73,73,75,75,75,75,75,75,77,77,77,77,77,77,77,79,79,79,81,81,81,81,81,81,85,85,85,85,85,85,85],"card_choices":[{"not_picked":["Barrage","Recycle"],"picked":"Beam Cell","floor":0},{"not_picked":["Fusion","Melter"],"picked":"Compile Driver","floor":1},{"not_picked":["Conserve Battery","Fusion"],"picked":"Capacitor","floor":6},{"not_picked":["Sweeping Beam","Sunder","Leap"],"picked":"SKIP","floor":7},{"not_picked":["Reinforced Body","Conserve Battery","Stack"],"picked":"Singing Bowl","floor":10},{"not_picked":["Conserve Battery","Cold Snap"],"picked":"Electrodynamics","floor":14},{"not_picked":["Rainbow","All For One","Meteor Strike"],"picked":"Singing Bowl","floor":16},{"not_picked":["Cold Snap","Lockon+1"],"picked":"Defragment","floor":18},{"not_picked":["Steam+1","Leap"],"picked":"Double Energy","floor":19},{"not_picked":["Aggregate","Gash"],"picked":"Turbo+1","floor":21},{"not_picked":["Hologram","Chill+1"],"picked":"Defragment+1","floor":21},{"not_picked":["Beam Cell","Compile Driver","Heatsinks"],"picked":"Singing Bowl","floor":22},{"not_picked":["Self Repair+1","Turbo"],"picked":"Coolheaded","floor":22},{"not_picked":["Rip and Tear","Darkness"],"picked":"Compile Driver+1","floor":27},{"not_picked":["Rip and Tear+1","Gash","All For One"],"picked":"Singing Bowl","floor":28},{"not_picked":["Loop","Sweeping Beam"],"picked":"Cold Snap+1","floor":28},{"not_picked":["Aggregate","Redo"],"picked":"Chill","floor":30},{"not_picked":["Ball Lightning","Heatsinks"],"picked":"Beam Cell+1","floor":31},{"not_picked":["Hologram","Barrage"],"picked":"Echo Form","floor":31},{"not_picked":["Amplify","Machine Learning"],"picked":"Buffer","floor":33},{"not_picked":["Stack+1","Ball Lightning","Self Repair"],"picked":"Singing Bowl","floor":35},{"not_picked":["Hello World","Rebound"],"picked":"Hologram+1","floor":35},{"not_picked":["Redo","Leap"],"picked":"Chill+1","floor":38},{"not_picked":["Chill+1","Compile Driver","Barrage+1"],"picked":"Singing Bowl","floor":38},{"not_picked":["Storm","Conserve Battery+1"],"picked":"Compile Driver+1","floor":41},{"not_picked":["Sunder+1","Reprogram+1","Storm"],"picked":"Singing Bowl","floor":44},{"not_picked":["Turbo","Steam+1","Redo"],"picked":"Singing Bowl","floor":44},{"not_picked":["Leap+1","Blizzard+1"],"picked":"Reboot","floor":45},{"not_picked":["Barrage","Tempest+1"],"picked":"Loop","floor":45},{"not_picked":["Leap+1","Hologram+1"],"picked":"Steam Power","floor":46},{"not_picked":["Skim+1","Cold Snap","Chill"],"picked":"SKIP","floor":46},{"not_picked":["Hologram+1","Sweeping Beam+1"],"picked":"Coolheaded+1","floor":48},{"not_picked":["Beam Cell+1","Fusion"],"picked":"Aggregate","floor":48}],"player_experience":268316,"relics_obtained":[{"floor":6,"key":"Vajra"},{"floor":9,"key":"Singing Bowl"},{"floor":10,"key":"Anchor"},{"floor":19,"key":"Prayer Wheel"},{"floor":19,"key":"Bottled Flame"},{"floor":26,"key":"Juzu Bracelet"},{"floor":27,"key":"DataDisk"},{"floor":30,"key":"Tiny Chest"},{"floor":41,"key":"Sundial"},{"floor":43,"key":"Omamori"},{"floor":43,"key":"Symbiotic Virus"}],"event_choices":[{"damage_healed":0,"gold_gain":75,"player_choice":"Gather Gold","damage_taken":11,"max_hp_gain":0,"max_hp_loss":0,"event_name":"World of Goop","floor":2,"gold_loss":0},{"damage_healed":0,"gold_gain":0,"player_choice":"Box","damage_taken":0,"relics_obtained":["Bag of Preparation"],"max_hp_gain":0,"max_hp_loss":0,"event_name":"Big Fish","floor":3,"gold_loss":0,"cards_obtained":["Regret"]},{"damage_healed":0,"gold_gain":0,"player_choice":"Lose Max HP","damage_taken":0,"relics_obtained":["Golden Idol"],"max_hp_gain":0,"max_hp_loss":6,"event_name":"Golden Idol","floor":13,"gold_loss":0},{"damage_healed":0,"gold_gain":0,"player_choice":"Fight","damage_taken":0,"max_hp_gain":0,"max_hp_loss":0,"event_name":"Colosseum","floor":19,"gold_loss":0},{"damage_healed":0,"gold_gain":0,"player_choice":"Fought Nobs","damage_taken":0,"max_hp_gain":0,"max_hp_loss":0,"event_name":"Colosseum","floor":19,"gold_loss":0},{"damage_healed":0,"gold_gain":0,"player_choice":"Gave Idol","damage_taken":0,"relics_obtained":["Bloody Idol"],"max_hp_gain":0,"max_hp_loss":0,"event_name":"Forgotten Altar","floor":20,"relics_lost":["Golden Idol"],"gold_loss":0},{"damage_healed":0,"gold_gain":0,"player_choice":"Ignored","damage_taken":0,"max_hp_gain":0,"max_hp_loss":0,"event_name":"Ghosts","floor":24,"gold_loss":0},{"damage_healed":0,"gold_gain":999,"player_choice":"Gold","damage_taken":0,"max_hp_gain":0,"max_hp_loss":0,"event_name":"MindBloom","floor":36,"gold_loss":0,"cards_obtained":["Normality","Normality"]},{"damage_healed":0,"gold_gain":0,"player_choice":"1 cards matched","damage_taken":0,"max_hp_gain":0,"max_hp_loss":0,"event_name":"Match and Keep!","floor":42,"gold_loss":0,"cards_obtained":["Jack Of All Trades"]}],"is_beta":false,"boss_relics":[{"not_picked":["Philosopher\u0027s Stone","White Beast Statue"],"picked":"Coffee Dripper"},{"not_picked":["Busted Crown","Black Star"],"picked":"Sozu"}],"items_purged_floors":[4,12,37,39,47],"is_endless":false,"potions_floor_spawned":[1,6,10,19,19,28,30,38,45],"killed_by":"Time Eater","ascension_level":5}