{"gold_per_floor":[113,127,146,146,146,165,165,240,264,114,114,14,33,46,46,142,142,158,158,108,0,0,0,20,20,20,20,32,60,79,94,94,197,197,208,228,248,1,19,19,34,53,108,124,124,152,152,152,152,152],"floor_reached":51,"playtime":3952,"items_purged":["Strike_B","Strike_B"],"score":641,"play_id":"50592710-991b-46ff-97cf-c7a982995d84","local_time":"20181114213644","is_ascension_mode":false,"campfire_choices":[{"data":"Zap","floor":7,"key":"SMITH"},{"data":"Dualcast","floor":11,"key":"SMITH"},{"data":"Loop","floor":15,"key":"SMITH"},{"data":"Steam","floor":23,"key":"SMITH"},{"floor":32,"key":"REST"},{"floor":40,"key":"REST"},{"floor":45,"key":"REST"},{"data":"Apotheosis","floor":49,"key":"SMITH"}],"neow_cost":"NONE","seed_source_timestamp":683509912131765,"circlet_count":0,"master_deck":["Zap+1","Dualcast+1","Ball Lightning+1","Ball Lightning+1","Coolheaded","Loop+1","Ball Lightning","Leap","Core Surge","BootSequence","Cold Snap","Reboot","Stack","Stack","Steam+1","Go for the Eyes","Go for the Eyes","Conserve Battery","Leap","Self Repair+1","Capacitor","Hologram+1","Sweeping Beam","Thunder Strike","Capacitor","Parasite","Apotheosis+1"],"relics":["Cracked Core","Whetstone","Pandora\u0027s Box","Letter Opener","Art of War","Busted Crown","Pear","Potion Belt","Bottled Tornado"],"potions_floor_usage":[6,29,29,30,33,33,36,41,42],"damage_taken":[{"damage":0,"enemies":"2 Louse","floor":1,"turns":2},{"damage":0,"enemies":"Cultist","floor":2,"turns":3},{"damage":0,"enemies":"Small Slimes","floor":3,"turns":2},{"damage":9,"enemies":"Exordium Wildlife","floor":6,"turns":2},{"damage":3,"enemies":"Looter","floor":13,"turns":3},{"damage":0,"enemies":"Exordium Thugs","floor":14,"turns":3},{"damage":10,"enemies":"The Guardian","floor":16,"turns":8},{"damage":0,"enemies":"Shell Parasite","floor":18,"turns":4},{"damage":0,"enemies":"Spheric Guardian","floor":24,"turns":4},{"damage":13,"enemies":"3 Cultists","floor":28,"turns":5},{"damage":7,"enemies":"Slavers","floor":29,"turns":5},{"damage":6,"enemies":"Snake Plant","floor":30,"turns":4},{"damage":30,"enemies":"Snecko","floor":31,"turns":5},{"damage":49,"enemies":"Automaton","floor":33,"turns":11},{"damage":38,"enemies":"3 Darklings","floor":35,"turns":5},{"damage":5,"enemies":"Orb Walker","floor":36,"turns":4},{"damage":16,"enemies":"Maw","floor":37,"turns":7},{"damage":21,"enemies":"Transient","floor":39,"turns":5},{"damage":24,"enemies":"3 Darklings","floor":41,"turns":5},{"damage":20,"enemies":"Writhing Mass","floor":42,"turns":5},{"damage":34,"enemies":"Spire Growth","floor":44,"turns":7},{"damage":42,"enemies":"Nemesis","floor":46,"turns":9},{"damage":60,"enemies":"Time Eater","floor":50,"turns":14}],"seed_played":"-6738866817758423729","potions_obtained":[{"floor":2,"key":"Explosive Potion"},{"floor":3,"key":"Strength Potion"},{"floor":13,"key":"PowerPotion"},{"floor":18,"key":"SkillPotion"},{"floor":29,"key":"LiquidBronze"},{"floor":31,"key":"Weak Potion"},{"floor":35,"key":"EssenceOfSteel"},{"floor":39,"key":"SkillPotion"},{"floor":41,"key":"Regen Potion"}],"is_trial":false,"path_per_floor":["M","M","M","?","?","M","R","?","T","$","R","$","M","M","R","B",null,"M","?","$","?","$","R","M","?","T","$","M","E","M","M","R","B",null,"M","M","M","$","M","R","M","M","T","M","R","E","?","?","R","B",null],"character_chosen":"DEFECT","items_purchased":["Core Surge","Leap","Pear"],"campfire_rested":3,"item_purchase_floors":[10,20,38],"current_hp_per_floor":[82,82,82,87,87,78,78,67,67,67,67,67,64,64,64,54,87,87,87,87,87,87,87,87,87,87,87,84,87,87,67,87,48,87,59,54,48,58,47,76,62,56,56,32,61,29,29,85,85,35],"gold":152,"neow_bonus":"TEN_PERCENT_HP_BONUS","is_prod":false,"is_daily":false,"chose_seed":false,"campfire_upgraded":5,"win_rate":0,"timestamp":1542220604,"path_taken":["M","M","M","?","?","?","R","?","T","$","R","?","M","M","R","BOSS","M","?","?","?","$","R","M","?","T","$","M","E","M","M","R","BOSS","M","M","M","$","M","R","M","M","T","M","R","E","?","?","R","BOSS"],"build_version":"2018-11-08","purchased_purges":2,"victory":true,"max_hp_per_floor":[82,82,82,87,87,87,87,87,87,87,87,87,87,87,87,87,87,87,87,87,87,87,87,87,87,87,87,87,87,87,87,87,87,87,87,87,87,97,97,97,97,97,97,97,97,97,97,85,85,85],"card_choices":[{"not_picked":["Conserve Battery","Recycle"],"picked":"Ball Lightning","floor":1},{"not_picked":["Streamline","FTL"],"picked":"Ball Lightning","floor":2},{"not_picked":["Skim","Coolheaded","Steam"],"picked":"SKIP","floor":3},{"not_picked":["Skim","Steam"],"picked":"Coolheaded","floor":3},{"not_picked":["Static Discharge","Compile Driver"],"picked":"Leap","floor":6},{"not_picked":["Stack","Scrape"],"picked":"BootSequence","floor":13},{"not_picked":["Coolheaded","Ball Lightning"],"picked":"Cold Snap","floor":14},{"not_picked":["Meteor Strike","Hyperbeam"],"picked":"Reboot","floor":16},{"not_picked":["Rip and Tear+1","FTL"],"picked":"Conserve Battery","floor":18},{"not_picked":["Blizzard+1","Gash"],"picked":"Self Repair+1","floor":24},{"not_picked":["Blizzard","Go for the Eyes"],"picked":"Hologram+1","floor":28},{"not_picked":["Streamline","Stack","Hologram"],"picked":"SKIP","floor":29},{"not_picked":["Stack","Gash","Leap"],"picked":"SKIP","floor":30},{"not_picked":["Amplify","Conserve Battery"],"picked":"Sweeping Beam","floor":31},{"not_picked":["Hyperbeam","Multi-Cast"],"picked":"Thunder Strike","floor":33},{"not_picked":[],"picked":"Capacitor","floor":35},{"not_picked":["Hologram+1"],"picked":"SKIP","floor":36},{"not_picked":["Steam Power"],"picked":"SKIP","floor":37},{"not_picked":["Rebound"],"picked":"SKIP","floor":39},{"not_picked":["Stack+1"],"picked":"SKIP","floor":41},{"not_picked":["Go for the Eyes+1"],"picked":"SKIP","floor":42},{"not_picked":["Go for the Eyes+1"],"picked":"SKIP","floor":44},{"not_picked":["All For One"],"picked":"SKIP","floor":46},{"not_picked":[],"picked":"Apotheosis","floor":47}],"player_experience":318373,"relics_obtained":[{"floor":9,"key":"Whetstone"},{"floor":26,"key":"Letter Opener"},{"floor":29,"key":"Art of War"},{"floor":43,"key":"Potion Belt"},{"floor":46,"key":"Bottled Tornado"}],"event_choices":[{"damage_healed":0,"gold_gain":0,"player_choice":"Donut","damage_taken":0,"max_hp_gain":5,"max_hp_loss":0,"event_name":"Big Fish","floor":4,"gold_loss":0},{"damage_healed":0,"gold_gain":0,"player_choice":"2 cards matched","damage_taken":0,"max_hp_gain":0,"max_hp_loss":0,"event_name":"Match and Keep!","floor":5,"gold_loss":0,"cards_obtained":["Loop","Ball Lightning"]},{"damage_healed":0,"gold_gain":75,"player_choice":"Gather Gold","damage_taken":11,"max_hp_gain":0,"max_hp_loss":0,"event_name":"World of Goop","floor":8,"gold_loss":0},{"cards_removed":["Steam"],"damage_healed":0,"gold_gain":0,"player_choice":"Purged","damage_taken":0,"max_hp_gain":0,"max_hp_loss":0,"event_name":"Purifier","floor":19,"gold_loss":0},{"damage_healed":0,"gold_gain":0,"player_choice":"Paid Fearfully","damage_taken":0,"max_hp_gain":0,"max_hp_loss":0,"event_name":"Masked Bandits","floor":21,"gold_loss":108},{"damage_healed":0,"gold_gain":0,"player_choice":"Read","damage_taken":0,"max_hp_gain":0,"max_hp_loss":0,"event_name":"The Library","floor":25,"gold_loss":0,"cards_obtained":["Capacitor"]},{"damage_healed":0,"gold_gain":0,"player_choice":"Memory 1","damage_taken":0,"max_hp_gain":0,"max_hp_loss":0,"event_name":"SensoryStone","floor":47,"gold_loss":0},{"damage_healed":85,"gold_gain":0,"player_choice":"Heal","damage_taken":0,"max_hp_gain":0,"max_hp_loss":12,"event_name":"The Moai Head","floor":48,"gold_loss":0}],"is_beta":false,"boss_relics":[{"not_picked":["Sozu","Velvet Choker"],"picked":"Pandora\u0027s Box"},{"not_picked":["Tiny House","Lizard Tail"],"picked":"Busted Crown"}],"items_purged_floors":[10,12],"is_endless":false,"potions_floor_spawned":[2,3,13,18,29,31,35,39,41],"ascension_level":0}