{"gold_per_floor":[116,116,35,45,21,21,35,68,150,168,39,57,57,67,67,162,162,179,141,154,154,154,180,180,2,70,70,83,83,109,11,11,116,116,135,146,146,164,176,176,176,176,176,176,187,187,233,18,18,18],"floor_reached":51,"playtime":3094,"items_purged":["Defend_B","Fusion"],"score":683,"play_id":"5595e4bc-589e-472e-ab9c-e9bcb2f677ce","local_time":"20181119024637","is_ascension_mode":false,"campfire_choices":[{"data":"Redo","floor":15,"key":"SMITH"},{"floor":24,"key":"REST"},{"floor":27,"key":"REST"},{"floor":32,"key":"REST"},{"floor":40,"key":"REST"},{"floor":42,"key":"REST"},{"floor":46,"key":"REST"},{"floor":49,"key":"REST"}],"neow_cost":"NONE","seed_source_timestamp":35594215669322,"circlet_count":0,"master_deck":["Zap+1","Dualcast","Defragment+1","Stack","Leap","Ball Lightning","Static Discharge","Conserve Battery","Leap","Redo+1","Biased Cognition","Hologram","Steam","Go for the Eyes","Skim","Leap","Loop","FTL","White Noise","Thunder Strike","Capacitor+1","Defragment+1","Go for the Eyes+1","Compile Driver+1","Reinforced Body","Undo+1","Barrage","Ball Lightning"],"relics":["Cracked Core","DataDisk","Pantograph","Pandora\u0027s Box","Gremlin Horn","Cables","Happy Flower","Nuclear Battery","The Courier","Ice Cream","Regal Pillow"],"potions_floor_usage":[8,8,18,20,21,28,30,33,47,50,50,50],"damage_taken":[{"damage":0,"enemies":"Small Slimes","floor":1,"turns":2},{"damage":0,"enemies":"Cultist","floor":4,"turns":2},{"damage":2,"enemies":"2 Louse","floor":7,"turns":2},{"damage":9,"enemies":"3 Sentries","floor":8,"turns":4},{"damage":7,"enemies":"Gremlin Gang","floor":10,"turns":4},{"damage":1,"enemies":"2 Fungi Beasts","floor":12,"turns":3},{"damage":5,"enemies":"Exordium Thugs","floor":14,"turns":4},{"damage":12,"enemies":"The Guardian","floor":16,"turns":8},{"damage":0,"enemies":"3 Byrds","floor":18,"turns":1},{"damage":27,"enemies":"2 Thieves","floor":20,"turns":4},{"damage":0,"enemies":"Masked Bandits","floor":21,"turns":1},{"damage":31,"enemies":"Slavers","floor":23,"turns":4},{"damage":11,"enemies":"Centurion and Healer","floor":28,"turns":3},{"damage":0,"enemies":"Gremlin Leader","floor":30,"turns":5},{"damage":14,"enemies":"Collector","floor":33,"turns":7},{"damage":12,"enemies":"3 Shapes","floor":35,"turns":5},{"damage":17,"enemies":"Orb Walker","floor":36,"turns":4},{"damage":4,"enemies":"Transient","floor":38,"turns":5},{"damage":21,"enemies":"Maw","floor":39,"turns":5},{"damage":13,"enemies":"Spire Growth","floor":45,"turns":4},{"damage":46,"enemies":"2 Orb Walkers","floor":47,"turns":6},{"damage":48,"enemies":"Awakened One","floor":50,"turns":8}],"seed_played":"-5411008595497453313","potions_obtained":[{"floor":1,"key":"FocusPotion"},{"floor":2,"key":"EssenceOfSteel"},{"floor":2,"key":"SmokeBomb"},{"floor":14,"key":"PowerPotion"},{"floor":16,"key":"Dexterity Potion"},{"floor":18,"key":"FearPotion"},{"floor":23,"key":"Dexterity Potion"},{"floor":33,"key":"PowerPotion"},{"floor":36,"key":"Ancient Potion"},{"floor":45,"key":"Block Potion"}],"is_trial":false,"path_per_floor":["M","?","$","M","$","?","M","E","T","M","$","M","?","M","R","B",null,"M","$","M","?","?","E","R","$","T","R","M","?","E","$","R","B",null,"M","M","?","M","M","R","?","R","T","?","M","R","?","$","R","B",null],"character_chosen":"DEFECT","items_purchased":["Defragment","Leap","Leap","Loop","Regen Potion","Dexterity Potion","Fire Potion","Ball Lightning","Regal Pillow","FocusPotion"],"campfire_rested":7,"item_purchase_floors":[3,5,11,19,25,31,31,48,48,48],"current_hp_per_floor":[75,75,75,75,75,75,73,64,64,57,57,56,56,51,51,63,75,75,75,48,48,48,17,39,39,39,61,59,59,59,59,75,61,75,63,46,46,42,21,43,43,65,65,65,52,74,28,28,65,27],"gold":18,"neow_bonus":"UPGRADE_CARD","is_prod":false,"is_daily":false,"chose_seed":false,"campfire_upgraded":1,"win_rate":0,"timestamp":1542584797,"path_taken":["M","?","$","M","?","?","M","E","T","?","$","M","?","M","R","BOSS","M","$","M","?","?","E","R","$","T","R","M","?","E","?","R","BOSS","M","M","?","M","M","R","?","R","T","?","?","R","?","$","R","BOSS"],"build_version":"2018-11-15","purchased_purges":2,"victory":true,"max_hp_per_floor":[75,75,75,75,75,75,75,75,75,75,75,75,75,75,75,75,75,75,75,75,75,75,75,75,75,75,75,75,75,75,75,75,75,75,75,75,75,75,75,75,75,75,75,75,75,75,75,75,75,75],"card_choices":[{"not_picked":["Reprogram","Aggregate"],"picked":"Beam Cell","floor":1},{"not_picked":["Recycle","Gash"],"picked":"Stack","floor":4},{"not_picked":["Compile Driver","Tempest"],"picked":"Ball Lightning","floor":7},{"not_picked":["Steam","Streamline"],"picked":"Static Discharge","floor":8},{"not_picked":["Streamline","Rebound"],"picked":"Conserve Battery","floor":10},{"not_picked":["Multi-Cast","Recycle","Rebound"],"picked":"SKIP","floor":12},{"not_picked":["Double Energy","Stack"],"picked":"Redo","floor":14},{"not_picked":["Buffer","Meteor Strike"],"picked":"Biased Cognition","floor":16},{"not_picked":["Fusion","Beam Cell+1","Coolheaded+1"],"picked":"SKIP","floor":18},{"not_picked":["Rebound","Compile Driver"],"picked":"FTL","floor":20},{"not_picked":["FTL","Tempest+1"],"picked":"White Noise","floor":23},{"not_picked":["Hologram+1","Hello World","Redo"],"picked":"SKIP","floor":28},{"not_picked":["Creative AI","Fission"],"picked":"White Noise","floor":30},{"not_picked":["Seek","Meteor Strike"],"picked":"Thunder Strike","floor":33},{"not_picked":["Ball Lightning","Chill+1"],"picked":"Capacitor+1","floor":35},{"not_picked":["Hello World+1","Cold Snap"],"picked":"Defragment+1","floor":36},{"not_picked":["Conserve Battery+1","Gash+1"],"picked":"Go for the Eyes+1","floor":38},{"not_picked":["Beam Cell+1","Heatsinks+1"],"picked":"Compile Driver+1","floor":39},{"not_picked":["Double Energy+1","Skim"],"picked":"Undo+1","floor":45},{"not_picked":["Steam","Hologram+1"],"picked":"Barrage","floor":47}],"player_experience":347203,"relics_obtained":[{"floor":8,"key":"DataDisk"},{"floor":9,"key":"Pantograph"},{"floor":23,"key":"Gremlin Horn"},{"floor":26,"key":"Cables"},{"floor":30,"key":"Happy Flower"},{"floor":43,"key":"The Courier"},{"floor":47,"key":"Ice Cream"}],"event_choices":[{"damage_healed":0,"gold_gain":0,"player_choice":"Got Potions","damage_taken":0,"max_hp_gain":0,"max_hp_loss":0,"event_name":"Lab","floor":2,"gold_loss":0},{"cards_removed":["Defend_B"],"damage_healed":0,"gold_gain":0,"player_choice":"Purged","damage_taken":0,"max_hp_gain":0,"max_hp_loss":0,"event_name":"Purifier","floor":6,"gold_loss":0},{"damage_healed":0,"gold_gain":0,"player_choice":"Upgraded","damage_taken":0,"max_hp_gain":0,"max_hp_loss":0,"event_name":"Upgrade Shrine","floor":13,"gold_loss":0,"cards_upgraded":["Defragment"]},{"damage_healed":0,"gold_gain":0,"player_choice":"Fought Bandits","damage_taken":0,"max_hp_gain":0,"max_hp_loss":0,"event_name":"Masked Bandits","floor":21,"gold_loss":0},{"damage_healed":0,"gold_gain":0,"player_choice":"Ignored","damage_taken":0,"max_hp_gain":0,"max_hp_loss":0,"event_name":"Vampires","floor":22,"gold_loss":0},{"cards_removed":["White Noise"],"damage_healed":0,"gold_gain":0,"player_choice":"Removed Skill","damage_taken":0,"max_hp_gain":0,"max_hp_loss":0,"event_name":"Falling","floor":37,"gold_loss":0},{"damage_healed":0,"gold_gain":0,"player_choice":"Ignored","damage_taken":0,"max_hp_gain":0,"max_hp_loss":0,"event_name":"Tomb of Lord Red Mask","floor":41,"gold_loss":0},{"damage_healed":0,"gold_gain":0,"cards_transformed":["Beam Cell"],"player_choice":"Transformed","damage_taken":0,"max_hp_gain":0,"max_hp_loss":0,"event_name":"Transmorgrifier","floor":44,"gold_loss":0,"cards_obtained":["Reinforced Body"]},{"damage_healed":0,"gold_gain":0,"player_choice":"Fight","damage_taken":0,"max_hp_gain":0,"max_hp_loss":0,"event_name":"Mysterious Sphere","floor":47,"gold_loss":0}],"is_beta":false,"boss_relics":[{"not_picked":["Astrolabe","Lizard Tail"],"picked":"Pandora\u0027s Box"},{"not_picked":["Snecko Eye","Runic Pyramid"],"picked":"Nuclear Battery"}],"items_purged_floors":[11,25],"is_endless":false,"potions_floor_spawned":[1,14,16,18,23,33,36,38,45],"ascension_level":0}