{"gold_per_floor":[115,65,65,65,65,101,101,134,134,134,205,51,81,125,125,125],"floor_reached":16,"playtime":463,"items_purged":["Strike_R"],"score":257,"play_id":"534c03e1-039b-4f25-bbee-3172b2f80720","local_time":"20190421144827","is_ascension_mode":true,"campfire_choices":[{"data":"Bash","floor":10,"key":"SMITH"},{"data":"Spot Weakness","floor":15,"key":"SMITH"}],"neow_cost":"NONE","seed_source_timestamp":382267457697163,"circlet_count":0,"master_deck":["Strike_R","Strike_R+1","Defend_R","Defend_R","Defend_R","Defend_R","Bash+1","Flame Barrier","Juggernaut+1","Headbutt","Shrug It Off","Spot Weakness+1","Shrug It Off"],"relics":["Burning Blood","NeowsBlessing","Golden Idol","Mango","Singing Bowl","Bottled Tornado","Tiny Chest","Potion Belt","Shuriken"],"potions_floor_usage":[16,16,16],"damage_taken":[{"damage":0,"enemies":"2 Louse","floor":1,"turns":1},{"damage":0,"enemies":"3 Sentries","floor":6,"turns":2},{"damage":0,"enemies":"Gremlin Nob","floor":8,"turns":1},{"damage":28,"enemies":"3 Sentries","floor":11,"turns":8},{"damage":19,"enemies":"Lagavulin","floor":14,"turns":7},{"damage":53,"enemies":"Slime Boss","floor":16,"turns":10}],"seed_played":"-8448757078834948742","potions_obtained":[{"floor":6,"key":"Energy Potion"},{"floor":11,"key":"Poison Potion"},{"floor":14,"key":"BloodPotion"}],"is_trial":false,"path_per_floor":["M","?","?","?","?","E","?","E","T","R","E","$","?","E","R","B"],"character_chosen":"IRONCLAD","items_purchased":["Spot Weakness"],"campfire_rested":0,"item_purchase_floors":[12],"current_hp_per_floor":[78,78,58,63,63,83,63,69,69,69,47,47,47,34,34,0],"gold":125,"neow_bonus":"THREE_ENEMY_KILL","is_prod":false,"is_daily":false,"chose_seed":false,"campfire_upgraded":2,"win_rate":0,"timestamp":1555872507,"path_taken":["M","?","?","?","?","E","?","E","T","R","E","$","?","E","R","BOSS"],"build_version":"2019-01-23","purchased_purges":1,"victory":false,"max_hp_per_floor":[80,80,80,85,85,99,99,99,99,99,99,99,99,99,99,99],"card_choices":[{"not_picked":["Clash","Armaments"],"picked":"Flame Barrier","floor":1},{"not_picked":["Flex","Dropkick","Exhume"],"picked":"SKIP","floor":6},{"not_picked":["Havoc","Anger"],"picked":"Headbutt","floor":8},{"not_picked":["Impervious","Clothesline"],"picked":"Shrug It Off","floor":11},{"not_picked":["Perfected Strike","Armaments"],"picked":"Shrug It Off","floor":14}],"player_experience":255153,"relics_obtained":[{"floor":6,"key":"Mango"},{"floor":8,"key":"Singing Bowl"},{"floor":9,"key":"Bottled Tornado"},{"floor":11,"key":"Tiny Chest"},{"floor":14,"key":"Shuriken"}],"event_choices":[{"cards_removed":["Strike_R"],"damage_healed":0,"gold_gain":0,"player_choice":"Card Removal","damage_taken":0,"max_hp_gain":0,"max_hp_loss":0,"event_name":"The Cleric","floor":2,"gold_loss":50},{"damage_healed":0,"gold_gain":0,"player_choice":"Take Damage","damage_taken":20,"relics_obtained":["Golden Idol"],"max_hp_gain":0,"max_hp_loss":0,"event_name":"Golden Idol","floor":3,"gold_loss":0},{"damage_healed":0,"gold_gain":0,"player_choice":"Donut","damage_taken":0,"max_hp_gain":5,"max_hp_loss":0,"event_name":"Big Fish","floor":4,"gold_loss":0},{"damage_healed":0,"gold_gain":0,"cards_transformed":["Strike_R"],"player_choice":"Change","damage_taken":0,"max_hp_gain":0,"max_hp_loss":0,"event_name":"Living Wall","floor":5,"gold_loss":0,"cards_obtained":["Juggernaut"]},{"damage_healed":0,"gold_gain":0,"player_choice":"Entered Light","damage_taken":20,"max_hp_gain":0,"max_hp_loss":0,"event_name":"Shining Light","floor":7,"gold_loss":0,"cards_upgraded":["Juggernaut","Strike_R"]},{"damage_healed":0,"gold_gain":30,"player_choice":"Searched \u00272\u0027 times","damage_taken":0,"relics_obtained":["Potion Belt"],"max_hp_gain":0,"max_hp_loss":0,"event_name":"Dead Adventurer","floor":13,"gold_loss":0}],"is_beta":false,"boss_relics":[],"items_purged_floors":[12],"is_endless":false,"potions_floor_spawned":[6,11,14],"killed_by":"Slime Boss","ascension_level":7}