{"gold_per_floor":[114,126,201,211,281,281,291,291,291,147,147,162,177,195,195,294,294,314,333,5,18,29,29,56,56,56,56,75,109,9,42,42,138,138,152,163,182,200,252,280,280,280,280,105,117,0,400,400,400,400],"floor_reached":51,"playtime":3448,"items_purged":["Strike_G","Strike_G","Defend_G"],"score":1144,"play_id":"a2822a5a-e363-43c6-94e5-c1f4d72c8d70","local_time":"20190428231147","is_ascension_mode":true,"campfire_choices":[{"data":"Backstab","floor":6,"key":"SMITH"},{"data":"Neutralize","floor":8,"key":"SMITH"},{"data":"Infinite Blades","floor":11,"key":"SMITH"},{"floor":15,"key":"REST"},{"data":"A Thousand Cuts","floor":23,"key":"SMITH"},{"data":"Doppelganger","floor":25,"key":"SMITH"},{"data":"Cloak And Dagger","floor":32,"key":"SMITH"},{"data":"Backstab","floor":41,"key":"SMITH"},{"floor":49,"key":"REST"}],"neow_cost":"NONE","seed_source_timestamp":650828598065692,"circlet_count":0,"master_deck":["AscendersBane","Defend_G","Defend_G","Defend_G","Defend_G","Strike_G","Survivor","Neutralize+1","Doppelganger+1","Dodge and Roll","Backstab+1","Endless Agony","Poisoned Stab","Infinite Blades+1","Cloak And Dagger+1","A Thousand Cuts+1","Backstab+1","Backstab+1","Backflip","PiercingWail","After Image","Backflip+1","Escape Plan+1"],"relics":["Ring of the Snake","Dead Branch","WristBlade","Kunai","Gambling Chip","Darkstone Periapt","Shuriken","Meat on the Bone","Regal Pillow","Empty Cage","Incense Burner","Strawberry","Frozen Egg 2","Red Mask","Old Coin","Ninja Scroll"],"potions_floor_usage":[18,31,33,33,33,37,50,50],"damage_taken":[{"damage":0,"enemies":"Small Slimes","floor":1,"turns":4},{"damage":23,"enemies":"Jaw Worm","floor":2,"turns":8},{"damage":1,"enemies":"Cultist","floor":4,"turns":5},{"damage":0,"enemies":"2 Fungi Beasts","floor":7,"turns":4},{"damage":0,"enemies":"Blue Slaver","floor":12,"turns":3},{"damage":4,"enemies":"Lots of Slimes","floor":13,"turns":2},{"damage":0,"enemies":"2 Fungi Beasts","floor":14,"turns":3},{"damage":3,"enemies":"Hexaghost","floor":16,"turns":11},{"damage":0,"enemies":"Shell Parasite","floor":18,"turns":3},{"damage":5,"enemies":"Chosen","floor":19,"turns":4},{"damage":12,"enemies":"Snake Plant","floor":21,"turns":2},{"damage":3,"enemies":"Shelled Parasite and Fungi","floor":22,"turns":5},{"damage":15,"enemies":"Slavers","floor":24,"turns":3},{"damage":0,"enemies":"3 Cultists","floor":28,"turns":3},{"damage":0,"enemies":"Book of Stabbing","floor":29,"turns":3},{"damage":0,"enemies":"Slavers","floor":31,"turns":4},{"damage":28,"enemies":"Collector","floor":33,"turns":5},{"damage":0,"enemies":"3 Shapes","floor":35,"turns":1},{"damage":0,"enemies":"3 Darklings","floor":36,"turns":1},{"damage":4,"enemies":"Sphere and 2 Shapes","floor":37,"turns":5},{"damage":0,"enemies":"Maw","floor":38,"turns":5},{"damage":5,"enemies":"2 Orb Walkers","floor":39,"turns":3},{"damage":10,"enemies":"Giant Head","floor":40,"turns":8},{"damage":12,"enemies":"Spire Growth","floor":45,"turns":4},{"damage":0,"enemies":"Mind Bloom Boss Battle","floor":47,"turns":6},{"damage":29,"enemies":"Donu and Deca","floor":50,"turns":7}],"seed_played":"7510279730742510139","potions_obtained":[{"floor":4,"key":"SkillPotion"},{"floor":13,"key":"Fire Potion"},{"floor":16,"key":"SkillPotion"},{"floor":28,"key":"FearPotion"},{"floor":29,"key":"SteroidPotion"},{"floor":31,"key":"Fruit Juice"},{"floor":33,"key":"GhostInAJar"},{"floor":35,"key":"Regen Potion"},{"floor":38,"key":"SpeedPotion"}],"is_trial":false,"path_per_floor":["M","M","?","M","?","R","M","R","T","$","R","M","M","M","R","B",null,"M","M","$","M","M","R","E","R","T","T","M","E","$","E","R","B",null,"M","M","M","M","?","E","R","?","T","$","M","?","?","T","R","B",null],"character_chosen":"THE_SILENT","items_purchased":["Infinite Blades","Kunai","Backstab","AttackPotion"],"campfire_rested":2,"item_purchase_floors":[10,20,20,44],"current_hp_per_floor":[63,40,29,28,28,28,28,28,28,28,28,28,24,24,45,42,63,63,58,58,46,43,43,28,28,28,28,28,28,28,40,40,29,64,64,64,72,72,67,64,64,64,64,64,52,52,52,52,82,53],"gold":400,"neow_bonus":"ONE_RANDOM_RARE_CARD","is_prod":false,"is_daily":false,"chose_seed":false,"campfire_upgraded":7,"win_rate":0,"timestamp":1556507507,"path_taken":["M","M","?","M","?","R","M","R","T","?","R","?","M","M","R","BOSS","M","M","$","M","M","R","E","R","T","?","M","E","$","E","R","BOSS","M","M","M","M","?","E","R","?","T","$","?","?","?","?","R","BOSS"],"build_version":"2019-01-23","purchased_purges":3,"victory":true,"max_hp_per_floor":[70,70,70,70,70,70,70,70,70,70,70,70,70,70,70,70,70,70,70,70,70,70,70,70,70,70,70,70,70,70,70,70,75,75,75,75,75,75,75,82,82,82,82,82,82,82,82,82,82,82],"card_choices":[{"not_picked":["Quick Slash","Slice"],"picked":"Dodge and Roll","floor":1},{"not_picked":["Prepared","Dash"],"picked":"Backstab","floor":2},{"not_picked":["Bane","Acrobatics"],"picked":"Endless Agony","floor":4},{"not_picked":["Underhanded Strike","Slice"],"picked":"Poisoned Stab","floor":7},{"not_picked":["Choke","Blade Dance","Slice"],"picked":"SKIP","floor":12},{"not_picked":["Underhanded Strike","Night Terror"],"picked":"Cloak And Dagger","floor":13},{"not_picked":["Prepared","Skewer","Catalyst"],"picked":"SKIP","floor":14},{"not_picked":["Doppelganger","Unload"],"picked":"A Thousand Cuts","floor":16},{"not_picked":["Deflect","Bouncing Flask","Reflex"],"picked":"SKIP","floor":18},{"not_picked":["Cloak And Dagger","Poisoned Stab"],"picked":"Backstab+1","floor":19},{"not_picked":["Dagger Spray+1","Underhanded Strike","Calculated Gamble"],"picked":"SKIP","floor":21},{"not_picked":["Outmaneuver","Acrobatics","Wraith Form v2"],"picked":"SKIP","floor":22},{"not_picked":["Flying Knee","Heel Hook"],"picked":"Backflip","floor":24},{"not_picked":["Deflect+1","Quick Slash"],"picked":"PiercingWail","floor":28},{"not_picked":["Blur","Outmaneuver","Bane"],"picked":"SKIP","floor":29},{"not_picked":["Slice+1","Eviscerate","A Thousand Cuts"],"picked":"SKIP","floor":31},{"not_picked":["Venomology","Storm of Steel"],"picked":"After Image","floor":33},{"not_picked":["Deadly Poison","Escape Plan","Quick Slash"],"picked":"SKIP","floor":35},{"not_picked":["Bane","Distraction+1","Dagger Throw"],"picked":"SKIP","floor":36},{"not_picked":["Acrobatics+1","Deadly Poison"],"picked":"Backflip+1","floor":37},{"not_picked":["After Image","Flying Knee+1"],"picked":"Escape Plan+1","floor":38},{"not_picked":["Prepared+1","Unload","Quick Slash"],"picked":"SKIP","floor":40},{"not_picked":["Underhanded Strike+1","Finisher","Calculated Gamble"],"picked":"SKIP","floor":45}],"player_experience":340118,"relics_obtained":[{"floor":9,"key":"Dead Branch"},{"floor":24,"key":"Gambling Chip"},{"floor":26,"key":"Darkstone Periapt"},{"floor":27,"key":"Shuriken"},{"floor":29,"key":"Meat on the Bone"},{"floor":31,"key":"Regal Pillow"},{"floor":39,"key":"Incense Burner"},{"floor":40,"key":"Strawberry"},{"floor":43,"key":"Frozen Egg 2"},{"floor":47,"key":"Old Coin"},{"floor":48,"key":"Ninja Scroll"}],"event_choices":[{"damage_healed":0,"gold_gain":75,"player_choice":"Gather Gold","damage_taken":11,"max_hp_gain":0,"max_hp_loss":0,"event_name":"World of Goop","floor":3,"gold_loss":0},{"damage_healed":0,"gold_gain":70,"player_choice":"Gained Gold","damage_taken":0,"max_hp_gain":0,"max_hp_loss":0,"event_name":"Golden Wing","floor":5,"gold_loss":0},{"damage_healed":0,"gold_gain":0,"player_choice":"Fight","damage_taken":0,"max_hp_gain":0,"max_hp_loss":0,"event_name":"Mysterious Sphere","floor":39,"gold_loss":0},{"damage_healed":0,"gold_gain":0,"player_choice":"Ignored","damage_taken":0,"max_hp_gain":0,"max_hp_loss":0,"event_name":"SecretPortal","floor":42,"gold_loss":0},{"damage_healed":0,"gold_gain":0,"player_choice":"Paid","damage_taken":0,"relics_obtained":["Red Mask"],"max_hp_gain":0,"max_hp_loss":0,"event_name":"Tomb of Lord Red Mask","floor":46,"gold_loss":117},{"damage_healed":0,"gold_gain":0,"player_choice":"Fight","damage_taken":0,"max_hp_gain":0,"max_hp_loss":0,"event_name":"MindBloom","floor":47,"gold_loss":0}],"is_beta":false,"boss_relics":[{"not_picked":["Lizard Tail","Eternal Feather"],"picked":"WristBlade"},{"not_picked":["Velvet Choker","Black Star"],"picked":"Empty Cage"}],"items_purged_floors":[10,30,44],"is_endless":false,"potions_floor_spawned":[4,13,16,28,29,31,33,35,38,45,47],"ascension_level":10}