{"gold_per_floor":[114,114,133,143,20,20,48,67,67,101,101,127,155,181,193,205],"floor_reached":16,"playtime":818,"items_purged":["Defend_R"],"score":134,"play_id":"b80c3a09-da4e-4cda-a82e-4f6c8b085d3a","local_time":"20181027173908","is_ascension_mode":true,"campfire_choices":[{"data":"Perfected Strike","floor":6,"key":"SMITH"},{"data":"Seeing Red","floor":11,"key":"SMITH"},{"data":"Infernal Blade","floor":15,"key":"SMITH"}],"neow_cost":"NONE","seed_source_timestamp":314111826094157,"circlet_count":0,"master_deck":["Strike_R","Strike_R","Strike_R","Strike_R","Strike_R","Defend_R","Defend_R","Defend_R","Bash","Seeing Red+1","Perfected Strike+1","Twin Strike","Sword Boomerang","Seeing Red","Twin Strike","Twin Strike","Infernal Blade+1"],"relics":["Burning Blood","Centennial Puzzle","Ancient Tea Set","Smiling Mask","Kunai","MawBank"],"potions_floor_usage":[7,8,10],"damage_taken":[{"damage":12,"enemies":"Jaw Worm","floor":1,"turns":2},{"damage":1,"enemies":"Cultist","floor":3,"turns":3},{"damage":0,"enemies":"2 Louse","floor":4,"turns":2},{"damage":22,"enemies":"3 Sentries","floor":7,"turns":5},{"damage":8,"enemies":"Exordium Thugs","floor":8,"turns":3},{"damage":36,"enemies":"Lagavulin","floor":10,"turns":4},{"damage":18,"enemies":"3 Sentries","floor":12,"turns":4},{"damage":4,"enemies":"2 Fungi Beasts","floor":13,"turns":2},{"damage":0,"enemies":"Large Slime","floor":14,"turns":2},{"damage":35,"enemies":"The Guardian","floor":16,"turns":7}],"seed_played":"-3359209594020639197","potions_obtained":[{"floor":1,"key":"Dexterity Potion"},{"floor":2,"key":"FearPotion"},{"floor":2,"key":"Regen Potion"},{"floor":3,"key":"Strength Potion"}],"is_trial":false,"path_per_floor":["M","?","M","M","$","R","E","M","T","E","R","E","M","M","R"],"character_chosen":"IRONCLAD","items_purchased":["Twin Strike"],"campfire_rested":0,"item_purchase_floors":[5],"current_hp_per_floor":[74,74,79,80,80,80,64,62,62,37,37,25,27,33,33,0],"gold":205,"neow_bonus":"RANDOM_COMMON_RELIC","is_prod":false,"is_daily":false,"chose_seed":false,"campfire_upgraded":3,"win_rate":0,"timestamp":1540683548,"path_taken":["M","?","?","M","?","R","E","?","T","E","R","E","M","M","R","BOSS"],"build_version":"2018-10-25v2","purchased_purges":1,"victory":false,"max_hp_per_floor":[80,80,80,80,80,80,80,80,80,80,80,80,80,80,80,80],"card_choices":[{"not_picked":["Dropkick","Whirlwind","Iron Wave"],"picked":"SKIP","floor":1},{"not_picked":["Iron Wave","Burning Pact"],"picked":"Seeing Red","floor":3},{"not_picked":["Havoc","Sever Soul"],"picked":"Perfected Strike","floor":4},{"not_picked":["Iron Wave","Pommel Strike"],"picked":"Sword Boomerang","floor":7},{"not_picked":["Heavy Blade","Armaments"],"picked":"Seeing Red","floor":8},{"not_picked":["Whirlwind","Bludgeon","Cleave"],"picked":"SKIP","floor":10},{"not_picked":["Headbutt","Searing Blow"],"picked":"Twin Strike","floor":12},{"not_picked":["Pummel","Pommel Strike"],"picked":"Twin Strike","floor":13},{"not_picked":["Iron Wave","Shrug It Off"],"picked":"Infernal Blade","floor":14}],"player_experience":198508,"relics_obtained":[{"floor":7,"key":"Ancient Tea Set"},{"floor":9,"key":"Smiling Mask"},{"floor":10,"key":"Kunai"},{"floor":12,"key":"MawBank"}],"event_choices":[{"damage_healed":0,"gold_gain":0,"player_choice":"Got Potions","damage_taken":0,"max_hp_gain":0,"max_hp_loss":0,"event_name":"The Lab","floor":2,"gold_loss":0}],"is_beta":false,"boss_relics":[],"items_purged_floors":[5],"is_endless":false,"potions_floor_spawned":[1,3],"killed_by":"The Guardian","ascension_level":2}