{"gold_per_floor":[113,113,288,306,183,217,217,251,251,251,268,284,284,310,310,430,430,446,361,361,23,37,37,76,76,76,114,94,127,147,185,185,313,313,327,327,327,383,383,719,742,260,260,260,135,171,190,224,224,224],"floor_reached":50,"playtime":3031,"items_purged":["Doubt","Writhe","Injury"],"score":1432,"play_id":"5d8623a4-6194-4fae-9b38-453d3e439064","local_time":"20181001104811","daily_mods":["Draft","Allstar","Elite Swarm","Lethality"],"is_ascension_mode":true,"campfire_choices":[{"data":"Turbo","floor":7,"key":"SMITH"},{"data":"Fission","floor":10,"key":"SMITH"},{"data":"Turbo","floor":15,"key":"SMITH"},{"data":"Steam Power","floor":23,"key":"SMITH"},{"floor":25,"key":"DIG"},{"data":"Coolheaded","floor":32,"key":"SMITH"},{"data":"Seek","floor":44,"key":"SMITH"},{"floor":49,"key":"DIG"}],"neow_cost":"","seed_source_timestamp":0,"circlet_count":0,"master_deck":["Capacitor","Cold Snap","Sweeping Beam","Compile Driver","Cold Snap","Go for the Eyes","Ball Lightning","Compile Driver","Beam Cell","Turbo+1","Hologram+1","Coolheaded+1","Compile Driver","Chaos+1","Redo","Beam Cell","Turbo+1","Redo","Fission+1","Steam Power+1","Turbo","Beam Cell+1","Rainbow","Fission","Hyperbeam","Chaos","All For One","Seek+1","Coolheaded+1","Coolheaded","Thunder Strike","Aggregate","Hologram","Scrape","Electrodynamics","Skim+1","Seek+1"],"relics":["Cracked Core","Symbiotic Virus","War Paint","Bottled Flame","Golden Idol","Odd Mushroom","Cursed Key","Calipers","Pear","Mummified Hand","Shovel","Omamori","Sundial","Meat on the Bone","Shuriken","FossilizedHelix","Philosopher\u0027s Stone","StoneCalendar","Ornamental Fan","Old Coin","Question Card","Tiny Chest","Toxic Egg 2","Incense Burner","Ancient Tea Set","The Courier"],"potions_floor_usage":[29,50,50,50],"damage_taken":[{"damage":0,"enemies":"2 Louse","floor":1,"turns":1},{"damage":7,"enemies":"Small Slimes","floor":4,"turns":2},{"damage":0,"enemies":"Lagavulin","floor":6,"turns":2},{"damage":0,"enemies":"3 Sentries","floor":8,"turns":2},{"damage":0,"enemies":"Jaw Worm","floor":11,"turns":1},{"damage":0,"enemies":"Looter","floor":12,"turns":1},{"damage":0,"enemies":"The Mushroom Lair","floor":14,"turns":1},{"damage":0,"enemies":"Slime Boss","floor":16,"turns":1},{"damage":10,"enemies":"2 Thieves","floor":18,"turns":2},{"damage":0,"enemies":"Chosen","floor":22,"turns":1},{"damage":17,"enemies":"Slavers","floor":24,"turns":3},{"damage":0,"enemies":"Gremlin Leader","floor":27,"turns":1},{"damage":0,"enemies":"Slavers","floor":29,"turns":1},{"damage":0,"enemies":"Centurion and Healer","floor":30,"turns":1},{"damage":0,"enemies":"Gremlin Leader","floor":31,"turns":1},{"damage":0,"enemies":"Collector","floor":33,"turns":1},{"damage":0,"enemies":"Orb Walker","floor":35,"turns":1},{"damage":0,"enemies":"Mysterious Sphere","floor":38,"turns":1},{"damage":0,"enemies":"Giant Head","floor":40,"turns":1},{"damage":0,"enemies":"3 Darklings","floor":41,"turns":1},{"damage":0,"enemies":"2 Orb Walkers","floor":46,"turns":2},{"damage":0,"enemies":"Transient","floor":47,"turns":5},{"damage":0,"enemies":"Giant Head","floor":48,"turns":1},{"damage":82,"enemies":"Time Eater","floor":50,"turns":3}],"seed_played":"1544761","potions_obtained":[{"floor":6,"key":"SpeedPotion"},{"floor":12,"key":"GamblersBrew"},{"floor":14,"key":"EssenceOfSteel"},{"floor":16,"key":"SpeedPotion"},{"floor":27,"key":"Strength Potion"},{"floor":28,"key":"Swift Potion"},{"floor":30,"key":"Block Potion"},{"floor":36,"key":"EntropicBrew"},{"floor":48,"key":"PowerPotion"}],"is_trial":true,"path_per_floor":["M","?","?","M","$","E","R","E","T","R","M","M","?","?","R","B",null,"M","?","?","$","M","R","E","R","T","E","?","E","M","E","R","B",null,"M","?","?","?","T","E","M","$","T","R","$","E","M","E","R"],"character_chosen":"DEFECT","items_purchased":["Redo","Mummified Hand","Question Card","Tiny Chest","Hologram","Scrape"],"campfire_rested":0,"item_purchase_floors":[5,21,42,42,42,42],"current_hp_per_floor":[75,75,75,68,68,68,68,68,68,68,68,68,50,50,50,50,75,65,65,75,75,75,75,58,58,58,58,58,58,58,58,58,58,85,85,85,81,81,81,81,81,81,81,81,81,81,81,81,81,0],"gold":224,"neow_bonus":"","is_prod":false,"is_daily":false,"chose_seed":true,"campfire_upgraded":6,"win_rate":0,"timestamp":1538412491,"path_taken":["M","?","?","M","$","E","R","E","T","R","?","M","?","?","R","BOSS","M","?","?","$","M","R","E","R","T","E","?","E","?","E","R","BOSS","M","?","?","?","?","E","M","$","T","R","$","E","M","E","R","BOSS"],"build_version":"2018-09-27","purchased_purges":3,"victory":false,"max_hp_per_floor":[75,75,75,75,75,75,75,75,75,75,75,75,75,75,75,75,75,75,75,85,85,85,85,85,85,85,85,85,85,85,85,85,85,85,85,85,81,81,81,81,81,81,81,81,81,81,81,81,81,81],"card_choices":[{"not_picked":["Conserve Battery","Barrage"],"picked":"Capacitor","floor":0},{"not_picked":["Compile Driver","Darkness"],"picked":"Cold Snap","floor":0},{"not_picked":["Rebound","Barrage"],"picked":"Sweeping Beam","floor":0},{"not_picked":["Static Discharge","Reprogram"],"picked":"Compile Driver","floor":0},{"not_picked":["Static Discharge","Stack"],"picked":"Cold Snap","floor":0},{"not_picked":["Recycle","Tempest"],"picked":"Go for the Eyes","floor":0},{"not_picked":["Reinforced Body","Recycle"],"picked":"Ball Lightning","floor":0},{"not_picked":["Barrage","Conserve Battery"],"picked":"Compile Driver","floor":0},{"not_picked":["Hologram","Cold Snap"],"picked":"Beam Cell","floor":0},{"not_picked":["Consume","Loop"],"picked":"Turbo","floor":0},{"not_picked":["Barrage","Gash"],"picked":"Hologram","floor":0},{"not_picked":["Stack","Reinforced Body"],"picked":"Coolheaded","floor":0},{"not_picked":["Static Discharge","Barrage"],"picked":"Compile Driver","floor":0},{"not_picked":["Streamline","Hologram"],"picked":"Chaos","floor":0},{"not_picked":["Steam","Compile Driver"],"picked":"Redo","floor":0},{"not_picked":["Consume","Recycle"],"picked":"Beam Cell","floor":1},{"not_picked":["Gash","Capacitor"],"picked":"Turbo","floor":4},{"not_picked":["Machine Learning","Meteor Strike","Multi-Cast"],"picked":"SKIP","floor":6},{"not_picked":["Echo Form","Amplify"],"picked":"Fission","floor":8},{"not_picked":["Chaos","Recycle","Darkness"],"picked":"SKIP","floor":11},{"not_picked":["Coolheaded","Sweeping Beam"],"picked":"Steam Power","floor":12},{"not_picked":["Rebound","Cold Snap"],"picked":"Turbo","floor":14},{"not_picked":["Rebound","Recycle","Go for the Eyes+1"],"picked":"SKIP","floor":18},{"not_picked":["Undo+1","Reinforced Body"],"picked":"Beam Cell+1","floor":22},{"not_picked":["Meteor Strike","Core Surge"],"picked":"Rainbow","floor":24},{"not_picked":["Buffer","Electrodynamics"],"picked":"Fission","floor":27},{"not_picked":["Fission","Amplify"],"picked":"Hyperbeam","floor":29},{"not_picked":["Streamline","Leap"],"picked":"Chaos","floor":30},{"not_picked":["Core Surge","Fission"],"picked":"All For One","floor":31},{"not_picked":["Meteor Strike","Creative AI"],"picked":"Seek","floor":33},{"not_picked":["Cold Snap+1","Heatsinks"],"picked":"Coolheaded+1","floor":35},{"not_picked":["Rebound","Beam Cell+1"],"picked":"Coolheaded","floor":38},{"not_picked":["Electrodynamics","Core Surge"],"picked":"Thunder Strike","floor":40},{"not_picked":["Barrage","Heatsinks"],"picked":"Aggregate","floor":41},{"not_picked":["Machine Learning","Core Surge","Meteor Strike"],"picked":"Electrodynamics","floor":46},{"not_picked":["Rebound+1","Melter","Barrage+1"],"picked":"Skim+1","floor":47},{"not_picked":["Core Surge","Machine Learning","Electrodynamics"],"picked":"Seek+1","floor":48}],"player_experience":136272,"relics_obtained":[{"floor":6,"key":"Symbiotic Virus"},{"floor":8,"key":"War Paint"},{"floor":9,"key":"Bottled Flame"},{"floor":14,"key":"Odd Mushroom"},{"floor":24,"key":"Shovel"},{"floor":25,"key":"Omamori"},{"floor":26,"key":"Sundial"},{"floor":27,"key":"Meat on the Bone"},{"floor":29,"key":"Shuriken"},{"floor":31,"key":"FossilizedHelix"},{"floor":38,"key":"StoneCalendar"},{"floor":39,"key":"Ornamental Fan"},{"floor":40,"key":"Old Coin"},{"floor":43,"key":"Toxic Egg 2"},{"floor":46,"key":"Incense Burner"},{"floor":48,"key":"Ancient Tea Set"},{"floor":49,"key":"The Courier"}],"event_choices":[{"event_name":"Golden Wing","player_choice":"Ignored","floor":2,"damage_taken":0},{"event_name":"Liars Game","player_choice":"agreed","floor":3,"damage_taken":0},{"event_name":"Golden Idol","player_choice":"Take Damage","floor":13,"damage_taken":0},{"event_name":"Mushrooms","player_choice":"Fought Mushrooms","floor":14,"damage_taken":0},{"event_name":"Addict","player_choice":"Obtained Relic","floor":19,"damage_taken":0},{"event_name":"The Mausoleum","player_choice":"Yes","floor":20,"damage_taken":0},{"event_name":"The Woman in Blue","player_choice":"Bought 1 Potion","floor":28,"damage_taken":0},{"event_name":"The Lab","player_choice":"Got Potions","floor":36,"damage_taken":0},{"event_name":"Winding Halls","player_choice":"Max HP","floor":37,"damage_taken":0},{"event_name":"Mysterious Sphere","player_choice":"Fight","floor":38,"damage_taken":0}],"is_beta":false,"boss_relics":[{"not_picked":["Inserter","Astrolabe"],"picked":"Cursed Key"},{"not_picked":["Tiny House","Runic Dome"],"picked":"Philosopher\u0027s Stone"}],"items_purged_floors":[5,21,45],"is_endless":true,"potions_floor_spawned":[6,12,14,16,27,30,31,33,38,40,47,48],"killed_by":"Time Eater","ascension_level":4}