{"gold_per_floor":[114,127,147,158,158,185,197,197,197,197,229,239,73,90,90,167,167,181,181,181,197,207,207,239,239,239,4,17,27,46,80,80,155,155,165,165,179,192,242,277,277,296,296,311,43,53,65,92,92,92],"floor_reached":50,"playtime":3022,"items_purged":["Strike_R","Regret"],"score":1155,"play_id":"9839f1d5-81d4-443f-8ce6-2e886ef6bea2","local_time":"20190522093752","is_ascension_mode":true,"campfire_choices":[{"floor":8.0,"key":"REST"},{"data":"Clothesline","floor":10.0,"key":"SMITH"},{"floor":15.0,"key":"REST"},{"data":"Inflame","floor":23.0,"key":"SMITH"},{"data":"Limit Break","floor":25.0,"key":"SMITH"},{"data":"Shockwave","floor":32.0,"key":"SMITH"},{"floor":41.0,"key":"REST"},{"floor":49.0,"key":"RECALL"}],"neow_cost":"TEN_PERCENT_HP_LOSS","seed_source_timestamp":0,"circlet_count":0,"master_deck":["AscendersBane","Strike_R","Strike_R","Strike_R","Strike_R","Defend_R","Defend_R","Defend_R","Defend_R","Bash","Shrug It Off","Whirlwind+1","Immolate","Clothesline+1","Seeing Red","Inflame+1","Limit Break+1","Shockwave+1","Shrug It Off","Reaper","Uppercut+1","Battle Trance","Double Tap"],"special_seed":0,"relics":["Burning Blood","Du-Vu Doll","Bronze Scales","Singing Bowl","Orichalcum","Regal Pillow","Cursed Key","Enchiridion","Red Mask","Lantern","Ice Cream","Fusion Hammer","Paper Frog","Bag of Preparation","Boot"],"potions_floor_usage":[50,50],"damage_taken":[{"damage":3.0,"enemies":"2 Louse","floor":1.0,"turns":3.0},{"damage":1.0,"enemies":"Cultist","floor":2.0,"turns":4.0},{"damage":5.0,"enemies":"Small Slimes","floor":3.0,"turns":4.0},{"damage":3.0,"enemies":"3 Louse","floor":4.0,"turns":4.0},{"damage":64.0,"enemies":"Gremlin Nob","floor":6.0,"turns":6.0},{"damage":12.0,"enemies":"Large Slime","floor":7.0,"turns":4.0},{"damage":20.0,"enemies":"Lagavulin","floor":11.0,"turns":7.0},{"damage":5.0,"enemies":"Blue Slaver","floor":12.0,"turns":3.0},{"damage":0.0,"enemies":"Lots of Slimes","floor":14.0,"turns":1.0},{"damage":33.0,"enemies":"Hexaghost","floor":16.0,"turns":9.0},{"damage":26.0,"enemies":"2 Thieves","floor":18.0,"turns":4.0},{"damage":0.0,"enemies":"3 Byrds","floor":21.0,"turns":2.0},{"damage":0.0,"enemies":"3 Cultists","floor":22.0,"turns":2.0},{"damage":27.0,"enemies":"Masked Bandits","floor":24.0,"turns":3.0},{"damage":0.0,"enemies":"Centurion and Healer","floor":28.0,"turns":3.0},{"damage":3.0,"enemies":"Cultist and Chosen","floor":29.0,"turns":4.0},{"damage":0.0,"enemies":"3 Cultists","floor":30.0,"turns":2.0},{"damage":0.0,"enemies":"Slavers","floor":31.0,"turns":1.0},{"damage":41.0,"enemies":"Automaton","floor":33.0,"turns":8.0},{"damage":3.0,"enemies":"Orb Walker","floor":35.0,"turns":3.0},{"damage":20.0,"enemies":"3 Shapes","floor":37.0,"turns":3.0},{"damage":29.0,"enemies":"Maw","floor":38.0,"turns":7.0},{"damage":37.0,"enemies":"Nemesis","floor":40.0,"turns":5.0},{"damage":24.0,"enemies":"Spire Growth","floor":42.0,"turns":3.0},{"damage":11.0,"enemies":"Jaw Worm Horde","floor":44.0,"turns":4.0},{"damage":3.0,"enemies":"Transient","floor":46.0,"turns":6.0},{"damage":17.0,"enemies":"Sphere and 2 Shapes","floor":47.0,"turns":4.0},{"damage":81.0,"enemies":"Giant Head","floor":48.0,"turns":7.0},{"damage":97,"enemies":"Awakened One","floor":50,"turns":9}],"seed_played":"-192456808265755775","potions_obtained":[{"floor":1.0,"key":"Dexterity Potion"},{"floor":2.0,"key":"BloodPotion"},{"floor":3.0,"key":"Fruit Juice"},{"floor":7.0,"key":"Fire Potion"},{"floor":18.0,"key":"Dexterity Potion"},{"floor":22.0,"key":"Regen Potion"},{"floor":28.0,"key":"PowerPotion"},{"floor":30.0,"key":"Explosive Potion"},{"floor":31.0,"key":"AttackPotion"},{"floor":33.0,"key":"BloodPotion"},{"floor":40.0,"key":"SteroidPotion"},{"floor":47.0,"key":"PowerPotion"},{"floor":48.0,"key":"Explosive Potion"}],"is_trial":false,"path_per_floor":["M","M","M","M","?","E","M","R","T","R","E","M","$","M","R","B",null,"M","?","?","M","M","R","?","R","T","$","M","M","M","E","R","B",null,"M","?","M","M","?","E","R","M","T","M","$","M","M","E","R","B"],"character_chosen":"IRONCLAD","items_purchased":["Regal Pillow","Lantern","Bag of Preparation"],"campfire_rested":3,"item_purchase_floors":[13,27,45],"current_hp_per_floor":[68,68,68,73,73,15,9,30,30,30,18,19,19,25,62,35,65,45,45,24,30,38,38,28,28,28,28,36,41,49,57,57,22,71,76,76,76,68,68,67,89,73,73,83,83,93,86,40,40,0],"gold":92,"neow_bonus":"ONE_RARE_RELIC","is_prod":false,"is_daily":false,"chose_seed":false,"campfire_upgraded":4,"win_rate":0,"timestamp":1558532272,"path_taken":["M","M","M","M","?","E","M","R","T","R","E","M","?","M","R","BOSS","M","?","?","M","M","R","?","R","T","?","M","M","M","E","R","BOSS","M","?","M","M","?","E","R","M","T","?","$","M","M","E","R","BOSS"],"build_version":"2019-01-23","purchased_purges":2,"victory":false,"max_hp_per_floor":[68,68,68,73,73,73,73,73,73,73,75,75,75,75,75,75,75,75,75,75,75,77,77,79,79,79,79,81,83,85,87,87,87,87,89,85,85,87,87,89,89,91,91,91,91,93,95,95,95,95],"card_choices":[{"not_picked":["Feel No Pain","Headbutt","Anger"],"picked":"SKIP","floor":1.0},{"not_picked":["Clash","Hemokinesis","Armaments"],"picked":"SKIP","floor":2.0},{"not_picked":["Wild Strike","Evolve"],"picked":"Shrug It Off","floor":3.0},{"not_picked":["Flame Barrier","Twin Strike"],"picked":"Whirlwind","floor":4.0},{"not_picked":["Heavy Blade","Infernal Blade"],"picked":"Immolate","floor":6.0},{"not_picked":["Clash","Whirlwind"],"picked":"Clothesline","floor":7.0},{"not_picked":["Combust","Rupture","Evolve"],"picked":"Singing Bowl","floor":11.0},{"not_picked":["Perfected Strike","Anger"],"picked":"Seeing Red","floor":12.0},{"not_picked":["Carnage","Headbutt"],"picked":"Inflame","floor":14.0},{"not_picked":["Berserk","Impervious"],"picked":"Limit Break","floor":16.0},{"not_picked":["Armaments","Headbutt+1"],"picked":"Shockwave","floor":18.0},{"not_picked":["Body Slam","Entrench"],"picked":"Shrug It Off","floor":21.0},{"not_picked":["Warcry","Flex","Body Slam+1"],"picked":"Singing Bowl","floor":22.0},{"not_picked":["Sever Soul","Sword Boomerang","Cleave"],"picked":"Singing Bowl","floor":24.0},{"not_picked":["Rage+1","Thunderclap","Brutality"],"picked":"Singing Bowl","floor":28.0},{"not_picked":["Wild Strike","Iron Wave","Flex"],"picked":"Singing Bowl","floor":29.0},{"not_picked":["Infernal Blade","Clash","Pommel Strike"],"picked":"Singing Bowl","floor":30.0},{"not_picked":["Clothesline","Heavy Blade","Fiend Fire"],"picked":"Singing Bowl","floor":31.0},{"not_picked":["Dark Embrace","Exhume"],"picked":"Reaper","floor":33.0},{"not_picked":["Clothesline","Reckless Charge","Headbutt+1"],"picked":"Singing Bowl","floor":35.0},{"not_picked":["Sever Soul","Armaments"],"picked":"Uppercut+1","floor":37.0},{"not_picked":["Sever Soul","Warcry+1","Wild Strike"],"picked":"Singing Bowl","floor":38.0},{"not_picked":["Dual Wield","Body Slam","Exhume"],"picked":"Singing Bowl","floor":40.0},{"not_picked":["Corruption","Second Wind","Feel No Pain"],"picked":"Singing Bowl","floor":42.0},{"not_picked":["Heavy Blade","Perfected Strike"],"picked":"Battle Trance","floor":44.0},{"not_picked":["Disarm","Clothesline","Shrug It Off"],"picked":"Singing Bowl","floor":46.0},{"not_picked":["Brutality","Iron Wave+1","Warcry+1"],"picked":"Singing Bowl","floor":47.0},{"not_picked":["Headbutt","Seeing Red"],"picked":"Double Tap","floor":48.0}],"player_experience":477164,"relics_obtained":[{"floor":6.0,"key":"Bronze Scales"},{"floor":9.0,"key":"Singing Bowl"},{"floor":11.0,"key":"Orichalcum"},{"floor":20.0,"key":"Enchiridion"},{"floor":24.0,"key":"Red Mask"},{"floor":31.0,"key":"Ice Cream"},{"floor":40.0,"key":"Paper Frog"},{"floor":48.0,"key":"Boot"}],"event_choices":[{"damage_healed":0.0,"max_hp_gain":0.0,"max_hp_loss":0.0,"gold_gain":0.0,"event_name":"Upgrade Shrine","player_choice":"Upgraded","floor":5.0,"gold_loss":0.0,"damage_taken":0.0,"cards_upgraded":["Whirlwind"]},{"damage_healed":0.0,"max_hp_gain":0.0,"max_hp_loss":0.0,"gold_gain":0.0,"event_name":"Ghosts","player_choice":"Ignored","floor":19.0,"gold_loss":0.0,"damage_taken":0.0},{"damage_healed":0.0,"max_hp_gain":0.0,"max_hp_loss":0.0,"gold_gain":0.0,"event_name":"Cursed Tome","player_choice":"Obtained Book","floor":20.0,"gold_loss":0.0,"damage_taken":21.0},{"damage_healed":0.0,"max_hp_gain":0.0,"max_hp_loss":0.0,"gold_gain":0.0,"event_name":"Masked Bandits","player_choice":"Fought Bandits","floor":24.0,"gold_loss":0.0,"damage_taken":0.0},{"damage_healed":0.0,"max_hp_gain":0.0,"max_hp_loss":4.0,"gold_gain":0.0,"event_name":"Winding Halls","player_choice":"Max HP","floor":36.0,"gold_loss":0.0,"damage_taken":0.0},{"damage_healed":0.0,"max_hp_gain":0.0,"max_hp_loss":0.0,"gold_gain":50.0,"event_name":"Golden Shrine","player_choice":"Pray","floor":39.0,"gold_loss":0.0,"damage_taken":0.0}],"is_beta":false,"boss_relics":[{"not_picked":["Lizard Tail","Busted Crown"],"picked":"Cursed Key"},{"not_picked":["Orrery","Runic Cube"],"picked":"Fusion Hammer"}],"items_purged_floors":[27,45],"is_endless":false,"potions_floor_spawned":[1,2,3,7,18,22,28,30,31,33,37,40,47,48],"killed_by":"Awakened One","ascension_level":20}