{"gold_per_floor":[119,133,150,150,75,88,107,107,107,122,122,15,15,27,27,125,125,136,151,151,151,51,51,51,79,79,27,27,41,41,53,53,153,153,171,0,15,15,25,25,43,43,43,43],"floor_reached":44,"playtime":3072,"items_purged":["Strike_G","Defend_G"],"score":445,"play_id":"bf1acd72-7798-491b-9d3e-5116c463bf46","local_time":"20181204225700","is_ascension_mode":false,"campfire_choices":[{"floor":8.0,"key":"REST"},{"data":"Envenom","floor":15.0,"key":"SMITH"},{"floor":23.0,"key":"REST"},{"floor":28.0,"key":"REST"},{"floor":32.0,"key":"REST"},{"floor":40,"key":"REST"}],"neow_cost":"PERCENT_DAMAGE","seed_source_timestamp":85818009913513,"circlet_count":0,"master_deck":["Defend_G","Defend_G","Defend_G","Defend_G","Survivor","Neutralize","Flechettes","Malaise","Blade Dance","Envenom+1","Crippling Poison","Cloak And Dagger","Backflip","Bane","Bouncing Flask","Well Laid Plans","Blade Dance","Adrenaline","Cloak And Dagger","Bouncing Flask+1","Bite","Bite","Bite","Bite","Bite","PiercingWail","Dodge and Roll+1","A Thousand Cuts"],"special_seed":0,"relics":["Ring of the Snake","Singing Bowl","Mango","Bottled Lightning","Fusion Hammer","FossilizedHelix","Paper Crane","MutagenicStrength","Black Star","Red Mask","Bird Faced Urn","Mummified Hand"],"potions_floor_usage":[39],"damage_taken":[{"damage":0.0,"enemies":"Small Slimes","floor":1.0,"turns":5.0},{"damage":0.0,"enemies":"Cultist","floor":2.0,"turns":4.0},{"damage":4.0,"enemies":"Jaw Worm","floor":3.0,"turns":7.0},{"damage":10.0,"enemies":"3 Louse","floor":6.0,"turns":4.0},{"damage":5.0,"enemies":"2 Fungi Beasts","floor":7.0,"turns":5.0},{"damage":1.0,"enemies":"Blue Slaver","floor":10.0,"turns":4.0},{"damage":9.0,"enemies":"Exordium Thugs","floor":14.0,"turns":4.0},{"damage":35.0,"enemies":"The Guardian","floor":16.0,"turns":9.0},{"damage":5.0,"enemies":"Chosen","floor":18.0,"turns":5.0},{"damage":0.0,"enemies":"Shell Parasite","floor":19.0,"turns":4.0},{"damage":35.0,"enemies":"Slavers","floor":25.0,"turns":5.0},{"damage":0.0,"enemies":"Centurion and Healer","floor":29.0,"turns":6.0},{"damage":0.0,"enemies":"Shelled Parasite and Fungi","floor":31.0,"turns":4.0},{"damage":39,"enemies":"Automaton","floor":33,"turns":11},{"damage":31,"enemies":"3 Darklings","floor":35,"turns":6},{"damage":4,"enemies":"3 Shapes","floor":37,"turns":5},{"damage":19,"enemies":"Transient","floor":39,"turns":5},{"damage":43,"enemies":"4 Shapes","floor":41,"turns":6},{"damage":39,"enemies":"Reptomancer","floor":44,"turns":3}],"seed_played":"-7167651406201353910","potions_obtained":[{"floor":2.0,"key":"AttackPotion"},{"floor":6.0,"key":"SpeedPotion"},{"floor":7.0,"key":"Dexterity Potion"},{"floor":11.0,"key":"Regen Potion"},{"floor":31.0,"key":"Fire Potion"},{"floor":33,"key":"Strength Potion"}],"is_trial":false,"path_per_floor":["M","M","M","?","$","M","M","R","T","M","?","$","T","M","R","B",null,"M","M","?","?","$","R","?","E","T","$","R","M","?","M","R","B",null,"M","?","M","?","M","R","M","?","T","E"],"character_chosen":"THE_SILENT","items_purchased":["Bouncing Flask","Well Laid Plans","PiercingWail"],"campfire_rested":5,"item_purchase_floors":[12,12,27],"current_hp_per_floor":[49,49,45,45,45,35,30,51,65,64,64,64,64,55,55,35,84,79,79,58,58,58,58,58,31,31,31,49,62,62,62,62,35,62,39,39,45,45,36,56,25,25,25,0],"gold":43,"neow_bonus":"TRANSFORM_TWO_CARDS","is_prod":false,"is_daily":false,"chose_seed":false,"campfire_upgraded":1,"win_rate":0,"timestamp":1543953420,"path_taken":["M","M","M","?","$","M","?","R","T","M","?","$","?","M","R","BOSS","M","M","?","?","$","R","?","E","T","?","R","M","?","M","R","BOSS","M","?","M","?","M","R","?","?","T","E"],"build_version":"2018-11-15","purchased_purges":2,"victory":false,"max_hp_per_floor":[70,70,70,70,70,70,70,70,84,84,84,84,84,84,84,84,84,84,84,58,58,58,58,58,60,60,60,60,62,62,62,62,62,62,64,64,66,66,68,68,70,70,70,70],"card_choices":[{"not_picked":["Flying Knee","Finisher"],"picked":"Blade Dance","floor":1.0},{"not_picked":["Acrobatics","Dagger Throw"],"picked":"Envenom","floor":2.0},{"not_picked":["Distraction","Dagger Spray"],"picked":"Crippling Poison","floor":3.0},{"not_picked":["Catalyst","Tactician"],"picked":"Cloak And Dagger","floor":6.0},{"not_picked":["Phantasmal Killer","Catalyst"],"picked":"Backflip","floor":7.0},{"not_picked":["Expertise","Deflect"],"picked":"Bane","floor":10.0},{"not_picked":["Backflip","Escape Plan"],"picked":"Blade Dance","floor":14.0},{"not_picked":["Night Terror","Venomology"],"picked":"Adrenaline","floor":16.0},{"not_picked":["Poisoned Stab","Terror"],"picked":"Cloak And Dagger","floor":18.0},{"not_picked":["Predator","Skewer"],"picked":"Bouncing Flask+1","floor":19.0},{"not_picked":["Slice","Sucker Punch","Reflex+1"],"picked":"Singing Bowl","floor":25.0},{"not_picked":["Acrobatics+1","Footwork","Choke"],"picked":"Singing Bowl","floor":29.0},{"not_picked":["Deflect","Backstab"],"picked":"Dodge and Roll+1","floor":31.0},{"not_picked":["Doppelganger","Wraith Form v2"],"picked":"A Thousand Cuts","floor":33},{"not_picked":["Dagger Throw+1","Caltrops+1","Skewer+1"],"picked":"Singing Bowl","floor":35},{"not_picked":["Dagger Throw","Blade Dance","Backflip+1"],"picked":"Singing Bowl","floor":37},{"not_picked":["Backflip","Blade Dance+1","Flying Knee+1"],"picked":"Singing Bowl","floor":39},{"not_picked":["Caltrops","Crippling Poison","Deflect"],"picked":"Singing Bowl","floor":41}],"player_experience":429528,"relics_obtained":[{"floor":4.0,"key":"Singing Bowl"},{"floor":9.0,"key":"Mango"},{"floor":13.0,"key":"Bottled Lightning"},{"floor":25.0,"key":"FossilizedHelix"},{"floor":26.0,"key":"Paper Crane"},{"floor":43,"key":"Mummified Hand"}],"event_choices":[{"damage_healed":0.0,"max_hp_gain":0.0,"max_hp_loss":0.0,"gold_gain":0.0,"event_name":"Wheel of Change","player_choice":"Relic","floor":4.0,"gold_loss":0.0,"damage_taken":0.0},{"damage_healed":0.0,"max_hp_gain":0.0,"max_hp_loss":0.0,"gold_gain":0.0,"event_name":"Lab","player_choice":"Got Potions","floor":11.0,"gold_loss":0.0,"damage_taken":0.0},{"damage_healed":0.0,"max_hp_gain":0.0,"max_hp_loss":26.0,"gold_gain":0.0,"event_name":"Vampires","player_choice":"Became a vampire","floor":20.0,"gold_loss":0.0,"damage_taken":0.0,"cards_obtained":["Bite","Bite","Bite","Bite","Bite"]},{"damage_healed":0.0,"max_hp_gain":0.0,"max_hp_loss":0.0,"gold_gain":0.0,"event_name":"The Library","player_choice":"Read","floor":21.0,"gold_loss":0.0,"damage_taken":0.0,"cards_obtained":["Flechettes"]},{"damage_healed":0.0,"max_hp_gain":0.0,"max_hp_loss":0.0,"gold_gain":0.0,"event_name":"Ghosts","player_choice":"Ignored","floor":24.0,"gold_loss":0.0,"damage_taken":0.0},{"damage_healed":0.0,"max_hp_gain":0.0,"max_hp_loss":0.0,"gold_gain":0.0,"event_name":"Drug Dealer","player_choice":"Inject Mutagens","floor":30.0,"gold_loss":0.0,"damage_taken":0.0,"relics_obtained":["MutagenicStrength"]},{"damage_healed":0,"gold_gain":0,"player_choice":"Paid","damage_taken":0,"relics_obtained":["Red Mask"],"max_hp_gain":0,"max_hp_loss":0,"event_name":"Tomb of Lord Red Mask","floor":36,"gold_loss":171},{"cards_removed":["Flechettes"],"damage_healed":0,"gold_gain":0,"player_choice":"Removed Attack","damage_taken":0,"max_hp_gain":0,"max_hp_loss":0,"event_name":"Falling","floor":38,"gold_loss":0},{"damage_healed":0,"gold_gain":0,"player_choice":"Gave Potion","damage_taken":0,"relics_obtained":["Bird Faced Urn"],"max_hp_gain":0,"max_hp_loss":0,"event_name":"WeMeetAgain","floor":42,"gold_loss":0}],"is_beta":false,"boss_relics":[{"not_picked":["Philosopher\u0027s Stone","Snecko Eye"],"picked":"Fusion Hammer"},{"not_picked":["Lizard Tail","Pandora\u0027s Box"],"picked":"Black Star"}],"items_purged_floors":[5,22],"is_endless":false,"potions_floor_spawned":[2,6,7,31,33],"killed_by":"Reptomancer","ascension_level":0}