{"gold_per_floor":[110,285,285,33,53,53,66,85,85,85,105,140,154,168,168,168],"floor_reached":16,"playtime":9773,"items_purged":[],"score":104,"play_id":"a0e0480d-6377-48a2-ad36-c9ba800cd8f3","local_time":"20190604144338","is_ascension_mode":false,"campfire_choices":[{"data":"Riddle With Holes","floor":6,"key":"SMITH"},{"data":"Crippling Poison","floor":10,"key":"SMITH"},{"floor":15,"key":"REST"}],"neow_cost":"NONE","seed_source_timestamp":1683575253476600,"circlet_count":0,"master_deck":["Defend_G","Defend_G","Defend_G","Defend_G","Defend_G","Strike_G","Strike_G","Strike_G","Strike_G","Strike_G","Survivor","Neutralize","Riddle With Holes+1","Crippling Poison+1","Leg Sweep","Dash","Dash","Accuracy"],"relics":["Snecko Eye","Dodecahedron","Paper Crane","Ornamental Fan"],"potions_floor_usage":[],"damage_taken":[{"damage":0,"enemies":"2 Louse","floor":1,"turns":4},{"damage":0,"enemies":"Small Slimes","floor":5,"turns":2},{"damage":1,"enemies":"Cultist","floor":7,"turns":3},{"damage":8,"enemies":"Lots of Slimes","floor":8,"turns":3},{"damage":5,"enemies":"2 Fungi Beasts","floor":11,"turns":3},{"damage":10,"enemies":"Lagavulin","floor":12,"turns":5},{"damage":0,"enemies":"Exordium Wildlife","floor":13,"turns":2},{"damage":0,"enemies":"3 Louse","floor":14,"turns":3},{"damage":0,"enemies":"Slime Boss","floor":16,"turns":1}],"seed_played":"-5429179464354913005","potions_obtained":[{"floor":1,"key":"Weak Potion"},{"floor":12,"key":"FearPotion"},{"floor":14,"key":"Swift Potion"}],"is_trial":false,"path_per_floor":["M","?","?","$","M","R","M","M","T","R","M","E","M","M","R","B"],"character_chosen":"THE_SILENT","items_purchased":["Dodecahedron"],"campfire_rested":1,"item_purchase_floors":[4],"current_hp_per_floor":[70,70,70,70,70,70,69,61,61,61,56,46,46,46,67,67],"gold":168,"neow_bonus":"BOSS_RELIC","is_prod":false,"is_daily":false,"chose_seed":false,"campfire_upgraded":2,"win_rate":0,"timestamp":1559673818,"path_taken":["M","?","?","$","M","R","M","M","T","R","M","E","?","M","R","BOSS"],"build_version":"2019-01-23","purchased_purges":0,"victory":false,"max_hp_per_floor":[70,70,70,70,70,70,70,70,70,70,70,70,70,70,70,70],"card_choices":[{"not_picked":["Flying Knee","Blade Dance"],"picked":"Riddle With Holes","floor":1},{"not_picked":["Quick Slash","Concentrate","Distraction"],"picked":"SKIP","floor":5},{"not_picked":["Outmaneuver","Dodge and Roll"],"picked":"Crippling Poison","floor":7},{"not_picked":["Underhanded Strike","Calculated Gamble"],"picked":"Leg Sweep","floor":8},{"not_picked":["Outmaneuver","Footwork"],"picked":"Dash","floor":11},{"not_picked":["Envenom","Burst"],"picked":"Dash","floor":12},{"not_picked":["Quick Slash","Reflex"],"picked":"Accuracy","floor":13},{"not_picked":["Poisoned Stab","Expertise","Well Laid Plans"],"picked":"SKIP","floor":14}],"player_experience":1091075,"relics_obtained":[{"floor":9,"key":"Paper Crane"},{"floor":12,"key":"Ornamental Fan"}],"event_choices":[{"damage_healed":0,"gold_gain":175,"player_choice":"AGREE","damage_taken":0,"max_hp_gain":0,"max_hp_loss":0,"event_name":"Liars Game","floor":2,"gold_loss":0,"cards_obtained":["Doubt"]},{"cards_removed":["Doubt"],"damage_healed":0,"gold_gain":0,"player_choice":"Removed Curses","damage_taken":0,"max_hp_gain":0,"max_hp_loss":0,"event_name":"Fountain of Cleansing","floor":3,"gold_loss":0}],"is_beta":false,"boss_relics":[],"items_purged_floors":[],"is_endless":false,"potions_floor_spawned":[1,12,14],"killed_by":"Slime Boss","ascension_level":0}