{"gold_per_floor":[213,213,232,80,155,190,190,210,210,242,264,276,288,15,15,113,113,133,147,0,11,26,55,55,86,86,86,86,99,117,133,133,133],"floor_reached":33,"playtime":2829,"items_purged":["Regret"],"score":302,"play_id":"c17826de-3ff1-46b0-8525-072229932821","local_time":"20190602081456","is_ascension_mode":false,"campfire_choices":[{"floor":7,"key":"REST"},{"floor":12,"key":"REST"},{"floor":15,"key":"REST"},{"floor":27,"key":"REST"},{"floor":32,"key":"REST"}],"neow_cost":"NONE","seed_source_timestamp":43019513517004,"circlet_count":0,"master_deck":["Defend_G","Defend_G","Defend_G","Defend_G","Defend_G","Strike_G","Strike_G","Strike_G","Strike_G","Strike_G","Survivor","Neutralize","Dagger Spray","Backflip+1","Dagger Throw","Deflect+1","Deadly Poison+1","Bane","A Thousand Cuts","Well Laid Plans","Riddle With Holes","Storm of Steel+1","Poisoned Stab","Deadly Poison+1","Deflect+1","Blade Dance+1","Cloak And Dagger+1","Leg Sweep+1","Heel Hook","Accuracy+1","Dagger Spray+1","Noxious Fumes","Deflect+1","Backstab+1","Poisoned Stab+1","Dagger Spray+1"],"relics":["Ring of the Snake","Toxic Egg 2","Anchor","Paper Crane","MawBank","Meat on the Bone","Ninja Scroll","Orrery","Blood Vial","Molten Egg 2","Red Mask","Darkstone Periapt"],"potions_floor_usage":[6,18,23,29,31,33,33],"damage_taken":[{"damage":0,"enemies":"Jaw Worm","floor":1,"turns":6},{"damage":0,"enemies":"Small Slimes","floor":3,"turns":3},{"damage":10,"enemies":"3 Sentries","floor":6,"turns":7},{"damage":0,"enemies":"2 Louse","floor":8,"turns":2},{"damage":14,"enemies":"Lagavulin","floor":10,"turns":6},{"damage":0,"enemies":"2 Fungi Beasts","floor":11,"turns":3},{"damage":32,"enemies":"Hexaghost","floor":16,"turns":10},{"damage":3,"enemies":"Spheric Guardian","floor":18,"turns":3},{"damage":9,"enemies":"3 Byrds","floor":19,"turns":4},{"damage":9,"enemies":"Centurion and Healer","floor":21,"turns":6},{"damage":0,"enemies":"Cultist and Chosen","floor":22,"turns":5},{"damage":8,"enemies":"Book of Stabbing","floor":23,"turns":5},{"damage":14,"enemies":"Masked Bandits","floor":25,"turns":6},{"damage":20,"enemies":"3 Cultists","floor":29,"turns":6},{"damage":12,"enemies":"Snake Plant","floor":30,"turns":5},{"damage":0,"enemies":"Chosen and Byrds","floor":31,"turns":5},{"damage":71,"enemies":"Automaton","floor":33,"turns":6}],"seed_played":"-5522016253329194923","potions_obtained":[{"floor":1,"key":"Energy Potion"},{"floor":3,"key":"GamblersBrew"},{"floor":6,"key":"Swift Potion"},{"floor":10,"key":"Fire Potion"},{"floor":18,"key":"SkillPotion"},{"floor":23,"key":"Weak Potion"},{"floor":25,"key":"Explosive Potion"},{"floor":29,"key":"Block Potion"}],"is_trial":false,"path_per_floor":["M","?","M","$","?","E","R","M","T","E","M","R","?","$","R","B",null,"M","M","$","M","M","E","?","?","T","R","?","M","M","M","R","B"],"character_chosen":"THE_SILENT","items_purchased":["Dagger Throw","Deflect+1","Ninja Scroll","Riddle With Holes","Blood Vial"],"campfire_rested":5,"item_purchase_floors":[4,4,14,14,20],"current_hp_per_floor":[70,70,70,70,59,49,70,70,70,56,56,70,52,52,70,38,70,67,58,58,51,53,47,47,47,47,68,68,50,40,42,63,0],"gold":133,"neow_bonus":"HUNDRED_GOLD","is_prod":false,"is_daily":false,"chose_seed":false,"campfire_upgraded":0,"win_rate":0.0,"timestamp":1559481296,"path_taken":["M","?","M","$","?","E","R","M","T","E","M","R","?","$","R","BOSS","M","M","$","M","M","E","?","?","T","R","?","M","M","M","R","BOSS"],"build_version":"2019-01-23","purchased_purges":1,"victory":false,"max_hp_per_floor":[70,70,70,70,70,70,70,70,70,70,70,70,70,70,70,70,70,70,70,70,70,70,70,70,70,70,70,70,70,70,70,70,70],"card_choices":[{"not_picked":["All Out Attack","Terror"],"picked":"Dagger Spray","floor":1},{"not_picked":["Leg Sweep+1","Acrobatics+1"],"picked":"Backflip+1","floor":3},{"not_picked":["Skewer","Blade Dance+1"],"picked":"Deadly Poison+1","floor":6},{"not_picked":["Reflex+1","Flying Knee"],"picked":"Bane","floor":8},{"not_picked":["Caltrops","Bane"],"picked":"A Thousand Cuts","floor":10},{"not_picked":["Backflip+1","Choke"],"picked":"Well Laid Plans","floor":11},{"not_picked":["Doppelganger+1","Wraith Form v2"],"picked":"Storm of Steel+1","floor":16},{"not_picked":["Backflip+1","Slice"],"picked":"Poisoned Stab","floor":17},{"not_picked":["Poisoned Stab","Flying Knee"],"picked":"Deadly Poison+1","floor":17},{"not_picked":["Dash","Tactician+1"],"picked":"Deflect+1","floor":17},{"not_picked":["Underhanded Strike","Expertise+1"],"picked":"Blade Dance+1","floor":17},{"not_picked":["Quick Slash","Choke"],"picked":"Cloak And Dagger+1","floor":17},{"not_picked":["All Out Attack","Underhanded Strike"],"picked":"Leg Sweep+1","floor":18},{"not_picked":["Reflex+1","Finisher"],"picked":"Heel Hook","floor":19},{"not_picked":["Underhanded Strike","Escape Plan+1"],"picked":"Accuracy","floor":21},{"not_picked":["Underhanded Strike","Tools of the Trade"],"picked":"Dagger Spray+1","floor":22},{"not_picked":["Sucker Punch","Finisher"],"picked":"Noxious Fumes","floor":23},{"not_picked":["Quick Slash+1","Expertise+1"],"picked":"Deflect+1","floor":25},{"not_picked":["All Out Attack+1","Crippling Poison+1"],"picked":"Backstab+1","floor":29},{"not_picked":["Heel Hook+1","Dodge and Roll+1"],"picked":"Poisoned Stab+1","floor":30},{"not_picked":["Tactician+1","Die Die Die+1"],"picked":"Dagger Spray+1","floor":31}],"player_experience":36178,"relics_obtained":[{"floor":6,"key":"Anchor"},{"floor":9,"key":"Paper Crane"},{"floor":10,"key":"MawBank"},{"floor":23,"key":"Molten Egg 2"},{"floor":25,"key":"Red Mask"},{"floor":26,"key":"Darkstone Periapt"}],"event_choices":[{"damage_healed":0,"gold_gain":0,"player_choice":"Box","damage_taken":0,"relics_obtained":["Toxic Egg 2"],"max_hp_gain":0,"max_hp_loss":0,"event_name":"Big Fish","floor":2,"gold_loss":0,"cards_obtained":["Regret"]},{"damage_healed":0,"gold_gain":75,"player_choice":"Gather Gold","damage_taken":11,"max_hp_gain":0,"max_hp_loss":0,"event_name":"World of Goop","floor":5,"gold_loss":0},{"damage_healed":0,"gold_gain":0,"player_choice":"Success","damage_taken":18,"relics_obtained":["Meat on the Bone"],"max_hp_gain":0,"max_hp_loss":0,"event_name":"Scrap Ooze","floor":13,"gold_loss":0},{"damage_healed":0,"gold_gain":0,"player_choice":"Fought Bandits","damage_taken":0,"max_hp_gain":0,"max_hp_loss":0,"event_name":"Masked Bandits","floor":25,"gold_loss":0},{"damage_healed":0,"gold_gain":0,"player_choice":"Forge","damage_taken":0,"max_hp_gain":0,"max_hp_loss":0,"event_name":"Accursed Blacksmith","floor":28,"gold_loss":0,"cards_upgraded":["Accuracy"]}],"is_beta":false,"boss_relics":[{"not_picked":["Cursed Key","Snecko Eye"],"picked":"Orrery"}],"items_purged_floors":[4],"is_endless":false,"potions_floor_spawned":[1,3,6,10,18,22,23,25,29],"killed_by":"Automaton","ascension_level":0}