{"gold_per_floor":[20,20,195,210,210,210,243,243,312,312,338,303,303,12,12,138,138,154,179,179,195,218,254,254,304,304,340,364,28,41,72,72,203,215,250,262,339,364,376,431,459,510,522,534,570,618,630,660,672,684],"floor_reached":51,"playtime":2931,"items_purged":["Doubt","Injury"],"score":939,"play_id":"6feb33aa-1b88-4ad8-9150-8b175aecc4ad","local_time":"20190407185836","is_ascension_mode":true,"campfire_choices":[{"floor":6,"key":"DIG"},{"floor":8,"key":"DIG"},{"floor":10,"key":"RECALL"},{"data":"Brutality","floor":15,"key":"SMITH"},{"floor":24,"key":"DIG"},{"floor":32,"key":"DIG"},{"floor":44,"key":"DIG"},{"floor":47,"key":"DIG"},{"floor":49,"key":"DIG"}],"neow_cost":"NO_GOLD","seed_source_timestamp":519639448600279,"circlet_count":0,"master_deck":["Strike_R","Strike_R","Strike_R","Strike_R","Strike_R","Defend_R","Defend_R","Defend_R","Defend_R","Bash","Havoc+1","Disarm","Battle Trance+1","Armaments+1","Brutality+1","Deep Breath+1","Reaper","Twin Strike+1","Uppercut+1","Armaments+1","Dropkick","Flex+1","Dropkick","Perfected Strike","Twin Strike+1","Thunderclap+1","Clumsy","Infernal Blade+1","Warcry+1","Havoc+1","Offering+1","Shrug It Off+1","Flex+1","Heavy Blade","Thunderclap","Pommel Strike","Corruption+1","Doubt","Sword Boomerang+1","Perfected Strike","Perfected Strike+1"],"relics":["Burning Blood","Shovel","Shuriken","Turnip","Pen Nib","Prayer Wheel","Toxic Egg 2","Centennial Puzzle","Golden Idol","Cursed Key","Dream Catcher","Smiling Mask","The Courier","Gremlin Horn","Toy Ornithopter","Anchor","Bottled Lightning","MawBank","Black Star","Pocketwatch","Kunai","Darkstone Periapt","Torii","Bag of Marbles","Mummified Hand","Bird Faced Urn","Vajra","Blood Vial","FossilizedHelix","Pear"],"potions_floor_usage":[11,16,27,37,50,50],"damage_taken":[{"damage":1,"enemies":"Jaw Worm","floor":1,"turns":5},{"damage":1,"enemies":"2 Louse","floor":4,"turns":4},{"damage":29,"enemies":"3 Sentries","floor":7,"turns":11},{"damage":46,"enemies":"Lagavulin","floor":11,"turns":7},{"damage":32,"enemies":"The Guardian","floor":16,"turns":11},{"damage":13,"enemies":"3 Byrds","floor":18,"turns":5},{"damage":13,"enemies":"2 Thieves","floor":19,"turns":2},{"damage":3,"enemies":"Snake Plant","floor":21,"turns":4},{"damage":27,"enemies":"Snecko","floor":22,"turns":5},{"damage":17,"enemies":"Book of Stabbing","floor":23,"turns":4},{"damage":23,"enemies":"Gremlin Leader","floor":27,"turns":3},{"damage":7,"enemies":"Cultist and Chosen","floor":28,"turns":3},{"damage":7,"enemies":"Sentry and Sphere","floor":30,"turns":3},{"damage":12,"enemies":"Book of Stabbing","floor":31,"turns":5},{"damage":14,"enemies":"Collector","floor":33,"turns":5},{"damage":22,"enemies":"3 Darklings","floor":35,"turns":4},{"damage":15,"enemies":"2 Orb Walkers","floor":37,"turns":3},{"damage":21,"enemies":"3 Shapes","floor":38,"turns":3},{"damage":17,"enemies":"Nemesis","floor":40,"turns":5},{"damage":7,"enemies":"Spire Growth","floor":41,"turns":2},{"damage":17,"enemies":"Reptomancer","floor":42,"turns":4},{"damage":25,"enemies":"Transient","floor":45,"turns":5},{"damage":13,"enemies":"Nemesis","floor":46,"turns":5},{"damage":2,"enemies":"3 Darklings","floor":48,"turns":3},{"damage":56,"enemies":"Awakened One","floor":50,"turns":8}],"seed_played":"1786563600706054591","potions_obtained":[{"floor":1,"key":"Dexterity Potion"},{"floor":11,"key":"Fire Potion"},{"floor":22,"key":"Explosive Potion"},{"floor":23,"key":"Strength Potion"},{"floor":27,"key":"LiquidBronze"},{"floor":28,"key":"Energy Potion"},{"floor":30,"key":"SteroidPotion"},{"floor":37,"key":"SmokeBomb"}],"is_trial":false,"path_per_floor":["M","?","?","M","T","R","E","R","T","R","E","?","?","$","R","B",null,"M","M","?","M","M","E","R","?","T","E","M","$","M","E","R","B",null,"M","?","?","M","?","E","M","E","T","R","M","E","R","M","R","B",null],"character_chosen":"IRONCLAD","items_purchased":["Armaments+1","Brutality","Deep Breath+1","Toy Ornithopter","Anchor"],"campfire_rested":0,"item_purchase_floors":[14,14,14,29,29],"current_hp_per_floor":[80,80,80,80,80,80,57,57,57,57,17,37,37,37,37,11,80,80,73,73,76,55,51,51,51,51,41,60,60,59,71,71,63,80,64,64,72,66,66,76,80,77,83,83,67,74,74,82,92,56],"gold":696,"neow_bonus":"ONE_RARE_RELIC","is_prod":false,"is_daily":false,"chose_seed":false,"campfire_upgraded":1,"win_rate":0,"timestamp":1554677916,"path_taken":["M","?","?","M","?","R","E","R","T","R","E","?","?","$","R","BOSS","M","M","?","M","M","E","R","?","T","E","M","$","?","E","R","BOSS","M","?","?","M","?","E","M","E","T","R","M","E","R","M","R","BOSS"],"build_version":"2019-01-23","purchased_purges":2,"victory":true,"max_hp_per_floor":[80,80,80,80,80,80,80,80,80,80,80,80,80,80,80,80,80,80,80,80,80,80,80,80,80,80,80,80,80,80,80,80,80,80,80,80,80,80,80,80,80,80,86,86,86,86,86,86,96,96],"card_choices":[{"not_picked":["Entrench","Heavy Blade"],"picked":"Havoc","floor":1},{"not_picked":["Clash","Headbutt"],"picked":"Flex","floor":4},{"not_picked":["Burning Pact","Clothesline"],"picked":"Disarm","floor":7},{"not_picked":["Intimidate+1","Disarm+1"],"picked":"Battle Trance+1","floor":11},{"not_picked":["Dark Embrace","Berserk"],"picked":"Reaper","floor":16},{"not_picked":["Heavy Blade","Cleave"],"picked":"Twin Strike+1","floor":18},{"not_picked":["Entrench+1","Headbutt+1"],"picked":"Uppercut+1","floor":18},{"not_picked":["Sentinel+1","Heavy Blade"],"picked":"Armaments+1","floor":19},{"not_picked":["Sword Boomerang","Twin Strike+1"],"picked":"Dropkick","floor":19},{"not_picked":["Iron Wave","Juggernaut"],"picked":"Flex+1","floor":21},{"not_picked":["Reckless Charge","Clothesline"],"picked":"Dropkick","floor":21},{"not_picked":["Wild Strike","Entrench+1"],"picked":"Perfected Strike","floor":22},{"not_picked":["Ghostly Armor+1","Bludgeon"],"picked":"Twin Strike+1","floor":22},{"not_picked":["Clothesline","Reckless Charge"],"picked":"Thunderclap+1","floor":23},{"not_picked":["Spot Weakness+1","Clash+1"],"picked":"Infernal Blade+1","floor":27},{"not_picked":["Heavy Blade+1","Armaments+1"],"picked":"Warcry+1","floor":28},{"not_picked":["Flex+1","Headbutt","Entrench+1"],"picked":"SKIP","floor":28},{"not_picked":["Spot Weakness+1","Flame Barrier+1"],"picked":"Havoc+1","floor":30},{"not_picked":["Uppercut","Power Through+1","Iron Wave+1"],"picked":"SKIP","floor":30},{"not_picked":["Heavy Blade","Flex+1","Iron Wave"],"picked":"SKIP","floor":31},{"not_picked":["Brutality","Bludgeon"],"picked":"Offering+1","floor":33},{"not_picked":["Sentinel+1","Spot Weakness+1"],"picked":"Shrug It Off+1","floor":35},{"not_picked":["Wild Strike+1","True Grit+1"],"picked":"Flex+1","floor":35},{"not_picked":["Clash","Seeing Red+1"],"picked":"Heavy Blade","floor":38},{"not_picked":["Flex+1","Havoc+1"],"picked":"Thunderclap","floor":38},{"not_picked":["Fiend Fire","Pummel"],"picked":"Pommel Strike","floor":40},{"not_picked":["Headbutt","Sever Soul"],"picked":"Corruption+1","floor":41},{"not_picked":["Twin Strike","Clash+1","Sentinel+1"],"picked":"SKIP","floor":41},{"not_picked":["Clash","Burning Pact+1","Dual Wield+1"],"picked":"SKIP","floor":42},{"not_picked":["Blood for Blood+1","Pummel+1"],"picked":"Sword Boomerang+1","floor":45},{"not_picked":["True Grit+1","Metallicize"],"picked":"Perfected Strike","floor":45},{"not_picked":["Clash+1","Entrench+1","Battle Trance+1"],"picked":"SKIP","floor":46},{"not_picked":["Thunderclap","Feed"],"picked":"Perfected Strike+1","floor":48},{"not_picked":["Havoc+1","Carnage","Pommel Strike"],"picked":"SKIP","floor":48}],"player_experience":108890,"relics_obtained":[{"floor":5,"key":"Shuriken"},{"floor":6,"key":"Turnip"},{"floor":7,"key":"Pen Nib"},{"floor":8,"key":"Prayer Wheel"},{"floor":9,"key":"Toxic Egg 2"},{"floor":11,"key":"Centennial Puzzle"},{"floor":23,"key":"Smiling Mask"},{"floor":24,"key":"The Courier"},{"floor":27,"key":"Gremlin Horn"},{"floor":31,"key":"Bottled Lightning"},{"floor":32,"key":"MawBank"},{"floor":37,"key":"Pocketwatch"},{"floor":40,"key":"Kunai"},{"floor":40,"key":"Darkstone Periapt"},{"floor":42,"key":"Torii"},{"floor":42,"key":"Bag of Marbles"},{"floor":43,"key":"Mummified Hand"},{"floor":44,"key":"Bird Faced Urn"},{"floor":46,"key":"Vajra"},{"floor":46,"key":"Blood Vial"},{"floor":47,"key":"FossilizedHelix"},{"floor":49,"key":"Pear"}],"event_choices":[{"damage_healed":0,"gold_gain":0,"player_choice":"Grow","damage_taken":0,"max_hp_gain":0,"max_hp_loss":0,"event_name":"Living Wall","floor":2,"gold_loss":0,"cards_upgraded":["Havoc"]},{"damage_healed":0,"gold_gain":175,"player_choice":"AGREE","damage_taken":0,"max_hp_gain":0,"max_hp_loss":0,"event_name":"Liars Game","floor":3,"gold_loss":0,"cards_obtained":["Doubt"]},{"damage_healed":20,"gold_gain":0,"player_choice":"Healed","damage_taken":0,"max_hp_gain":0,"max_hp_loss":0,"event_name":"The Cleric","floor":12,"gold_loss":35},{"damage_healed":0,"gold_gain":0,"player_choice":"Take Wound","damage_taken":0,"relics_obtained":["Golden Idol"],"max_hp_gain":0,"max_hp_loss":0,"event_name":"Golden Idol","floor":13,"gold_loss":0,"cards_obtained":["Injury"]},{"damage_healed":0,"gold_gain":0,"player_choice":"Opened","damage_taken":0,"relics_obtained":["Dream Catcher"],"max_hp_gain":0,"max_hp_loss":0,"event_name":"The Mausoleum","floor":20,"gold_loss":0},{"damage_healed":0,"gold_gain":100,"player_choice":"Bet on Murderer","damage_taken":0,"max_hp_gain":0,"max_hp_loss":0,"event_name":"The Joust","floor":25,"gold_loss":50},{"cards_removed":["Flex"],"damage_healed":0,"gold_gain":0,"player_choice":"Removed Skill","damage_taken":0,"max_hp_gain":0,"max_hp_loss":0,"event_name":"Falling","floor":36,"gold_loss":0},{"damage_healed":0,"gold_gain":0,"player_choice":"Fight","damage_taken":0,"max_hp_gain":0,"max_hp_loss":0,"event_name":"Mysterious Sphere","floor":37,"gold_loss":0},{"damage_healed":0,"gold_gain":0,"player_choice":"Ignored","damage_taken":0,"max_hp_gain":0,"max_hp_loss":0,"event_name":"Tomb of Lord Red Mask","floor":39,"gold_loss":0}],"is_beta":false,"boss_relics":[{"not_picked":["Philosopher\u0027s Stone","Fusion Hammer"],"picked":"Cursed Key"},{"not_picked":["Tiny House","Empty Cage"],"picked":"Black Star"}],"items_purged_floors":[14,29],"is_endless":false,"potions_floor_spawned":[1,11,22,23,27,28,30,37,40,41,45],"ascension_level":1}