{"gold_per_floor":[115,132,132,57,57,82,82,96,96,96,111,11,11,30,30,134,134,146,158,158,173,190,190,207,8,8,8,35,35],"floor_reached":29,"playtime":1560,"items_purged":["Defend_G","Defend_G","Strike_G"],"score":245,"play_id":"1af07038-25f5-43a9-a6a2-ba078c30e7f5","local_time":"20181031235252","is_ascension_mode":false,"campfire_choices":[{"floor":7.0,"key":"REST"},{"floor":15.0,"key":"REST"},{"floor":23,"key":"REST"},{"floor":27,"key":"REST"}],"neow_cost":"NONE","seed_source_timestamp":0,"circlet_count":0,"master_deck":["Strike_G","Strike_G","Survivor","Neutralize","Dodge and Roll","Backflip","Backflip","Blade Dance","Finisher","All Out Attack","Envenom","All Out Attack+1","Leg Sweep+1","Bullet Time+1","Terror","Footwork+1","Cloak And Dagger"],"special_seed":0,"relics":["Ring of the Snake","Gambling Chip","Calipers","Astrolabe","Molten Egg 2","Du-Vu Doll"],"potions_floor_usage":[28],"damage_taken":[{"damage":0.0,"enemies":"2 Louse","floor":1.0,"turns":4.0},{"damage":0.0,"enemies":"Cultist","floor":2.0,"turns":6.0},{"damage":48.0,"enemies":"Gremlin Nob","floor":6.0,"turns":7.0},{"damage":0.0,"enemies":"Small Slimes","floor":8.0,"turns":3.0},{"damage":3.0,"enemies":"2 Fungi Beasts","floor":11.0,"turns":2.0},{"damage":3.0,"enemies":"Lots of Slimes","floor":14.0,"turns":2.0},{"damage":55.0,"enemies":"The Guardian","floor":16.0,"turns":17.0},{"damage":2,"enemies":"Chosen","floor":18,"turns":4},{"damage":4,"enemies":"Shell Parasite","floor":19,"turns":4},{"damage":12,"enemies":"Snecko","floor":21,"turns":6},{"damage":26,"enemies":"Sentry and Sphere","floor":22,"turns":8},{"damage":15,"enemies":"Chosen and Byrds","floor":24,"turns":6},{"damage":16,"enemies":"Slavers","floor":28,"turns":7},{"damage":0,"enemies":"3 Cultists","floor":29,"turns":1}],"seed_played":"-2529053613140364511","potions_obtained":[{"floor":6.0,"key":"LiquidBronze"},{"floor":8.0,"key":"SteroidPotion"},{"floor":11.0,"key":"GhostInAJar"},{"floor":18,"key":"FearPotion"},{"floor":24,"key":"GamblersBrew"},{"floor":28,"key":"Swift Potion"}],"is_trial":false,"path_per_floor":["M","M","?","$","?","E","R","M","T","?","M","$","?","M","R","B",null,"M","M","?","M","M","R","M","$","T","R","E"],"character_chosen":"THE_SILENT","items_purchased":["Regen Potion"],"campfire_rested":4,"item_purchase_floors":[25],"current_hp_per_floor":[70,70,70,70,70,22,43,43,43,43,40,40,40,37,58,3,70,68,64,64,52,26,47,32,32,32,53,52,52],"gold":35,"neow_bonus":"THREE_CARDS","is_prod":false,"is_daily":false,"chose_seed":false,"campfire_upgraded":0,"win_rate":0,"timestamp":1541019172,"path_taken":["M","M","?","$","?","E","R","?","T","?","M","$","?","M","R","BOSS","M","M","?","?","?","R","M","$","T","R","E","M"],"build_version":"2018-10-25v2","purchased_purges":3,"victory":false,"max_hp_per_floor":[70,70,70,70,70,70,70,70,70,70,70,70,70,70,70,70,70,70,70,70,70,70,70,70,70,70,70,70,70],"card_choices":[{"not_picked":["Poisoned Stab","Prepared"],"picked":"Dodge and Roll","floor":0.0},{"not_picked":["Prepared","Blade Dance"],"picked":"Backflip","floor":1.0},{"not_picked":["Choke","Poisoned Stab"],"picked":"Backflip","floor":2.0},{"not_picked":["Dash","Dodge and Roll"],"picked":"Blade Dance","floor":6.0},{"not_picked":["PiercingWail","Flechettes"],"picked":"Finisher","floor":8.0},{"not_picked":["Quick Slash","Prepared","Terror"],"picked":"SKIP","floor":11.0},{"not_picked":["Prepared","Wraith Form v2","Deadly Poison"],"picked":"SKIP","floor":14.0},{"not_picked":["Phantasmal Killer","Wraith Form v2"],"picked":"Envenom","floor":16.0},{"not_picked":["Backflip","PiercingWail"],"picked":"Terror","floor":18},{"not_picked":["Dagger Throw+1","Eviscerate","Backflip"],"picked":"SKIP","floor":19},{"not_picked":["Distraction","Escape Plan"],"picked":"Footwork+1","floor":21},{"not_picked":["Backflip","Dodge and Roll","Eviscerate"],"picked":"SKIP","floor":22},{"not_picked":["Quick Slash","PiercingWail+1"],"picked":"Cloak And Dagger","floor":24},{"not_picked":["Underhanded Strike+1","Calculated Gamble","Dodge and Roll"],"picked":"SKIP","floor":28}],"player_experience":247877,"relics_obtained":[{"floor":6.0,"key":"Gambling Chip"},{"floor":9.0,"key":"Calipers"},{"floor":26,"key":"Molten Egg 2"},{"floor":28,"key":"Du-Vu Doll"}],"event_choices":[{"damage_healed":0.0,"max_hp_gain":0.0,"max_hp_loss":0.0,"gold_gain":0.0,"event_name":"The Woman in Blue","player_choice":"Bought 0 Potions","floor":3.0,"gold_loss":0.0,"damage_taken":0.0},{"cards_removed":["Defend_G"],"damage_healed":0.0,"max_hp_gain":0.0,"max_hp_loss":0.0,"gold_gain":0.0,"event_name":"Living Wall","player_choice":"Forget","floor":5.0,"gold_loss":0.0,"damage_taken":0.0},{"damage_healed":0.0,"max_hp_gain":0.0,"max_hp_loss":0.0,"gold_gain":0.0,"cards_transformed":["Defend_G"],"event_name":"Transmorgrifier","player_choice":"Transformed","floor":10.0,"gold_loss":0.0,"damage_taken":0.0,"cards_obtained":["All Out Attack"]},{"damage_healed":0.0,"max_hp_gain":0.0,"max_hp_loss":0.0,"gold_gain":0.0,"event_name":"Golden Idol","player_choice":"Ignored","floor":13.0,"gold_loss":0.0,"damage_taken":0.0},{"damage_healed":0,"gold_gain":0,"player_choice":"Leave","damage_taken":0,"max_hp_gain":0,"max_hp_loss":0,"event_name":"FaceTrader","floor":20,"gold_loss":0}],"is_beta":false,"boss_relics":[{"not_picked":["White Beast Statue","Fusion Hammer"],"picked":"Astrolabe"}],"items_purged_floors":[4,12,25],"is_endless":false,"potions_floor_spawned":[6,8,11,18,24,28],"killed_by":"3 Cultists","ascension_level":0}