{"gold_per_floor":[110,110,110,110,110,145,169,94,94,118,149,149,164,178,178,299,299,323,323,323,448,463,463,483,504,504,523,438,130,130,151,151,274,274,288,288,288,198,74,74,407,407,456,456,456,7,25,54,54,54],"floor_reached":51,"playtime":2190,"items_purged":["Strike_R","Strike_R","Defend_R"],"score":1018,"play_id":"6dcceaac-5cb3-4b4c-9eff-fb2498ccee7f","local_time":"20190421220601","is_ascension_mode":true,"campfire_choices":[{"data":"Inflame","floor":12,"key":"SMITH"},{"data":"Uppercut","floor":15,"key":"SMITH"},{"data":"Seeing Red","floor":23,"key":"SMITH"},{"data":"Demon Form","floor":30,"key":"SMITH"},{"data":"True Grit","floor":32,"key":"SMITH"},{"data":"Armaments","floor":40,"key":"SMITH"},{"data":"Battle Trance","floor":42,"key":"SMITH"},{"data":"Mayhem","floor":49,"key":"SMITH"}],"neow_cost":"NONE","seed_source_timestamp":401832331248193,"circlet_count":0,"master_deck":["Defend_R","Defend_R","Bash+1","Pommel Strike","Anger+1","Uppercut+1","Demon Form+1","Seeing Red+1","Battle Trance+1","Armaments+1","Battle Trance+1","True Grit+1","Armaments+1","Clothesline+1","Shockwave","Madness","Intimidate","Reaper+1","Metallicize","Mayhem+1","Inflame"],"relics":["Burning Blood","NeowsBlessing","Gremlin Horn","Juzu Bracelet","The Courier","StoneCalendar","Sozu","Incense Burner","Bottled Lightning","Question Card","Bag of Preparation","Lee\u0027s Waffle","Busted Crown","Ancient Tea Set","Boot","Orichalcum","Whetstone"],"potions_floor_usage":[16,16,21],"damage_taken":[{"damage":0,"enemies":"2 Louse","floor":1,"turns":2},{"damage":0,"enemies":"3 Sentries","floor":6,"turns":1},{"damage":0,"enemies":"Jaw Worm","floor":7,"turns":1},{"damage":5,"enemies":"Small Slimes","floor":10,"turns":2},{"damage":30,"enemies":"Lagavulin","floor":11,"turns":4},{"damage":9,"enemies":"2 Fungi Beasts","floor":13,"turns":4},{"damage":16,"enemies":"Blue Slaver","floor":14,"turns":3},{"damage":12,"enemies":"Hexaghost","floor":16,"turns":7},{"damage":4,"enemies":"Chosen","floor":18,"turns":5},{"damage":20,"enemies":"Colosseum Slavers","floor":21,"turns":4},{"damage":20,"enemies":"Colosseum Nobs","floor":21,"turns":3},{"damage":5,"enemies":"Shell Parasite","floor":22,"turns":4},{"damage":0,"enemies":"Centurion and Healer","floor":24,"turns":6},{"damage":11,"enemies":"Cultist and Chosen","floor":25,"turns":5},{"damage":16,"enemies":"3 Cultists","floor":27,"turns":4},{"damage":14,"enemies":"Snake Plant","floor":31,"turns":4},{"damage":31,"enemies":"Collector","floor":33,"turns":7},{"damage":10,"enemies":"3 Darklings","floor":35,"turns":5},{"damage":0,"enemies":"Orb Walker","floor":47,"turns":3},{"damage":25,"enemies":"Giant Head","floor":48,"turns":6},{"damage":52,"enemies":"Time Eater","floor":50,"turns":7}],"seed_played":"-8594277867612232355","potions_obtained":[{"floor":1,"key":"SteroidPotion"},{"floor":7,"key":"SteroidPotion"},{"floor":13,"key":"Energy Potion"},{"floor":14,"key":"PowerPotion"}],"is_trial":false,"path_per_floor":["M","?","?","T","?","E","M","$","T","M","E","R","M","M","R","B",null,"M","?","?","?","M","R","M","M","T","M","?","$","R","M","R","B",null,"M","?","?","?","$","R","?","R","T","?","?","$","M","E","R","B",null],"character_chosen":"IRONCLAD","items_purchased":["Lee\u0027s Waffle","Madness","Ancient Tea Set","Metallicize","Orichalcum","Mayhem","Inflame"],"campfire_rested":0,"item_purchase_floors":[29,29,39,46,46,46,46],"current_hp_per_floor":[78,74,67,67,67,73,74,74,74,74,50,50,47,37,37,31,63,65,65,65,37,38,38,44,39,39,29,29,81,81,73,73,48,73,81,81,81,81,81,81,81,81,81,81,81,81,81,65,65,47],"gold":54,"neow_bonus":"THREE_ENEMY_KILL","is_prod":false,"is_daily":false,"chose_seed":false,"campfire_upgraded":8,"win_rate":0,"timestamp":1555898761,"path_taken":["M","?","?","?","?","E","M","?","T","M","E","R","M","M","R","BOSS","M","?","?","?","M","R","M","M","T","M","?","$","R","M","R","BOSS","M","?","?","?","$","R","?","R","T","?","?","$","M","E","R","BOSS"],"build_version":"2019-01-23","purchased_purges":3,"victory":true,"max_hp_per_floor":[80,74,74,74,74,74,74,74,74,74,74,74,74,74,74,74,74,74,74,74,74,74,74,74,74,74,74,74,81,81,81,81,81,81,81,81,81,81,81,81,81,81,81,81,81,81,81,81,81,81],"card_choices":[{"not_picked":["Fire Breathing","Power Through"],"picked":"Pommel Strike","floor":1},{"not_picked":["Second Wind","Sentinel"],"picked":"Anger","floor":6},{"not_picked":["Flex","Blood for Blood"],"picked":"Uppercut","floor":7},{"not_picked":["Armaments","Thunderclap"],"picked":"Inflame","floor":10},{"not_picked":["Warcry","Battle Trance"],"picked":"Demon Form","floor":11},{"not_picked":["Wild Strike","Second Wind"],"picked":"Seeing Red","floor":13},{"not_picked":["Combust","Flex","Iron Wave"],"picked":"SKIP","floor":14},{"not_picked":["Thunderclap+1","Corruption"],"picked":"Battle Trance","floor":18},{"not_picked":["Dual Wield","Bloodletting"],"picked":"Battle Trance+1","floor":21},{"not_picked":["Flame Barrier","Pommel Strike+1"],"picked":"True Grit","floor":22},{"not_picked":["Thunderclap","Evolve"],"picked":"Armaments+1","floor":24},{"not_picked":["Battle Trance+1","Twin Strike"],"picked":"Clothesline+1","floor":25},{"not_picked":["Wild Strike+1","Thunderclap","Headbutt+1"],"picked":"Shockwave","floor":27},{"not_picked":["Cleave","Searing Blow+1","Sword Boomerang"],"picked":"Intimidate","floor":31},{"not_picked":["Demon Form","Dark Embrace","Barricade"],"picked":"Reaper","floor":33},{"not_picked":["Flex+1","Feel No Pain+1"],"picked":"SKIP","floor":35},{"not_picked":["Sword Boomerang+1","True Grit"],"picked":"SKIP","floor":47},{"not_picked":["Second Wind+1","Clash+1"],"picked":"SKIP","floor":48}],"player_experience":262873,"relics_obtained":[{"floor":4,"key":"Gremlin Horn"},{"floor":6,"key":"Juzu Bracelet"},{"floor":9,"key":"The Courier"},{"floor":11,"key":"StoneCalendar"},{"floor":21,"key":"Incense Burner"},{"floor":21,"key":"Bottled Lightning"},{"floor":26,"key":"Question Card"},{"floor":43,"key":"Boot"},{"floor":48,"key":"Whetstone"}],"event_choices":[{"damage_healed":0,"gold_gain":0,"player_choice":"Lose Max HP","damage_taken":0,"relics_obtained":["Golden Idol"],"max_hp_gain":0,"max_hp_loss":6,"event_name":"Golden Idol","floor":2,"gold_loss":0},{"cards_removed":["Strike_R"],"damage_healed":0,"gold_gain":0,"player_choice":"Card Removal","damage_taken":7,"max_hp_gain":0,"max_hp_loss":0,"event_name":"Golden Wing","floor":3,"gold_loss":0},{"damage_healed":0,"gold_gain":0,"player_choice":"Ignored","damage_taken":0,"max_hp_gain":0,"max_hp_loss":0,"event_name":"Liars Game","floor":5,"gold_loss":0},{"cards_removed":["Strike_R"],"damage_healed":0,"gold_gain":0,"player_choice":"Elegance","damage_taken":0,"max_hp_gain":0,"max_hp_loss":0,"event_name":"Back to Basics","floor":19,"gold_loss":0},{"damage_healed":0,"gold_gain":0,"player_choice":"Read","damage_taken":0,"max_hp_gain":0,"max_hp_loss":0,"event_name":"The Library","floor":20,"gold_loss":0,"cards_obtained":["Armaments"]},{"damage_healed":0,"gold_gain":0,"player_choice":"Fight","damage_taken":0,"max_hp_gain":0,"max_hp_loss":0,"event_name":"Colosseum","floor":21,"gold_loss":0},{"damage_healed":0,"gold_gain":0,"player_choice":"Fought Nobs","damage_taken":0,"max_hp_gain":0,"max_hp_loss":0,"event_name":"Colosseum","floor":21,"gold_loss":0},{"damage_healed":0,"gold_gain":0,"player_choice":"Obtained Relic","damage_taken":0,"relics_obtained":["Bag of Preparation"],"max_hp_gain":0,"max_hp_loss":0,"event_name":"Addict","floor":28,"gold_loss":85},{"cards_removed":["Inflame"],"damage_healed":0,"gold_gain":0,"player_choice":"Removed Power","damage_taken":0,"max_hp_gain":0,"max_hp_loss":0,"event_name":"Falling","floor":36,"gold_loss":0},{"damage_healed":0,"gold_gain":0,"player_choice":"Memory 1","damage_taken":0,"max_hp_gain":0,"max_hp_loss":0,"event_name":"SensoryStone","floor":37,"gold_loss":0},{"cards_removed":["Strike_R"],"damage_healed":0,"gold_gain":0,"player_choice":"Upgrade and Remove","damage_taken":0,"max_hp_gain":0,"max_hp_loss":0,"event_name":"Designer","floor":38,"gold_loss":90,"cards_upgraded":["Anger"]},{"damage_healed":0,"gold_gain":333,"player_choice":"Gave Idol","damage_taken":0,"max_hp_gain":0,"max_hp_loss":0,"event_name":"The Moai Head","floor":41,"relics_lost":["Golden Idol"],"gold_loss":0},{"cards_removed":["Defend_R"],"damage_healed":0,"gold_gain":0,"player_choice":"Card Removal","damage_taken":0,"max_hp_gain":0,"max_hp_loss":0,"event_name":"Wheel of Change","floor":44,"gold_loss":0},{"damage_healed":0,"gold_gain":0,"player_choice":"Ignored","damage_taken":0,"max_hp_gain":0,"max_hp_loss":0,"event_name":"Tomb of Lord Red Mask","floor":45,"gold_loss":0}],"is_beta":false,"boss_relics":[{"not_picked":["Ectoplasm","Lizard Tail"],"picked":"Sozu"},{"not_picked":["Calling Bell","Runic Cube"],"picked":"Busted Crown"}],"items_purged_floors":[8,29,46],"is_endless":false,"potions_floor_spawned":[1,7,13,14,18,22,24,33,35,48],"ascension_level":8}