{"gold_per_floor":[112,112,112,112,112,112,5,41,67,111,131,131,155,168,168,266,266,282,305,305,111,111,111,137,181,181,181,25,43,82,2,2,2],"floor_reached":33,"playtime":1872,"items_purged":["Strike_B","Strike_B"],"score":574,"play_id":"9487da80-a326-4b8b-956c-13b4167f4d4b","local_time":"20190603191503","is_ascension_mode":true,"campfire_choices":[{"data":"Go for the Eyes","floor":6.0,"key":"SMITH"},{"data":"Sweeping Beam","floor":12.0,"key":"SMITH"},{"data":"Capacitor","floor":15.0,"key":"SMITH"},{"data":"Defragment","floor":23,"key":"SMITH"},{"floor":27,"key":"REST"},{"data":"Undo","floor":32,"key":"SMITH"}],"neow_cost":"NONE","seed_source_timestamp":440316635233448,"circlet_count":0,"master_deck":["AscendersBane","Strike_B","Defend_B","Defend_B","Defend_B","Defend_B","Zap+1","Dualcast","Go for the Eyes+1","Sweeping Beam+1","Cold Snap","Undo+1","Capacitor+1","Glacier","Core Surge","Defragment+1","Glacier","Self Repair","Coolheaded","Core Surge"],"special_seed":0,"relics":["Cracked Core","Golden Idol","Bag of Marbles","Bronze Scales","Oddly Smooth Stone","Omamori","Nuclear Battery","Anchor","Centennial Puzzle","Art of War","Smiling Mask"],"potions_floor_usage":[25,25,30,33,33],"damage_taken":[{"damage":5.0,"enemies":"Small Slimes","floor":1.0,"turns":4.0},{"damage":22.0,"enemies":"Gremlin Nob","floor":8.0,"turns":4.0},{"damage":18.0,"enemies":"3 Sentries","floor":10.0,"turns":7.0},{"damage":0.0,"enemies":"2 Louse","floor":11.0,"turns":2.0},{"damage":0.0,"enemies":"Cultist","floor":14.0,"turns":3.0},{"damage":3,"enemies":"The Guardian","floor":16,"turns":14},{"damage":20,"enemies":"Shell Parasite","floor":18,"turns":6},{"damage":0,"enemies":"Chosen","floor":19,"turns":5},{"damage":1,"enemies":"Book of Stabbing","floor":25,"turns":5},{"damage":2,"enemies":"Snake Plant","floor":29,"turns":4},{"damage":20,"enemies":"Slavers","floor":30,"turns":5},{"damage":46,"enemies":"Collector","floor":33,"turns":15}],"seed_played":"-2248412723604268428","potions_obtained":[{"floor":1.0,"key":"Weak Potion"},{"floor":14.0,"key":"LiquidBronze"},{"floor":19,"key":"FearPotion"},{"floor":30,"key":"GamblersBrew"}],"is_trial":false,"path_per_floor":["M","?","?","?","$","R","$","E","T","E","M","R","T","M","R","B",null,"M","M","T","$","?","R","T","E","T","R","$","M","E","$","R","B"],"character_chosen":"DEFECT","items_purchased":["Strength Potion","Sweeping Beam","Defragment","Glacier","Explosive Potion","FocusPotion"],"campfire_rested":1,"item_purchase_floors":[7,7,21,21,28,31],"current_hp_per_floor":[59,59,59,64,64,64,64,42,42,24,24,24,24,24,24,21,57,37,37,37,37,37,37,37,36,36,56,56,54,41,41,41,0],"gold":2,"neow_bonus":"REMOVE_CARD","is_prod":false,"is_daily":false,"chose_seed":false,"campfire_upgraded":5,"win_rate":0,"timestamp":1559614503,"path_taken":["M","?","?","?","?","R","$","E","T","E","M","R","?","M","R","BOSS","M","M","?","$","?","R","?","E","T","R","?","?","E","$","R","BOSS"],"build_version":"2019-06-01v2","purchased_purges":2,"victory":false,"max_hp_per_floor":[71,71,64,69,69,69,69,69,69,69,69,69,69,69,69,69,69,69,69,69,69,69,69,69,69,69,69,69,69,69,69,69,69],"card_choices":[{"not_picked":["White Noise","Coolheaded"],"picked":"Go for the Eyes","floor":1.0},{"not_picked":["Hologram","Reprogram"],"picked":"Cold Snap","floor":8.0},{"not_picked":["Consume","Steam"],"picked":"Undo","floor":10.0},{"not_picked":["Gash","Streamline"],"picked":"Capacitor","floor":11.0},{"not_picked":["Conserve Battery","Ball Lightning"],"picked":"Glacier","floor":14.0},{"not_picked":["Seek","Machine Learning"],"picked":"Core Surge","floor":16},{"not_picked":["Sweeping Beam","Rebound","Steam Power"],"picked":"SKIP","floor":18},{"not_picked":["Gash","Beam Cell","Tempest"],"picked":"SKIP","floor":19},{"not_picked":["Darkness+1","Streamline"],"picked":"Self Repair","floor":25},{"not_picked":["Glacier","Compile Driver"],"picked":"Coolheaded","floor":29},{"not_picked":["Fusion","FTL"],"picked":"Core Surge","floor":30}],"player_experience":1600674,"relics_obtained":[{"floor":8.0,"key":"Bag of Marbles"},{"floor":9.0,"key":"Bronze Scales"},{"floor":10.0,"key":"Oddly Smooth Stone"},{"floor":13.0,"key":"Omamori"},{"floor":24,"key":"Anchor"},{"floor":25,"key":"Centennial Puzzle"},{"floor":26,"key":"Art of War"},{"floor":30,"key":"Smiling Mask"}],"event_choices":[{"damage_healed":0.0,"max_hp_gain":0.0,"max_hp_loss":0.0,"gold_gain":0.0,"event_name":"Living Wall","player_choice":"Grow","floor":2.0,"gold_loss":0.0,"damage_taken":0.0,"cards_upgraded":["Zap"]},{"damage_healed":0.0,"max_hp_gain":0.0,"max_hp_loss":7.0,"gold_gain":0.0,"event_name":"Golden Idol","player_choice":"Lose Max HP","floor":3.0,"gold_loss":0.0,"damage_taken":0.0,"relics_obtained":["Golden Idol"]},{"damage_healed":0.0,"max_hp_gain":5.0,"max_hp_loss":0.0,"gold_gain":0.0,"event_name":"Big Fish","player_choice":"Donut","floor":4.0,"gold_loss":0.0,"damage_taken":0.0},{"damage_healed":0,"gold_gain":0,"player_choice":"Ignored","damage_taken":0,"max_hp_gain":0,"max_hp_loss":0,"event_name":"Vampires","floor":22,"gold_loss":0}],"is_beta":true,"boss_relics":[{"not_picked":["Orrery","Lizard Tail"],"picked":"Nuclear Battery"}],"items_purged_floors":[21,28],"is_endless":false,"potions_floor_spawned":[1,14,19,30],"killed_by":"Collector","ascension_level":20}