{"gold_per_floor":[111,111,126,51,51,51,51,67,90,121,136,136,156,156],"floor_reached":14,"playtime":753,"items_purged":["Decay"],"score":131,"play_id":"309b9f15-a432-4665-90f7-36b11de91d63","local_time":"20190520192617","is_ascension_mode":true,"campfire_choices":[{"data":"Zap","floor":6,"key":"SMITH"},{"data":"Coolheaded","floor":12,"key":"SMITH"}],"neow_cost":"CURSE","seed_source_timestamp":189898939256112,"circlet_count":0,"master_deck":["Strike_B","Strike_B","Strike_B","Defend_B","Defend_B","Defend_B","Defend_B","Zap+1","Dualcast","White Noise+1","Conserve Battery","Coolheaded+1","Coolheaded","Genetic Algorithm"],"relics":["Cracked Core","WingedGreaves","Golden Idol","Dream Catcher"],"potions_floor_usage":[10,13],"damage_taken":[{"damage":0,"enemies":"Small Slimes","floor":1,"turns":3},{"damage":12,"enemies":"Jaw Worm","floor":3,"turns":4},{"damage":0,"enemies":"Cultist","floor":8,"turns":3},{"damage":18,"enemies":"3 Sentries","floor":10,"turns":7},{"damage":2,"enemies":"Red Slaver","floor":11,"turns":4},{"damage":8,"enemies":"Lots of Slimes","floor":13,"turns":2},{"damage":24,"enemies":"Gremlin Gang","floor":14,"turns":4}],"seed_played":"-6266250200571733059","potions_obtained":[{"floor":8,"key":"Fire Potion"},{"floor":10,"key":"Ancient Potion"},{"floor":11,"key":"Explosive Potion"}],"is_trial":false,"path_per_floor":["M","?","M","$","?","R","?","M","T","E","M","R","M","M"],"character_chosen":"DEFECT","items_purchased":[],"campfire_rested":0,"item_purchase_floors":[],"current_hp_per_floor":[68,68,56,56,49,49,49,49,49,31,29,29,21,0],"gold":156,"neow_bonus":"ONE_RARE_RELIC","is_prod":false,"is_daily":false,"chose_seed":false,"campfire_upgraded":2,"win_rate":0,"timestamp":1558394777,"path_taken":["M","?","M","$","?","R","?","M","T","E","M","R","M","?"],"build_version":"2019-01-23","purchased_purges":1,"victory":false,"max_hp_per_floor":[75,69,69,69,69,69,69,69,69,69,69,69,69,69],"card_choices":[{"not_picked":["Streamline","Compile Driver"],"picked":"White Noise","floor":1},{"not_picked":["Rebound","Stack","Barrage"],"picked":"SKIP","floor":3},{"not_picked":["Go for the Eyes","Consume"],"picked":"Conserve Battery","floor":8},{"not_picked":["Beam Cell","Doom and Gloom"],"picked":"Coolheaded","floor":10},{"not_picked":["Steam","Conserve Battery"],"picked":"Coolheaded","floor":11},{"not_picked":["Reprogram","Go for the Eyes"],"picked":"Genetic Algorithm","floor":13}],"player_experience":363114,"relics_obtained":[{"floor":10,"key":"Dream Catcher"}],"event_choices":[{"damage_healed":0,"gold_gain":0,"player_choice":"Lose Max HP","damage_taken":0,"relics_obtained":["Golden Idol"],"max_hp_gain":0,"max_hp_loss":6,"event_name":"Golden Idol","floor":2,"gold_loss":0},{"cards_removed":["Strike_B"],"damage_healed":0,"gold_gain":0,"player_choice":"Card Removal","damage_taken":7,"max_hp_gain":0,"max_hp_loss":0,"event_name":"Golden Wing","floor":5,"gold_loss":0},{"damage_healed":0,"gold_gain":0,"player_choice":"Upgraded","damage_taken":0,"max_hp_gain":0,"max_hp_loss":0,"event_name":"Upgrade Shrine","floor":7,"gold_loss":0,"cards_upgraded":["White Noise"]}],"is_beta":false,"boss_relics":[],"items_purged_floors":[4],"is_endless":false,"potions_floor_spawned":[8,10,11],"killed_by":"Gremlin Gang","ascension_level":9}