{"gold_per_floor":[363,638,309,325,2,28,46,46,46,75,75,105,105,125,125,199,199,210,260,270,270,290,290,290,320,369,397,397,166,184,201,201,275,275,286,125,139,156,209,209,209,46,98,132,132,160,170,201,201,201,201,201,201,36,71,71],"floor_reached":57,"playtime":5066,"items_purged":["Regret","Writhe"],"score":3317,"play_id":"5798b94b-6184-48bb-a230-b4cd4739672f","local_time":"20190607202357","is_ascension_mode":true,"campfire_choices":[{"data":"Inflame","floor":8,"key":"SMITH"},{"data":"Clothesline","floor":11,"key":"SMITH"},{"data":"Havoc","floor":13,"key":"SMITH"},{"data":"Corruption","floor":15,"key":"SMITH"},{"data":"Armaments","floor":23,"key":"SMITH"},{"data":"Feed","floor":28,"key":"SMITH"},{"data":"Feel No Pain","floor":32,"key":"SMITH"},{"floor":40,"key":"REST"},{"floor":49,"key":"RECALL"},{"data":"True Grit","floor":53,"key":"SMITH"}],"neow_cost":"CURSE","seed_source_timestamp":1175492168049,"circlet_count":0,"master_deck":["AscendersBane","Defend_R","Defend_R+1","Defend_R","Defend_R","Bash","Clothesline+1","Rampage+1","Inflame+1","Offering","Armaments+1","Havoc+1","Corruption+1","Feed+1","Feel No Pain+1","Shockwave+1","Bite","Bite","Bite+1","Bite","Bite","Demon Form","Shockwave","Shrug It Off","Pommel Strike","True Grit+1","Shrug It Off"],"relics":["Burning Blood","Happy Flower","Turnip","Magic Flower","Prayer Wheel","Dead Branch","Busted Crown","Ice Cream","Whetstone","Oddly Smooth Stone","Lee\u0027s Waffle","Lizard Tail","War Paint","Gambling Chip","Pen Nib","Boot","Bronze Scales","Blue Candle","Centennial Puzzle","Blood Vial"],"potions_floor_usage":[6,12,20,25,25,39,47,56,56],"damage_taken":[{"damage":3,"enemies":"2 Louse","floor":1,"turns":4},{"damage":0,"enemies":"Cultist","floor":4,"turns":3},{"damage":31,"enemies":"3 Sentries","floor":6,"turns":8},{"damage":9,"enemies":"Small Slimes","floor":7,"turns":2},{"damage":21,"enemies":"Lagavulin","floor":10,"turns":4},{"damage":12,"enemies":"Gremlin Nob","floor":12,"turns":3},{"damage":1,"enemies":"Looter","floor":14,"turns":2},{"damage":12,"enemies":"The Guardian","floor":16,"turns":5},{"damage":28,"enemies":"Shell Parasite","floor":18,"turns":5},{"damage":12,"enemies":"2 Thieves","floor":20,"turns":3},{"damage":22,"enemies":"Snake Plant","floor":22,"turns":5},{"damage":6,"enemies":"Book of Stabbing","floor":25,"turns":4},{"damage":51,"enemies":"Slavers","floor":27,"turns":7},{"damage":6,"enemies":"Cultist and Chosen","floor":30,"turns":4},{"damage":6,"enemies":"Centurion and Healer","floor":31,"turns":3},{"damage":11,"enemies":"Champ","floor":33,"turns":3},{"damage":35,"enemies":"3 Darklings","floor":35,"turns":5},{"damage":32,"enemies":"3 Shapes","floor":37,"turns":6},{"damage":16,"enemies":"Maw","floor":38,"turns":6},{"damage":53,"enemies":"2 Orb Walkers","floor":39,"turns":4},{"damage":22,"enemies":"Giant Head","floor":44,"turns":5},{"damage":24,"enemies":"Nemesis","floor":46,"turns":4},{"damage":26,"enemies":"Jaw Worm Horde","floor":47,"turns":4},{"damage":6,"enemies":"Reptomancer","floor":48,"turns":3},{"damage":15,"enemies":"Time Eater","floor":50,"turns":4},{"damage":14,"enemies":"Donu and Deca","floor":51,"turns":4},{"damage":51,"enemies":"Shield and Spear","floor":55,"turns":8},{"damage":15,"enemies":"The Heart","floor":56,"turns":5}],"seed_played":"-5338309025077592760","potions_obtained":[{"floor":4,"key":"Regen Potion"},{"floor":7,"key":"Swift Potion"},{"floor":12,"key":"PowerPotion"},{"floor":16,"key":"Weak Potion"},{"floor":22,"key":"EntropicBrew"},{"floor":30,"key":"PowerPotion"},{"floor":47,"key":"SteroidPotion"},{"floor":55,"key":"Strength Potion"}],"is_trial":false,"path_per_floor":["M","?","$","M","$","E","M","R","T","E","R","E","R","M","R","B",null,"M","?","M","$","M","R","?","E","T","E","R","$","M","M","R","B",null,"M","$","M","M","?","R","?","$","T","E","?","E","M","E","R","B","B",null,"R","$","E","B",null],"character_chosen":"IRONCLAD","items_purchased":["Rampage","Happy Flower","Offering","Armaments","Lee\u0027s Waffle","War Paint","Block Potion","Shrug It Off","Pommel Strike","Centennial Puzzle"],"campfire_rested":1,"item_purchase_floors":[3,3,5,5,29,36,42,42,42,54],"current_hp_per_floor":[71,71,71,75,75,65,62,62,62,50,50,47,47,55,55,52,69,50,50,52,52,39,39,39,54,54,32,32,64,68,68,68,68,68,51,51,45,64,29,51,51,51,51,62,62,61,67,84,84,87,91,92,92,92,81,89],"gold":71,"neow_bonus":"TWO_FIFTY_GOLD","is_prod":false,"is_daily":false,"chose_seed":false,"campfire_upgraded":8,"win_rate":0,"timestamp":1559953437,"path_taken":["M","?","$","M","$","E","M","R","T","E","R","E","R","M","R","BOSS","M","?","?","$","M","R","?","E","T","E","R","$","M","M","R","BOSS","M","$","M","M","?","R","?","$","T","E","?","E","M","E","R","BOSS","BOSS","R","$","E","BOSS"],"build_version":"2019-01-23","purchased_purges":2,"victory":true,"max_hp_per_floor":[75,75,75,75,75,75,75,75,75,75,75,75,75,75,75,75,75,75,75,78,78,78,78,54,54,54,57,57,64,68,68,68,68,68,68,68,72,76,76,76,76,76,76,80,80,80,84,84,84,88,92,92,92,92,96,96],"card_choices":[{"not_picked":["Pommel Strike","Flex"],"picked":"Clothesline","floor":1},{"not_picked":["Second Wind","Perfected Strike"],"picked":"Inflame","floor":4},{"not_picked":["Hemokinesis","Infernal Blade","Flex"],"picked":"SKIP","floor":6},{"not_picked":["Wild Strike","Sever Soul"],"picked":"Carnage","floor":7},{"not_picked":["Rage","Exhume","Feel No Pain"],"picked":"SKIP","floor":10},{"not_picked":["Combust","Searing Blow"],"picked":"Havoc","floor":12},{"not_picked":["Battle Trance","Thunderclap"],"picked":"Corruption","floor":14},{"not_picked":["Anger","Heavy Blade","Carnage"],"picked":"SKIP","floor":14},{"not_picked":["Limit Break","Berserk"],"picked":"Feed","floor":16},{"not_picked":[],"picked":"Feel No Pain","floor":18},{"not_picked":["Wild Strike"],"picked":"SKIP","floor":18},{"not_picked":[],"picked":"Shockwave","floor":20},{"not_picked":["Cleave"],"picked":"SKIP","floor":20},{"not_picked":["Feel No Pain"],"picked":"SKIP","floor":22},{"not_picked":["Heavy Blade"],"picked":"SKIP","floor":22},{"not_picked":["Armaments"],"picked":"SKIP","floor":25},{"not_picked":["Uppercut"],"picked":"SKIP","floor":27},{"not_picked":["Perfected Strike"],"picked":"SKIP","floor":30},{"not_picked":["Uppercut+1"],"picked":"SKIP","floor":30},{"not_picked":["Headbutt"],"picked":"SKIP","floor":31},{"not_picked":["Anger+1"],"picked":"SKIP","floor":31},{"not_picked":[],"picked":"Demon Form","floor":33},{"not_picked":["Combust"],"picked":"SKIP","floor":35},{"not_picked":["Rampage"],"picked":"SKIP","floor":35},{"not_picked":["Burning Pact"],"picked":"SKIP","floor":37},{"not_picked":["Pummel+1"],"picked":"SKIP","floor":37},{"not_picked":[],"picked":"Shockwave","floor":38},{"not_picked":["Burning Pact"],"picked":"SKIP","floor":38},{"not_picked":["Shockwave+1"],"picked":"SKIP","floor":44},{"not_picked":[],"picked":"True Grit","floor":46},{"not_picked":["Wild Strike"],"picked":"SKIP","floor":47},{"not_picked":["Anger+1"],"picked":"SKIP","floor":47},{"not_picked":["Reckless Charge"],"picked":"SKIP","floor":48},{"not_picked":[],"picked":"Shrug It Off","floor":55}],"player_experience":587251,"relics_obtained":[{"floor":6,"key":"Turnip"},{"floor":9,"key":"Magic Flower"},{"floor":10,"key":"Prayer Wheel"},{"floor":12,"key":"Dead Branch"},{"floor":25,"key":"Ice Cream"},{"floor":26,"key":"Whetstone"},{"floor":27,"key":"Oddly Smooth Stone"},{"floor":39,"key":"Gambling Chip"},{"floor":44,"key":"Pen Nib"},{"floor":46,"key":"Bronze Scales"},{"floor":48,"key":"Blue Candle"},{"floor":55,"key":"Blood Vial"}],"event_choices":[{"damage_healed":0,"gold_gain":275,"player_choice":"Desecrate","damage_taken":0,"max_hp_gain":0,"max_hp_loss":0,"event_name":"Golden Shrine","floor":2,"gold_loss":0,"cards_obtained":["Regret"]},{"damage_healed":0,"gold_gain":100,"player_choice":"Bet on Murderer","damage_taken":0,"max_hp_gain":0,"max_hp_loss":0,"event_name":"The Joust","floor":19,"gold_loss":50},{"damage_healed":0,"gold_gain":0,"player_choice":"Became a vampire","damage_taken":0,"max_hp_gain":0,"max_hp_loss":24,"event_name":"Vampires","floor":24,"gold_loss":0,"cards_obtained":["Bite","Bite","Bite","Bite","Bite"]},{"damage_healed":0,"gold_gain":0,"player_choice":"Fight","damage_taken":0,"max_hp_gain":0,"max_hp_loss":0,"event_name":"Mysterious Sphere","floor":39,"gold_loss":0},{"damage_healed":0,"gold_gain":0,"player_choice":"Ignored","damage_taken":0,"max_hp_gain":0,"max_hp_loss":0,"event_name":"Tomb of Lord Red Mask","floor":41,"gold_loss":0},{"cards_removed":["Carnage"],"damage_healed":0,"gold_gain":0,"player_choice":"Gave Card","damage_taken":0,"relics_obtained":["Boot"],"max_hp_gain":0,"max_hp_loss":0,"event_name":"WeMeetAgain","floor":45,"gold_loss":0}],"is_beta":false,"boss_relics":[{"not_picked":["Black Blood","Coffee Dripper"],"picked":"Busted Crown"},{"not_picked":["Mark of Pain","Pandora\u0027s Box"],"picked":"Lizard Tail"}],"items_purged_floors":[3,5],"is_endless":false,"potions_floor_spawned":[4,7,12,16,22,27,30,31,37,38,47,55],"ascension_level":20}