{"gold_per_floor":[113,113,125,138,154,154,4,4,29,40,54,74,74,88,88,162,162,175,187,187,3,14,14,27,27,27,41,61,61,61,74,74,74],"floor_reached":33,"playtime":1728,"items_purged":[],"score":429,"play_id":"3d2d98bb-1287-4db5-8d62-74b7d8938edf","local_time":"20190426182535","is_ascension_mode":true,"campfire_choices":[{"data":"Pommel Strike","floor":6,"key":"SMITH"},{"data":"True Grit","floor":8,"key":"SMITH"},{"floor":15,"key":"REST"},{"data":"Apotheosis","floor":23,"key":"SMITH"},{"floor":29,"key":"REST"},{"floor":32,"key":"REST"}],"neow_cost":"NONE","seed_source_timestamp":566500381014430,"circlet_count":0,"master_deck":["AscendersBane","Bash","Double Tap","Shockwave","True Grit+1","Pommel Strike+1","Impervious","Uppercut","Shrug It Off","Offering","Clothesline","Demon Form","Immolate","Feed","Spot Weakness","Metallicize","Sword Boomerang","Metallicize","True Grit","Seeing Red","Rampage","Seeing Red+1","Apotheosis+1"],"relics":["Burning Blood","Bronze Scales","Oddly Smooth Stone","Pandora\u0027s Box","Singing Bowl"],"potions_floor_usage":[10],"damage_taken":[{"damage":12,"enemies":"Small Slimes","floor":1,"turns":3},{"damage":7,"enemies":"Jaw Worm","floor":3,"turns":4},{"damage":0,"enemies":"2 Louse","floor":4,"turns":2},{"damage":21,"enemies":"2 Fungi Beasts","floor":5,"turns":4},{"damage":8,"enemies":"Lots of Slimes","floor":10,"turns":4},{"damage":8,"enemies":"Looter","floor":11,"turns":3},{"damage":21,"enemies":"Large Slime","floor":12,"turns":6},{"damage":8,"enemies":"Exordium Wildlife","floor":14,"turns":4},{"damage":30,"enemies":"The Guardian","floor":16,"turns":14},{"damage":21,"enemies":"Shell Parasite","floor":18,"turns":6},{"damage":6,"enemies":"Spheric Guardian","floor":19,"turns":4},{"damage":22,"enemies":"3 Cultists","floor":22,"turns":4},{"damage":13,"enemies":"Centurion and Healer","floor":24,"turns":5},{"damage":12,"enemies":"Colosseum Slavers","floor":25,"turns":4},{"damage":8,"enemies":"Shelled Parasite and Fungi","floor":27,"turns":5},{"damage":28,"enemies":"Sentry and Sphere","floor":28,"turns":7},{"damage":12,"enemies":"Cultist and Chosen","floor":31,"turns":4},{"damage":86,"enemies":"Collector","floor":33,"turns":7}],"seed_played":"5343473918660909046","potions_obtained":[{"floor":3,"key":"AttackPotion"},{"floor":5,"key":"Ancient Potion"},{"floor":12,"key":"LiquidBronze"},{"floor":14,"key":"FairyPotion"}],"is_trial":false,"path_per_floor":["M","?","M","M","M","R","$","R","T","M","M","M","?","M","R","B",null,"M","M","?","$","M","R","M","?","T","M","M","R","?","M","R","B"],"character_chosen":"IRONCLAD","items_purchased":["Impervious","Apotheosis"],"campfire_rested":3,"item_purchase_floors":[7,21],"current_hp_per_floor":[66,63,62,68,53,53,53,53,53,51,49,34,18,16,40,16,64,49,52,52,52,36,36,29,23,23,27,10,38,29,29,59,0],"gold":74,"neow_bonus":"ONE_RANDOM_RARE_CARD","is_prod":false,"is_daily":false,"chose_seed":false,"campfire_upgraded":3,"win_rate":0,"timestamp":1556317535,"path_taken":["M","?","M","M","M","R","$","R","T","M","M","M","?","M","R","BOSS","M","M","?","$","M","R","M","?","T","M","M","R","?","M","R","BOSS"],"build_version":"2019-01-23","purchased_purges":0,"victory":false,"max_hp_per_floor":[80,80,80,80,80,80,80,80,80,80,80,80,80,80,80,80,80,80,83,83,83,83,83,83,83,83,89,94,94,94,100,100,100],"card_choices":[{"not_picked":["Body Slam","Sword Boomerang","Flex"],"picked":"SKIP","floor":1},{"not_picked":["Pommel Strike","Iron Wave"],"picked":"Shockwave","floor":3},{"not_picked":["Warcry","Armaments"],"picked":"True Grit","floor":4},{"not_picked":["Seeing Red","Armaments"],"picked":"Pommel Strike","floor":5},{"not_picked":["Perfected Strike","Iron Wave"],"picked":"Uppercut","floor":10},{"not_picked":["Armaments","Intimidate"],"picked":"Shrug It Off","floor":11},{"not_picked":["Feel No Pain","Thunderclap"],"picked":"Offering","floor":12},{"not_picked":["Pommel Strike","Wild Strike"],"picked":"Clothesline","floor":14},{"not_picked":["Fiend Fire","Dark Embrace"],"picked":"Demon Form","floor":16},{"not_picked":["Rage","Flex"],"picked":"Seeing Red+1","floor":18},{"not_picked":["Clothesline","Thunderclap","Feel No Pain"],"picked":"SKIP","floor":19},{"not_picked":["Feel No Pain+1","Body Slam","Cleave"],"picked":"SKIP","floor":22},{"not_picked":["Burning Pact","Blood for Blood","Heavy Blade"],"picked":"SKIP","floor":24},{"not_picked":["Sentinel","Iron Wave+1","Entrench"],"picked":"Singing Bowl","floor":27},{"not_picked":["Clash","Cleave","Body Slam+1"],"picked":"Singing Bowl","floor":28},{"not_picked":["Seeing Red","Thunderclap","Perfected Strike"],"picked":"Singing Bowl","floor":31}],"player_experience":317584,"relics_obtained":[{"floor":9,"key":"Oddly Smooth Stone"},{"floor":26,"key":"Singing Bowl"}],"event_choices":[{"damage_healed":0,"gold_gain":0,"player_choice":"Success","damage_taken":3,"relics_obtained":["Bronze Scales"],"max_hp_gain":0,"max_hp_loss":0,"event_name":"Scrap Ooze","floor":2,"gold_loss":0},{"damage_healed":0,"gold_gain":0,"player_choice":"Entered Light","damage_taken":16,"max_hp_gain":0,"max_hp_loss":0,"event_name":"Shining Light","floor":13,"gold_loss":0,"cards_upgraded":["Strike_R","Defend_R"]},{"damage_healed":0,"gold_gain":0,"player_choice":"Ignored","damage_taken":0,"max_hp_gain":0,"max_hp_loss":0,"event_name":"Vampires","floor":20,"gold_loss":0},{"damage_healed":0,"gold_gain":0,"player_choice":"Fight","damage_taken":0,"max_hp_gain":0,"max_hp_loss":0,"event_name":"Colosseum","floor":25,"gold_loss":0},{"damage_healed":0,"gold_gain":0,"player_choice":"Fled From Nobs","damage_taken":0,"max_hp_gain":0,"max_hp_loss":0,"event_name":"Colosseum","floor":25,"gold_loss":0},{"damage_healed":0,"gold_gain":0,"player_choice":"Damaged","damage_taken":9,"max_hp_gain":0,"max_hp_loss":0,"event_name":"Wheel of Change","floor":30,"gold_loss":0}],"is_beta":false,"boss_relics":[{"not_picked":["Lizard Tail","Ectoplasm"],"picked":"Pandora\u0027s Box"}],"items_purged_floors":[],"is_endless":false,"potions_floor_spawned":[3,5,12,14,19,25,28],"killed_by":"Collector","ascension_level":13}