{"gold_per_floor":[119,119,19,29,47,72,72,82,82,117,42,42,59,92,92,187,187,204,204,204,224,52,86,86,111,111,144,156,176,176,196,196,292,292,309,327,59,59,407,435,435,465,490,516,72,0,0,29,29,29,29,29,29,54,54],"floor_reached":56,"playtime":5020,"items_purged":["Strike_B","Pain","Strike_B","Strike_B"],"score":1949,"play_id":"30f59909-49b5-491d-9b8b-6174d5e9a897","local_time":"20190513115911","is_ascension_mode":true,"campfire_choices":[{"data":"Zap","floor":7,"key":"SMITH"},{"data":"Defragment","floor":12,"key":"SMITH"},{"floor":15,"key":"REST"},{"data":"Defragment","floor":24,"key":"SMITH"},{"floor":30,"key":"RECALL"},{"data":"Seek","floor":32,"key":"SMITH"},{"data":"Buffer","floor":41,"key":"SMITH"},{"data":"Storm","floor":49,"key":"SMITH"},{"data":"Defragment","floor":52,"key":"SMITH"}],"neow_cost":"NONE","seed_source_timestamp":814171997457184,"circlet_count":0,"master_deck":["Strike_B","Defend_B","Defend_B","Defend_B","Defend_B","Zap+1","Dualcast+1","Ball Lightning","Ball Lightning","Steam Power","Gash","Defragment+1","Defragment+1","Glacier","Defragment","Seek","Seek+1","Hologram+1","Defragment+1","Chill","Skim+1","Steam Power","Force Field","Defragment+1","Defragment","Defragment","Gash","Chill","Core Surge","Coolheaded+1","Defragment+1","Coolheaded","Storm+1","Buffer+1","Double Energy+1","Reboot","Go for the Eyes","Defragment","FTL","Go for the Eyes+1","Turbo+1"],"relics":["Cracked Core","Ice Cream","Du-Vu Doll","Prayer Wheel","Gambling Chip","Pocketwatch","Black Star","WarpedTongs","Dodecahedron","Vajra","Ginger","Orichalcum","Bird Faced Urn","Emotion Chip","Thread and Needle","Coffee Dripper","Old Coin","WingedGreaves","DataDisk","Blue Candle","Dream Catcher","War Paint","Dead Branch","Potion Belt","Red Mask","Sundial","Bag of Marbles","Kunai","Pear","Bronze Scales"],"potions_floor_usage":[6,6,16,21,25,27,27,33,33,33,55,55,55,55],"damage_taken":[{"damage":12,"enemies":"Jaw Worm","floor":1,"turns":3},{"damage":8,"enemies":"2 Louse","floor":4,"turns":2},{"damage":0,"enemies":"Cultist","floor":5,"turns":2},{"damage":9,"enemies":"3 Sentries","floor":6,"turns":4},{"damage":1,"enemies":"Looter","floor":8,"turns":2},{"damage":15,"enemies":"Gremlin Nob","floor":10,"turns":3},{"damage":5,"enemies":"Large Slime","floor":13,"turns":3},{"damage":4,"enemies":"Lagavulin","floor":14,"turns":5},{"damage":0,"enemies":"Slime Boss","floor":16,"turns":5},{"damage":0,"enemies":"Spheric Guardian","floor":18,"turns":3},{"damage":12,"enemies":"2 Thieves","floor":21,"turns":3},{"damage":7,"enemies":"Book of Stabbing","floor":23,"turns":5},{"damage":43,"enemies":"Gremlin Leader","floor":25,"turns":7},{"damage":8,"enemies":"Book of Stabbing","floor":27,"turns":6},{"damage":0,"enemies":"Centurion and Healer","floor":28,"turns":6},{"damage":0,"enemies":"Snecko","floor":29,"turns":4},{"damage":12,"enemies":"Shelled Parasite and Fungi","floor":31,"turns":4},{"damage":5,"enemies":"Automaton","floor":33,"turns":8},{"damage":0,"enemies":"Orb Walker","floor":35,"turns":3},{"damage":0,"enemies":"3 Shapes","floor":36,"turns":4},{"damage":4,"enemies":"2 Orb Walkers","floor":39,"turns":4},{"damage":0,"enemies":"Giant Head","floor":40,"turns":6},{"damage":0,"enemies":"Nemesis","floor":42,"turns":5},{"damage":0,"enemies":"Giant Head","floor":44,"turns":7},{"damage":0,"enemies":"Nemesis","floor":48,"turns":5},{"damage":0,"enemies":"Awakened One","floor":50,"turns":7},{"damage":15,"enemies":"Shield and Spear","floor":54,"turns":4},{"damage":7,"enemies":"The Heart","floor":55,"turns":5}],"seed_played":"-6725107664035518143","potions_obtained":[{"floor":4,"key":"Block Potion"},{"floor":5,"key":"Explosive Potion"},{"floor":13,"key":"Dexterity Potion"},{"floor":14,"key":"Explosive Potion"},{"floor":18,"key":"Poison Potion"},{"floor":21,"key":"EntropicBrew"},{"floor":23,"key":"Regen Potion"},{"floor":27,"key":"FocusPotion"},{"floor":33,"key":"Ancient Potion"},{"floor":36,"key":"Strength Potion"},{"floor":40,"key":"AttackPotion"},{"floor":48,"key":"FairyPotion"},{"floor":54,"key":"FearPotion"}],"is_trial":false,"path_per_floor":["M","?","$","M","M","E","R","M","T","E","$","R","M","E","R","B",null,"M","?","?","M","$","E","R","E","T","E","M","M","R","M","R","B",null,"M","M","$","?","?","E","R","E","T","E","$","?","T","E","R","B",null,"R","$","E","B",null],"character_chosen":"DEFECT","items_purchased":["Ball Lightning","Defragment","Steam Power","Buffer","Potion Belt","Defragment","FTL"],"campfire_rested":1,"item_purchase_floors":[3,11,22,37,45,45,45],"current_hp_per_floor":[70,58,58,50,50,41,41,40,40,25,25,25,20,16,40,40,72,72,72,72,60,60,53,53,25,25,27,39,47,47,49,49,58,76,82,82,82,82,82,82,82,82,82,82,82,82,82,82,82,82,82,82,82,89,92],"gold":54,"neow_bonus":"TEN_PERCENT_HP_BONUS","is_prod":false,"is_daily":false,"chose_seed":false,"campfire_upgraded":7,"win_rate":0,"timestamp":1557770351,"path_taken":["M","?","$","M","M","E","R","M","T","E","$","R","M","E","R","BOSS","M","?","?","M","$","E","R","E","T","E","M","?","R","M","R","BOSS","M","M","$","?","?","E","R","E","T","E","$","?","?","E","R","BOSS","R","$","E","BOSS"],"build_version":"2019-01-23","purchased_purges":4,"victory":true,"max_hp_per_floor":[82,82,82,82,82,82,82,82,82,82,82,82,82,82,82,82,82,82,82,82,82,82,82,82,82,82,82,82,82,82,82,82,82,82,82,82,82,82,82,82,82,82,82,82,82,82,82,82,82,82,82,82,82,92,92],"card_choices":[{"not_picked":["Reprogram","Sweeping Beam"],"picked":"Ball Lightning","floor":1},{"not_picked":["Auto Shields","Steam","Sweeping Beam"],"picked":"SKIP","floor":4},{"not_picked":["Barrage","Conserve Battery"],"picked":"Steam Power","floor":5},{"not_picked":["FTL","Genetic Algorithm"],"picked":"Gash","floor":6},{"not_picked":["Gash","Barrage"],"picked":"Defragment","floor":8},{"not_picked":["Reinforced Body","Sunder"],"picked":"Gash","floor":10},{"not_picked":["Streamline","Loop"],"picked":"Glacier","floor":13},{"not_picked":["Redo","Storm"],"picked":"Defragment","floor":13},{"not_picked":["Steam","Fusion"],"picked":"Seek","floor":14},{"not_picked":["Amplify","Rainbow"],"picked":"Seek","floor":16},{"not_picked":["Stack","Scrape"],"picked":"Hologram+1","floor":18},{"not_picked":["Steam","Conserve Battery+1","Leap"],"picked":"SKIP","floor":18},{"not_picked":["Ball Lightning+1","Coolheaded"],"picked":"Chill","floor":21},{"not_picked":["Reprogram","Fission"],"picked":"Skim+1","floor":21},{"not_picked":["Glacier+1","Cold Snap"],"picked":"Force Field","floor":23},{"not_picked":["Coolheaded","Force Field"],"picked":"Defragment+1","floor":25},{"not_picked":["Rip and Tear","Redo"],"picked":"Defragment","floor":27},{"not_picked":["Blizzard","Coolheaded"],"picked":"Defragment","floor":28},{"not_picked":["Chaos","Melter"],"picked":"Gash","floor":28},{"not_picked":["Doom and Gloom","Ball Lightning"],"picked":"Chill","floor":29},{"not_picked":["Stack","Beam Cell","Barrage+1"],"picked":"SKIP","floor":29},{"not_picked":["Hologram+1","Ball Lightning+1","Sweeping Beam"],"picked":"SKIP","floor":31},{"not_picked":["Barrage","Steam","Conserve Battery"],"picked":"SKIP","floor":31},{"not_picked":["Rainbow","Multi-Cast"],"picked":"Core Surge","floor":33},{"not_picked":["Cold Snap","Sweeping Beam+1"],"picked":"Coolheaded+1","floor":35},{"not_picked":["Gash+1","Self Repair"],"picked":"Defragment+1","floor":35},{"not_picked":["Blizzard+1","Sweeping Beam"],"picked":"Coolheaded","floor":36},{"not_picked":["Glacier+1","Blizzard+1"],"picked":"Storm","floor":36},{"not_picked":["Rebound+1","Coolheaded"],"picked":"Double Energy","floor":39},{"not_picked":["Beam Cell","Conserve Battery"],"picked":"Reboot","floor":40},{"not_picked":["Ball Lightning+1","Streamline"],"picked":"Go for the Eyes","floor":42},{"not_picked":["Redo","Stack+1","Conserve Battery+1"],"picked":"SKIP","floor":44},{"not_picked":["Hologram","Recycle"],"picked":"Go for the Eyes+1","floor":48},{"not_picked":["Hologram+1","Hello World"],"picked":"Turbo+1","floor":54}],"player_experience":315771,"relics_obtained":[{"floor":6,"key":"Du-Vu Doll"},{"floor":9,"key":"Prayer Wheel"},{"floor":10,"key":"Gambling Chip"},{"floor":14,"key":"Pocketwatch"},{"floor":23,"key":"Dodecahedron"},{"floor":23,"key":"Vajra"},{"floor":25,"key":"Ginger"},{"floor":25,"key":"Orichalcum"},{"floor":26,"key":"Bird Faced Urn"},{"floor":27,"key":"Emotion Chip"},{"floor":27,"key":"Thread and Needle"},{"floor":39,"key":"Old Coin"},{"floor":40,"key":"WingedGreaves"},{"floor":40,"key":"DataDisk"},{"floor":42,"key":"Blue Candle"},{"floor":42,"key":"Dream Catcher"},{"floor":44,"key":"War Paint"},{"floor":44,"key":"Dead Branch"},{"floor":47,"key":"Sundial"},{"floor":48,"key":"Bag of Marbles"},{"floor":48,"key":"Kunai"},{"floor":54,"key":"Pear"},{"floor":54,"key":"Bronze Scales"}],"event_choices":[{"damage_healed":0,"gold_gain":0,"player_choice":"Success","damage_taken":12,"relics_obtained":["Ice Cream"],"max_hp_gain":0,"max_hp_loss":0,"event_name":"Scrap Ooze","floor":2,"gold_loss":0},{"damage_healed":0,"gold_gain":0,"player_choice":"Read","damage_taken":0,"max_hp_gain":0,"max_hp_loss":0,"event_name":"The Library","floor":19,"gold_loss":0,"cards_obtained":["Defragment"]},{"damage_healed":0,"gold_gain":0,"player_choice":"Rummage","damage_taken":0,"relics_obtained":["WarpedTongs"],"max_hp_gain":0,"max_hp_loss":0,"event_name":"Accursed Blacksmith","floor":20,"gold_loss":0,"cards_obtained":["Pain"]},{"cards_removed":["Gash"],"damage_healed":0,"gold_gain":0,"player_choice":"Removed Attack","damage_taken":0,"max_hp_gain":0,"max_hp_loss":0,"event_name":"Falling","floor":38,"gold_loss":0},{"damage_healed":0,"gold_gain":0,"player_choice":"Fight","damage_taken":0,"max_hp_gain":0,"max_hp_loss":0,"event_name":"Mysterious Sphere","floor":39,"gold_loss":0},{"damage_healed":0,"gold_gain":0,"player_choice":"Paid","damage_taken":0,"relics_obtained":["Red Mask"],"max_hp_gain":0,"max_hp_loss":0,"event_name":"Tomb of Lord Red Mask","floor":46,"gold_loss":72}],"is_beta":false,"boss_relics":[{"not_picked":["Pandora\u0027s Box","Orrery"],"picked":"Black Star"},{"not_picked":["Busted Crown","FrozenCore"],"picked":"Coffee Dripper"}],"items_purged_floors":[3,22,37,45],"is_endless":false,"potions_floor_spawned":[4,5,13,14,18,21,23,27,33,36,40,48,54],"ascension_level":5}