{"gold_per_floor":[113,130,144,163,163,198,198,21,21,51,63,108,120,160,172,287,299,328,353,385,397,421,433,445,457],"floor_reached":25,"playtime":2020,"items_purged":["Strike_B"],"score":298,"play_id":"b21b4edc-323e-4698-966e-de72a723bed9","local_time":"20190519123801","is_ascension_mode":true,"campfire_choices":[{"data":"Turbo","floor":7,"key":"SMITH"},{"data":"Defragment","floor":11,"key":"SMITH"},{"data":"White Noise","floor":15,"key":"SMITH"},{"data":"Storm","floor":23,"key":"SMITH"}],"neow_cost":"NONE","seed_source_timestamp":0,"circlet_count":0,"master_deck":["Strike_B","Strike_B","Strike_B","Defend_B","Defend_B","Defend_B","Defend_B","Zap+1","Dualcast","White Noise+1","Turbo+1","Coolheaded","Self Repair+1","Skim","Defragment+1","Ball Lightning","Auto Shields+1","Ball Lightning","Thunder Strike","Storm+1","Tempest"],"special_seed":0,"relics":["Cracked Core","Pen Nib","MawBank","Blue Candle","Odd Mushroom","Snecko Eye"],"potions_floor_usage":[6,10,12,20,25],"damage_taken":[{"damage":0,"enemies":"Jaw Worm","floor":1,"turns":3},{"damage":0,"enemies":"Cultist","floor":2,"turns":3},{"damage":7,"enemies":"Small Slimes","floor":3,"turns":3},{"damage":6,"enemies":"Blue Slaver","floor":4,"turns":3},{"damage":15,"enemies":"Gremlin Nob","floor":6,"turns":4},{"damage":0,"enemies":"3 Louse","floor":10,"turns":1},{"damage":4,"enemies":"Lagavulin","floor":12,"turns":5},{"damage":14,"enemies":"The Mushroom Lair","floor":14,"turns":3},{"damage":2,"enemies":"Hexaghost","floor":16,"turns":9},{"damage":1,"enemies":"Spheric Guardian","floor":18,"turns":4},{"damage":8,"enemies":"Chosen","floor":19,"turns":2},{"damage":24,"enemies":"3 Cultists","floor":20,"turns":5},{"damage":39,"enemies":"Cultist and Chosen","floor":22,"turns":7},{"damage":33,"enemies":"Book of Stabbing","floor":25,"turns":2}],"seed_played":"945018375030397752","potions_obtained":[{"floor":1,"key":"GamblersBrew"},{"floor":4,"key":"AttackPotion"},{"floor":5,"key":"Explosive Potion"},{"floor":5,"key":"Dexterity Potion"},{"floor":10,"key":"Dexterity Potion"},{"floor":12,"key":"Dexterity Potion"},{"floor":18,"key":"Fire Potion"},{"floor":20,"key":"Strength Potion"}],"is_trial":false,"path_per_floor":["M","M","M","M","?","E","R","$","T","M","R","E","?","?","R","B",null,"M","M","M","?","M","R","?","E"],"character_chosen":"DEFECT","items_purchased":["Defragment","Ball Lightning"],"campfire_rested":0,"item_purchase_floors":[8,8],"current_hp_per_floor":[68,68,61,55,55,47,47,47,47,47,47,50,35,31,31,39,66,65,67,53,53,24,24,24,0],"gold":457,"neow_bonus":"UPGRADE_CARD","is_prod":false,"is_daily":false,"chose_seed":false,"campfire_upgraded":4,"win_rate":0,"timestamp":1558283881,"path_taken":["M","M","M","M","?","E","R","$","T","?","R","E","?","?","R","BOSS","M","M","M","?","M","R","?","E"],"build_version":"2019-01-23","purchased_purges":1,"victory":false,"max_hp_per_floor":[75,75,75,75,75,75,75,75,75,75,75,75,75,75,75,75,75,75,75,75,75,75,75,75,75],"card_choices":[{"not_picked":["Loop","Scrape"],"picked":"White Noise","floor":1},{"not_picked":["Streamline","Reprogram"],"picked":"Turbo","floor":2},{"not_picked":["Beam Cell","Go for the Eyes"],"picked":"Coolheaded","floor":3},{"not_picked":["Lockon","Blizzard"],"picked":"Self Repair","floor":4},{"not_picked":["Streamline","Turbo"],"picked":"Skim","floor":6},{"not_picked":["Barrage","Reprogram","Redo"],"picked":"SKIP","floor":10},{"not_picked":["Sunder","Gash"],"picked":"Auto Shields","floor":12},{"not_picked":["Chaos","Sweeping Beam"],"picked":"Ball Lightning","floor":14},{"not_picked":["Buffer","Core Surge"],"picked":"Thunder Strike","floor":16},{"not_picked":["Stack","Chaos+1"],"picked":"Storm","floor":18},{"not_picked":["Conserve Battery","Gash+1","Melter"],"picked":"SKIP","floor":19},{"not_picked":["Steam","Aggregate","Turbo"],"picked":"SKIP","floor":20},{"not_picked":["Hello World","Barrage","Chaos"],"picked":"SKIP","floor":22}],"player_experience":352272,"relics_obtained":[{"floor":6,"key":"Pen Nib"},{"floor":9,"key":"MawBank"},{"floor":12,"key":"Blue Candle"},{"floor":14,"key":"Odd Mushroom"}],"event_choices":[{"damage_healed":0,"gold_gain":0,"player_choice":"Got Potions","damage_taken":0,"max_hp_gain":0,"max_hp_loss":0,"event_name":"Lab","floor":5,"gold_loss":0},{"damage_healed":0,"gold_gain":0,"player_choice":"Entered Light","damage_taken":15,"max_hp_gain":0,"max_hp_loss":0,"event_name":"Shining Light","floor":13,"gold_loss":0,"cards_upgraded":["Self Repair","Auto Shields"]},{"damage_healed":0,"gold_gain":0,"player_choice":"Fought Mushrooms","damage_taken":0,"max_hp_gain":0,"max_hp_loss":0,"event_name":"Mushrooms","floor":14,"gold_loss":0},{"damage_healed":0,"gold_gain":0,"player_choice":"Read","damage_taken":0,"max_hp_gain":0,"max_hp_loss":0,"event_name":"The Library","floor":21,"gold_loss":0,"cards_obtained":["Tempest"]},{"damage_healed":0,"gold_gain":0,"player_choice":"Ignored","damage_taken":0,"max_hp_gain":0,"max_hp_loss":0,"event_name":"Ghosts","floor":24,"gold_loss":0}],"is_beta":false,"boss_relics":[{"not_picked":["Empty Cage","Astrolabe"],"picked":"Snecko Eye"}],"items_purged_floors":[8],"is_endless":false,"potions_floor_spawned":[1,4,10,12,18,20],"killed_by":"Book of Stabbing","ascension_level":8}