{"gold_per_floor":[117,192,192,207,207,207,234,234,234,85,99,133,33,33],"floor_reached":14,"playtime":513,"items_purged":["Regret","Strike_B"],"score":155,"play_id":"d4bb3b17-0d1f-4589-bd6e-03c663303c01","local_time":"20190517163654","is_ascension_mode":true,"campfire_choices":[{"data":"Defragment","floor":6,"key":"SMITH"},{"floor":8,"key":"REST"}],"neow_cost":"NONE","seed_source_timestamp":120633154085768,"circlet_count":0,"master_deck":["Strike_B","Strike_B","Strike_B","Defend_B","Defend_B","Defend_B","Defend_B","Zap","Dualcast","Defragment+1","Chill","Machine Learning","Gash","Redo","Cold Snap","Steam Power"],"relics":["Cracked Core","Vajra","Nunchaku","Blood Vial","Pear","PreservedInsect"],"potions_floor_usage":[7],"damage_taken":[{"damage":7,"enemies":"Jaw Worm","floor":1,"turns":3},{"damage":0,"enemies":"2 Louse","floor":4,"turns":2},{"damage":22,"enemies":"Lagavulin","floor":7,"turns":7},{"damage":1,"enemies":"Cultist","floor":11,"turns":3},{"damage":47,"enemies":"Gremlin Nob","floor":12,"turns":5},{"damage":17,"enemies":"3 Louse","floor":14,"turns":2}],"seed_played":"-6136606911668648129","potions_obtained":[{"floor":4,"key":"SkillPotion"}],"is_trial":false,"path_per_floor":["M","?","?","M","?","R","E","R","T","$","M","E","$","M"],"character_chosen":"DEFECT","items_purchased":["Gash","Redo"],"campfire_rested":1,"item_purchase_floors":[10,10],"current_hp_per_floor":[68,57,45,45,45,45,23,47,57,57,58,13,13,0],"gold":33,"neow_bonus":"TEN_PERCENT_HP_BONUS","is_prod":false,"is_daily":false,"chose_seed":false,"campfire_upgraded":1,"win_rate":0,"timestamp":1558125414,"path_taken":["M","?","?","M","?","R","E","R","T","$","?","E","$","M"],"build_version":"2019-01-23","purchased_purges":2,"victory":false,"max_hp_per_floor":[82,82,82,82,82,82,82,82,92,92,92,92,92,92],"card_choices":[{"not_picked":["Gash","Leap"],"picked":"Defragment","floor":1},{"not_picked":["Sunder","Cold Snap"],"picked":"Chill","floor":4},{"not_picked":["Hologram","Tempest"],"picked":"Machine Learning","floor":7},{"not_picked":["Hologram","Heatsinks"],"picked":"Cold Snap","floor":11},{"not_picked":["FTL","Auto Shields"],"picked":"Steam Power","floor":12}],"player_experience":332846,"relics_obtained":[{"floor":7,"key":"Blood Vial"},{"floor":9,"key":"Pear"},{"floor":12,"key":"PreservedInsect"}],"event_choices":[{"damage_healed":0,"gold_gain":75,"player_choice":"Gather Gold","damage_taken":11,"max_hp_gain":0,"max_hp_loss":0,"event_name":"World of Goop","floor":2,"gold_loss":0},{"damage_healed":0,"gold_gain":0,"player_choice":"Success","damage_taken":12,"relics_obtained":["Vajra"],"max_hp_gain":0,"max_hp_loss":0,"event_name":"Scrap Ooze","floor":3,"gold_loss":0},{"damage_healed":0,"gold_gain":0,"player_choice":"Box","damage_taken":0,"relics_obtained":["Nunchaku"],"max_hp_gain":0,"max_hp_loss":0,"event_name":"Big Fish","floor":5,"gold_loss":0,"cards_obtained":["Regret"]}],"is_beta":false,"boss_relics":[],"items_purged_floors":[10,13],"is_endless":false,"potions_floor_spawned":[4],"killed_by":"3 Louse","ascension_level":7}