{"gold_per_floor":[112,136,211,78,78,78,103,103,103,116,116,129,29,39,39,117,117,17,17,17,17,17,17,17,17,17,17,17,17,17,17,17,17,17,17,0,0,0,0,0,0,0,0,0,0,0,0,0,0,0,0,0,0,0,0,0],"floor_reached":56,"playtime":2984,"items_purged":["Strike_R","Strike_R"],"score":1815,"play_id":"97869e52-3195-4830-8168-c8a2bf1efc16","local_time":"20190523192212","is_ascension_mode":true,"campfire_choices":[{"data":"Clothesline","floor":6.0,"key":"SMITH"},{"data":"Sever Soul","floor":8.0,"key":"SMITH"},{"data":"Shrug It Off","floor":11.0,"key":"SMITH"},{"data":"Corruption","floor":15.0,"key":"SMITH"},{"floor":25.0,"key":"REST"},{"data":"Shockwave","floor":27.0,"key":"SMITH"},{"floor":32.0,"key":"REST"},{"data":"Metallicize","floor":40.0,"key":"SMITH"},{"data":"Flame Barrier","floor":42.0,"key":"SMITH"},{"floor":49.0,"key":"RECALL"},{"floor":53,"key":"REST"}],"neow_cost":"TEN_PERCENT_HP_LOSS","seed_source_timestamp":0,"circlet_count":0,"master_deck":["AscendersBane","Strike_R","Strike_R+1","Strike_R+1","Defend_R","Defend_R","Defend_R","Defend_R","Bash","Shockwave+1","Clothesline+1","Sever Soul+1","Shrug It Off+1","Corruption+1","Metallicize+1","Juggernaut","Whirlwind+1","Flame Barrier+1","True Grit+1","Sentinel","Second Wind","Feel No Pain"],"special_seed":0,"relics":["Burning Blood","Dead Branch","Whetstone","Boot","Bottled Flame","Ectoplasm","Enchiridion","StoneCalendar","Strawberry","Happy Flower","Philosopher\u0027s Stone","Red Mask","Champion Belt","Ice Cream","Paper Frog"],"potions_floor_usage":[50,51],"damage_taken":[{"damage":6.0,"enemies":"Cultist","floor":1.0,"turns":3.0},{"damage":22.0,"enemies":"Gremlin Nob","floor":7.0,"turns":4.0},{"damage":4.0,"enemies":"Small Slimes","floor":10.0,"turns":4.0},{"damage":9.0,"enemies":"Jaw Worm","floor":12.0,"turns":3.0},{"damage":8.0,"enemies":"Large Slime","floor":14.0,"turns":3.0},{"damage":20.0,"enemies":"Slime Boss","floor":16.0,"turns":8.0},{"damage":21.0,"enemies":"2 Thieves","floor":18.0,"turns":4.0},{"damage":0.0,"enemies":"Chosen","floor":20.0,"turns":3.0},{"damage":0.0,"enemies":"Snecko","floor":22.0,"turns":3.0},{"damage":23.0,"enemies":"Book of Stabbing","floor":23.0,"turns":6.0},{"damage":19.0,"enemies":"Centurion and Healer","floor":24.0,"turns":3.0},{"damage":10.0,"enemies":"Snake Plant","floor":29.0,"turns":4.0},{"damage":0.0,"enemies":"Cultist and Chosen","floor":31.0,"turns":4.0},{"damage":17.0,"enemies":"Champ","floor":33.0,"turns":7.0},{"damage":0.0,"enemies":"Orb Walker","floor":35.0,"turns":4.0},{"damage":0.0,"enemies":"Mind Bloom Boss Battle","floor":39.0,"turns":4.0},{"damage":19.0,"enemies":"3 Darklings","floor":41.0,"turns":4.0},{"damage":6.0,"enemies":"Reptomancer","floor":44.0,"turns":6.0},{"damage":0.0,"enemies":"Spire Growth","floor":45.0,"turns":3.0},{"damage":11.0,"enemies":"Sphere and 2 Shapes","floor":47.0,"turns":3.0},{"damage":0.0,"enemies":"Maw","floor":48.0,"turns":4.0},{"damage":34,"enemies":"Awakened One","floor":50,"turns":9},{"damage":39,"enemies":"Time Eater","floor":51,"turns":8},{"damage":62,"enemies":"Shield and Spear","floor":55,"turns":6},{"damage":38,"enemies":"The Heart","floor":56,"turns":2}],"seed_played":"5034223705171936112","potions_obtained":[{"floor":10.0,"key":"Regen Potion"},{"floor":14.0,"key":"Fire Potion"},{"floor":16.0,"key":"BloodPotion"},{"floor":18.0,"key":"Ancient Potion"},{"floor":23.0,"key":"Dexterity Potion"},{"floor":41.0,"key":"EssenceOfSteel"}],"is_trial":false,"path_per_floor":["M","T","?","$","?","R","E","R","T","M","R","M","$","M","R","B",null,"M","?","M","?","M","E","M","R","T","R","?","M","?","M","R","B",null,"M","?","?","$","?","R","M","R","T","E","M","?","M","M","R","B","B",null,"R","$","E","B"],"character_chosen":"IRONCLAD","items_purchased":["Clothesline"],"campfire_rested":3,"item_purchase_floors":[4],"current_hp_per_floor":[68,68,57,57,57,57,41,41,41,43,43,40,40,38,38,39,61,46,25,37,37,43,26,13,33,40,40,40,36,36,42,64,53,70,75,75,75,75,75,75,62,62,62,62,68,68,63,69,69,41,8,55,71,71,15,0],"gold":0,"neow_bonus":"ONE_RARE_RELIC","is_prod":false,"is_daily":false,"chose_seed":false,"campfire_upgraded":7,"win_rate":0,"timestamp":1558653732,"path_taken":["M","?","?","$","?","R","E","R","T","?","R","M","$","M","R","BOSS","M","?","M","?","M","E","?","R","T","R","?","M","?","M","R","BOSS","M","?","?","?","?","R","M","R","T","E","?","?","M","M","R","BOSS","BOSS","R","$","E","BOSS"],"build_version":"2019-01-23","purchased_purges":2,"victory":false,"max_hp_per_floor":[68,68,68,68,68,68,68,68,68,68,68,68,68,68,68,68,68,68,68,68,68,68,68,68,68,75,75,75,75,75,75,75,75,75,75,75,75,75,75,75,75,75,75,75,75,71,71,71,71,71,71,71,71,71,71,71],"card_choices":[{"not_picked":["Flex","Heavy Blade"],"picked":"Shockwave","floor":1.0},{"not_picked":["Wild Strike","Clash"],"picked":"Sever Soul","floor":7.0},{"not_picked":["Flex","Burning Pact"],"picked":"Shrug It Off","floor":10.0},{"not_picked":["Fiend Fire","Bloodletting"],"picked":"Corruption","floor":12.0},{"not_picked":["Corruption","Iron Wave"],"picked":"Metallicize","floor":14.0},{"not_picked":["Limit Break","Immolate"],"picked":"Juggernaut","floor":16.0},{"not_picked":["Headbutt","Shockwave"],"picked":"Whirlwind","floor":18.0},{"not_picked":["Headbutt+1","Body Slam"],"picked":"Flame Barrier","floor":20.0},{"not_picked":["Perfected Strike","Clash"],"picked":"True Grit+1","floor":22.0},{"not_picked":["Anger","Berserk"],"picked":"Sentinel","floor":23.0},{"not_picked":["Clothesline","Sever Soul","Thunderclap"],"picked":"SKIP","floor":24.0},{"not_picked":["Dual Wield","Armaments","Clash"],"picked":"SKIP","floor":29.0},{"not_picked":["Iron Wave","Heavy Blade+1","Anger"],"picked":"SKIP","floor":31.0},{"not_picked":["Cleave+1","Body Slam"],"picked":"Second Wind","floor":35.0},{"not_picked":["Wild Strike+1","Combust","Flex+1"],"picked":"SKIP","floor":41.0},{"not_picked":["Clash","Battle Trance"],"picked":"Feel No Pain","floor":44.0},{"not_picked":["Twin Strike","Bloodletting+1","Perfected Strike+1"],"picked":"SKIP","floor":45.0},{"not_picked":["Headbutt","Sever Soul","Body Slam"],"picked":"SKIP","floor":47.0},{"not_picked":["Shrug It Off","Anger","Iron Wave"],"picked":"SKIP","floor":48.0},{"not_picked":["Clothesline+1","Anger","Fire Breathing"],"picked":"SKIP","floor":55}],"player_experience":486463,"relics_obtained":[{"floor":2.0,"key":"Whetstone"},{"floor":7.0,"key":"Boot"},{"floor":9.0,"key":"Bottled Flame"},{"floor":19.0,"key":"Enchiridion"},{"floor":23.0,"key":"StoneCalendar"},{"floor":26.0,"key":"Strawberry"},{"floor":30.0,"key":"Happy Flower"},{"floor":39.0,"key":"Champion Belt"},{"floor":44.0,"key":"Ice Cream"},{"floor":55,"key":"Paper Frog"}],"event_choices":[{"damage_healed":0.0,"max_hp_gain":0.0,"max_hp_loss":0.0,"gold_gain":75.0,"event_name":"World of Goop","player_choice":"Gather Gold","floor":3.0,"gold_loss":0.0,"damage_taken":11.0},{"damage_healed":0.0,"max_hp_gain":0.0,"max_hp_loss":0.0,"gold_gain":0.0,"event_name":"Liars Game","player_choice":"Ignored","floor":5.0,"gold_loss":0.0,"damage_taken":0.0},{"damage_healed":0.0,"max_hp_gain":0.0,"max_hp_loss":0.0,"gold_gain":0.0,"event_name":"Cursed Tome","player_choice":"Obtained Book","floor":19.0,"gold_loss":0.0,"damage_taken":21.0},{"damage_healed":0.0,"max_hp_gain":0.0,"max_hp_loss":0.0,"gold_gain":0.0,"event_name":"Accursed Blacksmith","player_choice":"Forge","floor":21.0,"gold_loss":0.0,"damage_taken":0.0,"cards_upgraded":["Whirlwind"]},{"damage_healed":0.0,"max_hp_gain":0.0,"max_hp_loss":0.0,"gold_gain":0.0,"event_name":"Vampires","player_choice":"Ignored","floor":28.0,"gold_loss":0.0,"damage_taken":0.0},{"damage_healed":0.0,"max_hp_gain":0.0,"max_hp_loss":0.0,"gold_gain":0.0,"event_name":"Wheel of Change","player_choice":"Relic","floor":30.0,"gold_loss":0.0,"damage_taken":0.0},{"damage_healed":0.0,"max_hp_gain":0.0,"max_hp_loss":0.0,"gold_gain":0.0,"event_name":"Tomb of Lord Red Mask","player_choice":"Paid","floor":36.0,"gold_loss":17.0,"damage_taken":0.0,"relics_obtained":["Red Mask"]},{"damage_healed":0.0,"max_hp_gain":0.0,"max_hp_loss":0.0,"gold_gain":0.0,"event_name":"SensoryStone","player_choice":"Memory 1","floor":37.0,"gold_loss":0.0,"damage_taken":0.0},{"damage_healed":0.0,"max_hp_gain":0.0,"max_hp_loss":0.0,"gold_gain":0.0,"event_name":"MindBloom","player_choice":"Fight","floor":39.0,"gold_loss":0.0,"damage_taken":0.0},{"damage_healed":0.0,"max_hp_gain":0.0,"max_hp_loss":4.0,"gold_gain":0.0,"event_name":"Winding Halls","player_choice":"Max HP","floor":46.0,"gold_loss":0.0,"damage_taken":0.0}],"is_beta":false,"boss_relics":[{"not_picked":["Black Blood","Empty Cage"],"picked":"Ectoplasm"},{"not_picked":["Tiny House","Lizard Tail"],"picked":"Philosopher\u0027s Stone"}],"items_purged_floors":[4,13],"is_endless":false,"potions_floor_spawned":[10,14,16,18,23,24,31,35,39,41],"killed_by":"The Heart","ascension_level":20}