{"gold_per_floor":[110,128,78,78,78,78,113,130,130,156,156,220,251,262,262,361,361,379,72,86,34,44,78,78,89,89,123,142,161,86,99,99,200,200,213,213,228,24,124,124,124,124,124,138,138,164,179,196,196,196],"floor_reached":51,"playtime":3246,"items_purged":[],"score":1029,"play_id":"28f336c3-6ffa-44ea-8a56-5dfd12f1ef03","local_time":"20190422214003","is_ascension_mode":true,"campfire_choices":[{"data":"Defragment","floor":6,"key":"SMITH"},{"data":"Defragment","floor":11,"key":"SMITH"},{"data":"White Noise","floor":15,"key":"SMITH"},{"data":"Seek","floor":24,"key":"SMITH"},{"floor":32,"key":"REST"},{"data":"Barrage","floor":40,"key":"SMITH"},{"data":"Defragment","floor":42,"key":"SMITH"},{"floor":45,"key":"DIG"},{"floor":49,"key":"DIG"}],"neow_cost":"NONE","seed_source_timestamp":424824805132057,"circlet_count":0,"master_deck":["Dualcast","Auto Shields+1","Cold Snap+1","Defragment+1","Rebound","Seek+1","Machine Learning","Defragment+1","Coolheaded","Barrage+1","Go for the Eyes","Sunder+1","White Noise+1","Seek","FTL+1","Defragment+1","Seek","Madness","Madness"],"relics":["Pandora\u0027s Box","Bag of Marbles","Symbiotic Virus","Molten Egg 2","Matryoshka","Shuriken","Unceasing Top","Inserter","Shovel","StoneCalendar","Bottled Lightning","Lantern","Ornamental Fan","Ancient Tea Set","Sozu","Lee\u0027s Waffle","Pocketwatch","DataDisk","Orichalcum","Calipers","Bag of Preparation","Centennial Puzzle"],"potions_floor_usage":[12,18,22,23,28,31],"damage_taken":[{"damage":1,"enemies":"Jaw Worm","floor":1,"turns":8},{"damage":0,"enemies":"2 Louse","floor":2,"turns":4},{"damage":10,"enemies":"3 Sentries","floor":7,"turns":9},{"damage":1,"enemies":"Small Slimes","floor":8,"turns":3},{"damage":0,"enemies":"Lagavulin","floor":10,"turns":5},{"damage":0,"enemies":"Lagavulin Event","floor":12,"turns":4},{"damage":5,"enemies":"3 Sentries","floor":13,"turns":5},{"damage":0,"enemies":"Exordium Wildlife","floor":14,"turns":3},{"damage":0,"enemies":"Hexaghost","floor":16,"turns":9},{"damage":9,"enemies":"Shell Parasite","floor":18,"turns":5},{"damage":2,"enemies":"2 Thieves","floor":20,"turns":4},{"damage":2,"enemies":"Chosen and Byrds","floor":22,"turns":6},{"damage":14,"enemies":"Gremlin Leader","floor":23,"turns":6},{"damage":4,"enemies":"Centurion and Healer","floor":25,"turns":4},{"damage":11,"enemies":"Book of Stabbing","floor":27,"turns":5},{"damage":10,"enemies":"Snake Plant","floor":28,"turns":3},{"damage":0,"enemies":"Snecko","floor":29,"turns":4},{"damage":1,"enemies":"Centurion and Healer","floor":31,"turns":5},{"damage":0,"enemies":"Automaton","floor":33,"turns":8},{"damage":0,"enemies":"3 Darklings","floor":35,"turns":5},{"damage":1,"enemies":"3 Shapes","floor":37,"turns":4},{"damage":0,"enemies":"Mind Bloom Boss Battle","floor":39,"turns":5},{"damage":2,"enemies":"Writhing Mass","floor":44,"turns":5},{"damage":0,"enemies":"Giant Head","floor":46,"turns":5},{"damage":0,"enemies":"3 Darklings","floor":47,"turns":3},{"damage":0,"enemies":"Spire Growth","floor":48,"turns":4},{"damage":11,"enemies":"Donu and Deca","floor":50,"turns":7}],"seed_played":"8073404818779602699","potions_obtained":[{"floor":1,"key":"Weak Potion"},{"floor":10,"key":"EssenceOfSteel"},{"floor":12,"key":"FocusPotion"},{"floor":20,"key":"Block Potion"},{"floor":22,"key":"Poison Potion"},{"floor":27,"key":"Weak Potion"}],"is_trial":false,"path_per_floor":["M","M","?","?","?","R","E","M","T","E","R","?","E","M","R","B",null,"M","$","M","?","M","E","R","M","T","E","M","M","?","M","R","B",null,"M","?","M","$","?","R","?","R","T","M","R","E","M","M","R","B",null],"character_chosen":"DEFECT","items_purchased":["Shovel","Lee\u0027s Waffle"],"campfire_rested":1,"item_purchase_floors":[19,38],"current_hp_per_floor":[74,74,74,59,56,56,46,45,45,45,45,45,40,40,40,40,75,66,66,64,64,62,48,48,44,44,33,23,23,23,22,44,44,75,75,66,65,82,82,82,82,82,82,80,80,80,80,80,80,69],"gold":196,"neow_bonus":"BOSS_RELIC","is_prod":false,"is_daily":false,"chose_seed":false,"campfire_upgraded":6,"win_rate":0,"timestamp":1555983603,"path_taken":["M","M","?","?","?","R","E","M","T","E","R","?","E","M","R","BOSS","M","$","M","?","M","E","R","M","T","E","M","?","?","M","R","BOSS","M","?","M","$","?","R","?","R","T","?","R","E","M","M","R","BOSS"],"build_version":"2019-01-23","purchased_purges":0,"victory":true,"max_hp_per_floor":[75,75,75,75,75,75,75,75,75,75,75,75,75,75,75,75,75,75,75,75,75,75,75,75,75,75,75,75,75,75,75,75,75,75,75,75,75,82,82,82,82,82,82,82,82,82,82,82,82,82],"card_choices":[{"not_picked":["Consume","Redo"],"picked":"Barrage","floor":1},{"not_picked":["Ball Lightning","Leap","Cold Snap"],"picked":"SKIP","floor":2},{"not_picked":["Steam Power","Chaos"],"picked":"Go for the Eyes","floor":7},{"not_picked":["Beam Cell","Sweeping Beam","Meteor Strike"],"picked":"SKIP","floor":8},{"not_picked":["Rebound+1","Chaos","Thunder Strike+1"],"picked":"SKIP","floor":10},{"not_picked":["Ball Lightning+1","Rebound+1"],"picked":"Sunder+1","floor":12},{"not_picked":["Rebound+1","Cold Snap+1","Ball Lightning+1"],"picked":"SKIP","floor":13},{"not_picked":["Cold Snap+1","Leap"],"picked":"White Noise","floor":14},{"not_picked":["Reboot","All For One+1"],"picked":"Amplify","floor":16},{"not_picked":["Gash+1","Cold Snap+1","FTL+1"],"picked":"SKIP","floor":18},{"not_picked":["Gash+1","Storm","Compile Driver+1"],"picked":"SKIP","floor":20},{"not_picked":["Rebound+1","Stack","Reinforced Body+1"],"picked":"SKIP","floor":22},{"not_picked":["Streamline+1","Rainbow","Sweeping Beam+1"],"picked":"SKIP","floor":23},{"not_picked":["Conserve Battery","Doom and Gloom+1","Sunder+1"],"picked":"SKIP","floor":25},{"not_picked":["Leap+1","Double Energy"],"picked":"Seek","floor":27},{"not_picked":["Steam Power","Sweeping Beam+1"],"picked":"FTL+1","floor":28},{"not_picked":["BootSequence","Cold Snap+1"],"picked":"Defragment","floor":29},{"not_picked":["Hello World","Ball Lightning+1","Steam"],"picked":"SKIP","floor":31},{"not_picked":["Reboot","Rainbow"],"picked":"Seek","floor":33},{"not_picked":["Steam","Streamline+1","Self Repair"],"picked":"SKIP","floor":35},{"not_picked":["Go for the Eyes+1","Beam Cell+1","Doom and Gloom+1"],"picked":"SKIP","floor":37},{"not_picked":["Amplify","Beam Cell+1","Sweeping Beam+1"],"picked":"SKIP","floor":44},{"not_picked":["Undo","Gash+1","Redo+1"],"picked":"SKIP","floor":46},{"not_picked":["Leap","Beam Cell+1","Ball Lightning+1"],"picked":"SKIP","floor":47},{"not_picked":["Ball Lightning+1","Consume+1","Leap"],"picked":"SKIP","floor":48}],"player_experience":267378,"relics_obtained":[{"floor":7,"key":"Symbiotic Virus"},{"floor":9,"key":"Molten Egg 2"},{"floor":10,"key":"Matryoshka"},{"floor":13,"key":"Unceasing Top"},{"floor":23,"key":"Bottled Lightning"},{"floor":26,"key":"Lantern"},{"floor":26,"key":"Ornamental Fan"},{"floor":27,"key":"Ancient Tea Set"},{"floor":39,"key":"Pocketwatch"},{"floor":43,"key":"DataDisk"},{"floor":43,"key":"Orichalcum"},{"floor":45,"key":"Calipers"},{"floor":46,"key":"Bag of Preparation"},{"floor":49,"key":"Centennial Puzzle"}],"event_choices":[{"cards_removed":["Zap"],"damage_healed":0,"gold_gain":0,"player_choice":"Card Removal","damage_taken":0,"max_hp_gain":0,"max_hp_loss":0,"event_name":"The Cleric","floor":3,"gold_loss":50},{"damage_healed":0,"gold_gain":0,"player_choice":"Entered Light","damage_taken":15,"max_hp_gain":0,"max_hp_loss":0,"event_name":"Shining Light","floor":4,"gold_loss":0,"cards_upgraded":["Auto Shields","Cold Snap"]},{"damage_healed":0,"gold_gain":0,"player_choice":"Success","damage_taken":3,"relics_obtained":["Bag of Marbles"],"max_hp_gain":0,"max_hp_loss":0,"event_name":"Scrap Ooze","floor":5,"gold_loss":0},{"damage_healed":0,"gold_gain":0,"player_choice":"Searched \u00272\u0027 times","damage_taken":0,"relics_obtained":["Shuriken"],"max_hp_gain":0,"max_hp_loss":0,"event_name":"Dead Adventurer","floor":12,"gold_loss":0},{"damage_healed":0,"gold_gain":0,"player_choice":"Paid Gold","damage_taken":0,"relics_obtained":["StoneCalendar"],"max_hp_gain":0,"max_hp_loss":0,"event_name":"WeMeetAgain","floor":21,"gold_loss":52},{"cards_removed":["Amplify"],"damage_healed":0,"gold_gain":0,"player_choice":"Gave Gold","damage_taken":0,"max_hp_gain":0,"max_hp_loss":0,"event_name":"Beggar","floor":30,"gold_loss":75},{"damage_healed":0,"gold_gain":0,"player_choice":"Embrace Madness","damage_taken":9,"max_hp_gain":0,"max_hp_loss":0,"event_name":"Winding Halls","floor":36,"gold_loss":0,"cards_obtained":["Madness","Madness"]},{"damage_healed":0,"gold_gain":0,"player_choice":"Fight","damage_taken":0,"max_hp_gain":0,"max_hp_loss":0,"event_name":"MindBloom","floor":39,"gold_loss":0},{"damage_healed":0,"gold_gain":0,"player_choice":"Bought 0 Potions","damage_taken":0,"max_hp_gain":0,"max_hp_loss":0,"event_name":"The Woman in Blue","floor":41,"gold_loss":0}],"is_beta":false,"boss_relics":[{"not_picked":["Cursed Key","Runic Dome"],"picked":"Inserter"},{"not_picked":["Tiny House","Astrolabe"],"picked":"Sozu"}],"items_purged_floors":[],"is_endless":false,"potions_floor_spawned":[1,10,12,20,22,27,37,46,47],"ascension_level":4}