{"gold_per_floor":[113,128,228,238,84,111,111,145,145,145,160,160,174,188,188,288,288,301,301,317,333,101,101,135,147],"floor_reached":25,"playtime":1161,"items_purged":["Normality"],"score":245,"play_id":"7d44b720-62bd-47b0-8587-b2b5fd0bb3f6","local_time":"20190406175729","is_ascension_mode":true,"campfire_choices":[{"data":"Armaments","floor":7.0,"key":"SMITH"},{"data":"Fire Breathing","floor":10.0,"key":"SMITH"},{"floor":12.0,"key":"RECALL"},{"data":"Dark Embrace","floor":15.0,"key":"SMITH"},{"data":"Pommel Strike","floor":23.0,"key":"SMITH"}],"neow_cost":"CURSE","seed_source_timestamp":0,"circlet_count":0,"master_deck":["Strike_R","Strike_R","Strike_R","Strike_R","Strike_R","Defend_R","Defend_R","Defend_R","Defend_R","Bash","Dark Embrace+1","Armaments+1","Rampage","Perfected Strike","Infernal Blade","Battle Trance","Fire Breathing+1","Shrug It Off","Disarm","Perfected Strike","Berserk","Pommel Strike+1","Infernal Blade","Cleave","Dropkick","Pommel Strike"],"special_seed":0,"relics":["Burning Blood","Magic Flower","Blue Candle","Black Star","Orichalcum","MawBank","Dream Catcher"],"potions_floor_usage":[25],"damage_taken":[{"damage":12.0,"enemies":"Small Slimes","floor":1.0,"turns":4.0},{"damage":9.0,"enemies":"Cultist","floor":2.0,"turns":6.0},{"damage":0.0,"enemies":"2 Louse","floor":4.0,"turns":3.0},{"damage":45.0,"enemies":"Lagavulin","floor":6.0,"turns":6.0},{"damage":18.0,"enemies":"Gremlin Nob","floor":8.0,"turns":4.0},{"damage":9.0,"enemies":"2 Fungi Beasts","floor":11.0,"turns":2.0},{"damage":2.0,"enemies":"Looter","floor":13.0,"turns":3.0},{"damage":9.0,"enemies":"Blue Slaver","floor":14.0,"turns":4.0},{"damage":30.0,"enemies":"The Guardian","floor":16.0,"turns":11.0},{"damage":20.0,"enemies":"3 Byrds","floor":18.0,"turns":7.0},{"damage":25.0,"enemies":"Shell Parasite","floor":20.0,"turns":6.0},{"damage":19.0,"enemies":"Snecko","floor":21.0,"turns":4.0},{"damage":23.0,"enemies":"Slavers","floor":24.0,"turns":5.0},{"damage":30,"enemies":"Snake Plant","floor":25,"turns":4}],"seed_played":"-2763004949299390827","potions_obtained":[{"floor":6.0,"key":"Poison Potion"},{"floor":13.0,"key":"Strength Potion"},{"floor":14.0,"key":"SpeedPotion"},{"floor":18.0,"key":"Explosive Potion"},{"floor":21.0,"key":"Fire Potion"},{"floor":24.0,"key":"LiquidBronze"}],"is_trial":false,"path_per_floor":["M","M","?","M","$","E","R","E","T","R","M","R","M","M","R","B",null,"M","?","M","M","$","R","E","M"],"character_chosen":"IRONCLAD","items_purchased":["Infernal Blade","Dropkick","Orichalcum"],"campfire_rested":0,"item_purchase_floors":[5,22,22],"current_hp_per_floor":[74,71,71,77,77,38,38,29,29,29,29,29,36,36,36,15,80,69,69,53,43,43,43,29,0],"gold":147,"neow_bonus":"THREE_RARE_CARDS","is_prod":false,"is_daily":false,"chose_seed":false,"campfire_upgraded":4,"win_rate":0,"timestamp":1554587849,"path_taken":["M","M","?","M","$","E","R","E","T","R","M","R","M","?","R","BOSS","M","?","M","M","$","R","E","M"],"build_version":"2019-01-23","purchased_purges":1,"victory":false,"max_hp_per_floor":[80,80,80,80,80,80,80,80,80,80,80,80,80,80,80,80,80,80,80,80,80,80,80,80,80],"card_choices":[{"not_picked":["Berserk","Immolate"],"picked":"Dark Embrace","floor":0.0},{"not_picked":["Warcry","Twin Strike"],"picked":"Armaments","floor":1.0},{"not_picked":["Immolate","Sword Boomerang"],"picked":"Rampage","floor":2.0},{"not_picked":["Dropkick","Entrench"],"picked":"Perfected Strike","floor":4.0},{"not_picked":["Havoc","Clothesline"],"picked":"Battle Trance","floor":6.0},{"not_picked":["Headbutt","Blood for Blood"],"picked":"Fire Breathing","floor":8.0},{"not_picked":["Sword Boomerang","Heavy Blade"],"picked":"Shrug It Off","floor":11.0},{"not_picked":["Headbutt","Bloodletting"],"picked":"Disarm","floor":13.0},{"not_picked":["Uppercut","Second Wind"],"picked":"Perfected Strike","floor":14.0},{"not_picked":["Impervious","Fiend Fire"],"picked":"Berserk","floor":16.0},{"not_picked":["Havoc","Power Through","Reckless Charge"],"picked":"SKIP","floor":18.0},{"not_picked":["Sword Boomerang+1","Spot Weakness+1"],"picked":"Infernal Blade","floor":20.0},{"not_picked":["Headbutt","Sword Boomerang"],"picked":"Cleave","floor":21.0},{"not_picked":["Havoc","Spot Weakness+1"],"picked":"Pommel Strike","floor":24.0}],"player_experience":99268,"relics_obtained":[{"floor":6.0,"key":"Magic Flower"},{"floor":8.0,"key":"Blue Candle"},{"floor":24.0,"key":"MawBank"},{"floor":24.0,"key":"Dream Catcher"}],"event_choices":[{"damage_healed":0.0,"max_hp_gain":0.0,"max_hp_loss":0.0,"gold_gain":100.0,"event_name":"Golden Shrine","player_choice":"Pray","floor":3.0,"gold_loss":0.0,"damage_taken":0.0},{"damage_healed":0.0,"max_hp_gain":0.0,"max_hp_loss":0.0,"gold_gain":0.0,"event_name":"The Library","player_choice":"Read","floor":19.0,"gold_loss":0.0,"damage_taken":0.0,"cards_obtained":["Pommel Strike"]}],"is_beta":false,"boss_relics":[{"not_picked":["Lizard Tail","Sozu"],"picked":"Black Star"}],"items_purged_floors":[5],"is_endless":false,"potions_floor_spawned":[6,13,14,18,21,24],"killed_by":"Snake Plant","ascension_level":1}