{"gold_per_floor":[117,117,82,82,101,145,145,176,199,1,1,17,61,74,74,203,203,228,253,274,274,13,13,26,51,74,95,95,95,95,4,4,123,123,141,0,0,0,13,13,13],"floor_reached":41,"playtime":2990,"items_purged":[],"score":459,"play_id":"d9f7a2e9-35ce-4e0e-b5f5-57ee7411b6a0","local_time":"20190602072734","is_ascension_mode":false,"campfire_choices":[{"floor":7,"key":"REST"},{"floor":11,"key":"REST"},{"floor":15,"key":"REST"},{"floor":23,"key":"REST"},{"floor":30,"key":"REST"},{"floor":32,"key":"REST"},{"floor":40,"key":"REST"}],"neow_cost":"NONE","seed_source_timestamp":40015641037735,"circlet_count":0,"master_deck":["Survivor","Neutralize","Deadly Poison","Dagger Spray+1","Deflect","Backflip","Noxious Fumes","Slice","All Out Attack","Cloak And Dagger","Blade Dance","Poisoned Stab","Adrenaline","Backstab","Poisoned Stab","Accuracy","Blade Dance","Backstab","Backflip","Dagger Spray+1","Dodge and Roll+1","Noxious Fumes","Dagger Throw","Crippling Poison","Backstab","Backflip","Cloak And Dagger","Writhe","After Image","Well Laid Plans","Cloak And Dagger","Blade Dance+1","Die Die Die","Flechettes","Heel Hook","All Out Attack","Choke","Skewer","Cloak And Dagger","Catalyst","Cloak And Dagger","Bane","Flechettes","Infinite Blades","Deadly Poison+1","PiercingWail+1"],"relics":["Ring of the Snake","Ancient Tea Set","Golden Idol","Regal Pillow","Anchor","Whetstone","Du-Vu Doll","Orrery","Dream Catcher","Oddly Smooth Stone","WingedGreaves","Pandora\u0027s Box","Red Mask"],"potions_floor_usage":[6,8,13,33,33],"damage_taken":[{"damage":0,"enemies":"Cultist","floor":1,"turns":5},{"damage":0,"enemies":"2 Louse","floor":5,"turns":2},{"damage":45,"enemies":"Gremlin Nob","floor":6,"turns":5},{"damage":14,"enemies":"3 Sentries","floor":8,"turns":9},{"damage":0,"enemies":"Small Slimes","floor":12,"turns":1},{"damage":11,"enemies":"Lagavulin","floor":13,"turns":6},{"damage":0,"enemies":"Gremlin Gang","floor":14,"turns":2},{"damage":42,"enemies":"The Guardian","floor":16,"turns":11},{"damage":15,"enemies":"3 Byrds","floor":18,"turns":4},{"damage":12,"enemies":"Shell Parasite","floor":19,"turns":5},{"damage":20,"enemies":"Centurion and Healer","floor":20,"turns":5},{"damage":10,"enemies":"Chosen and Byrds","floor":24,"turns":5},{"damage":9,"enemies":"3 Cultists","floor":25,"turns":5},{"damage":25,"enemies":"Sentry and Sphere","floor":27,"turns":6},{"damage":37,"enemies":"Champ","floor":33,"turns":11},{"damage":3,"enemies":"3 Darklings","floor":35,"turns":5},{"damage":23,"enemies":"3 Shapes","floor":39,"turns":3},{"damage":83,"enemies":"Transient","floor":41,"turns":5}],"seed_played":"8049073054419397112","potions_obtained":[{"floor":5,"key":"Energy Potion"},{"floor":6,"key":"Block Potion"},{"floor":12,"key":"Strength Potion"},{"floor":13,"key":"FearPotion"},{"floor":18,"key":"Dexterity Potion"},{"floor":20,"key":"Poison Potion"},{"floor":27,"key":"SkillPotion"}],"is_trial":false,"path_per_floor":["M","?","?","?","M","E","R","E","T","$","R","M","E","M","R","B",null,"M","M","M","?","$","R","M","M","T","M","?","?","R","$","R","B",null,"M","?","$","$","M","R","M"],"character_chosen":"THE_SILENT","items_purchased":["Noxious Fumes","Slice","All Out Attack","Dream Catcher","Noxious Fumes","Dagger Throw","Well Laid Plans","Cloak And Dagger"],"campfire_rested":7,"item_purchase_floors":[10,10,10,22,22,22,31,31],"current_hp_per_floor":[70,53,70,70,70,25,61,47,47,47,70,70,59,59,70,28,70,55,43,23,23,23,59,49,40,40,15,15,15,51,51,70,33,70,67,67,67,67,44,70,0],"gold":13,"neow_bonus":"RANDOM_COMMON_RELIC","is_prod":false,"is_daily":false,"chose_seed":false,"campfire_upgraded":0,"win_rate":0.0,"timestamp":1559478454,"path_taken":["M","?","?","?","M","E","R","E","T","$","R","M","E","M","R","BOSS","M","?","M","?","?","R","M","?","T","M","?","?","R","?","R","BOSS","M","?","?","$","M","R","M"],"build_version":"2019-01-23","purchased_purges":0,"victory":false,"max_hp_per_floor":[70,70,70,70,70,70,70,70,70,70,70,70,70,70,70,70,70,70,70,70,70,70,70,70,70,70,70,70,70,70,70,70,70,70,70,70,70,70,70,70,70],"card_choices":[{"not_picked":["Underhanded Strike","Slice"],"picked":"Deadly Poison","floor":1},{"not_picked":["Dagger Throw","Reflex"],"picked":"Dagger Spray","floor":5},{"not_picked":["Calculated Gamble","Heel Hook"],"picked":"Deflect","floor":6},{"not_picked":["Leg Sweep","Bane"],"picked":"Backflip","floor":8},{"not_picked":["Acrobatics","Accuracy"],"picked":"Cloak And Dagger","floor":12},{"not_picked":["Venomology","Sucker Punch"],"picked":"Blade Dance","floor":13},{"not_picked":["Bouncing Flask","Dagger Throw"],"picked":"Poisoned Stab","floor":14},{"not_picked":["After Image","Corpse Explosion"],"picked":"Adrenaline","floor":16},{"not_picked":["Dagger Spray","Underhanded Strike"],"picked":"Backstab","floor":17},{"not_picked":["PiercingWail","Prepared"],"picked":"Poisoned Stab","floor":17},{"not_picked":["Escape Plan","Deadly Poison"],"picked":"Accuracy","floor":17},{"not_picked":["Slice","Choke"],"picked":"Blade Dance","floor":17},{"not_picked":["Riddle With Holes","Eviscerate"],"picked":"Backstab","floor":17},{"not_picked":["Quick Slash","Dodge and Roll"],"picked":"Backflip","floor":18},{"not_picked":["Bane","Skewer+1"],"picked":"Dagger Spray+1","floor":19},{"not_picked":["Venomology","Deadly Poison"],"picked":"Dodge and Roll+1","floor":20},{"not_picked":["Outmaneuver+1","Dagger Throw"],"picked":"Crippling Poison","floor":23},{"not_picked":["Deflect","Bane"],"picked":"Backstab","floor":24},{"not_picked":["Predator","Reflex"],"picked":"Backflip","floor":25},{"not_picked":["Acrobatics","All Out Attack"],"picked":"Cloak And Dagger","floor":27},{"not_picked":["Masterful Stab","Dagger Spray"],"picked":"After Image","floor":30},{"not_picked":["Distraction","Sucker Punch"],"picked":"Blade Dance+1","floor":32},{"not_picked":["Night Terror","Wraith Form v2"],"picked":"Die Die Die","floor":33},{"not_picked":["Flying Knee+1","Dodge and Roll+1"],"picked":"Infinite Blades","floor":35},{"not_picked":["Flechettes+1","Underhanded Strike+1"],"picked":"Deadly Poison+1","floor":39},{"not_picked":["Distraction","Dagger Spray+1"],"picked":"PiercingWail+1","floor":40}],"player_experience":33188,"relics_obtained":[{"floor":6,"key":"Regal Pillow"},{"floor":8,"key":"Anchor"},{"floor":9,"key":"Whetstone"},{"floor":13,"key":"Du-Vu Doll"},{"floor":26,"key":"Oddly Smooth Stone"}],"event_choices":[{"damage_healed":0,"gold_gain":0,"player_choice":"Take Damage","damage_taken":17,"relics_obtained":["Golden Idol"],"max_hp_gain":0,"max_hp_loss":0,"event_name":"Golden Idol","floor":2,"gold_loss":0},{"damage_healed":17,"gold_gain":0,"player_choice":"Healed","damage_taken":0,"max_hp_gain":0,"max_hp_loss":0,"event_name":"The Cleric","floor":3,"gold_loss":35},{"damage_healed":0,"gold_gain":0,"player_choice":"Ignored","damage_taken":0,"max_hp_gain":0,"max_hp_loss":0,"event_name":"Purifier","floor":4,"gold_loss":0},{"damage_healed":0,"gold_gain":0,"player_choice":"Ignored","damage_taken":0,"max_hp_gain":0,"max_hp_loss":0,"event_name":"Purifier","floor":21,"gold_loss":0},{"damage_healed":0,"gold_gain":0,"player_choice":"Opened","damage_taken":0,"relics_obtained":["WingedGreaves"],"max_hp_gain":0,"max_hp_loss":0,"event_name":"The Mausoleum","floor":28,"gold_loss":0,"cards_obtained":["Writhe"]},{"damage_healed":0,"gold_gain":0,"player_choice":"Ignored","damage_taken":0,"max_hp_gain":0,"max_hp_loss":0,"event_name":"Ghosts","floor":29,"gold_loss":0},{"damage_healed":0,"gold_gain":0,"player_choice":"Paid","damage_taken":0,"relics_obtained":["Red Mask"],"max_hp_gain":0,"max_hp_loss":0,"event_name":"Tomb of Lord Red Mask","floor":36,"gold_loss":141}],"is_beta":false,"boss_relics":[{"not_picked":["Sozu","Philosopher\u0027s Stone"],"picked":"Orrery"},{"not_picked":["Runic Pyramid","Tiny House"],"picked":"Pandora\u0027s Box"}],"items_purged_floors":[],"is_endless":false,"potions_floor_spawned":[5,6,12,13,18,20,27],"killed_by":"Transient","ascension_level":0}