{"gold_per_floor":[99,99,99,99,99,99,99,99,99,99,99,99,99,99,99,99],"floor_reached":16,"playtime":783,"items_purged":[],"score":98,"play_id":"382b6861-200a-4dfe-90d5-ce5d3c23834c","local_time":"20190602183623","is_ascension_mode":false,"campfire_choices":[{"data":"Neutralize","floor":6,"key":"SMITH"},{"data":"Accuracy","floor":8,"key":"SMITH"},{"data":"1","floor":15,"key":"LIFT"}],"neow_cost":"NONE","seed_source_timestamp":1533710362295600,"circlet_count":0,"master_deck":["Defend_G","Defend_G","Defend_G","Defend_G","Defend_G","Strike_G","Strike_G","Strike_G","Strike_G+1","Survivor","Neutralize+1","Cloak And Dagger","All Out Attack+1","Accuracy+1","Dash"],"relics":["Ectoplasm","Peace Pipe","Girya"],"potions_floor_usage":[7,12,16],"damage_taken":[{"damage":0,"enemies":"Cultist","floor":1,"turns":5},{"damage":0,"enemies":"2 Louse","floor":2,"turns":3},{"damage":0,"enemies":"Small Slimes","floor":4,"turns":4},{"damage":11,"enemies":"Gremlin Nob","floor":7,"turns":5},{"damage":0,"enemies":"3 Louse","floor":12,"turns":1},{"damage":50,"enemies":"Hexaghost","floor":16,"turns":8}],"seed_played":"-2930245724866357198","potions_obtained":[{"floor":4,"key":"Block Potion"},{"floor":7,"key":"Explosive Potion"},{"floor":12,"key":"Poison Potion"}],"is_trial":false,"path_per_floor":["M","M","$","M","?","R","E","R","T","$","?","M","?","?","R","B"],"character_chosen":"THE_SILENT","items_purchased":[],"campfire_rested":0,"item_purchase_floors":[],"current_hp_per_floor":[70,70,70,70,70,70,59,59,59,59,59,59,59,45,45,0],"gold":99,"neow_bonus":"BOSS_RELIC","is_prod":false,"is_daily":false,"chose_seed":false,"campfire_upgraded":2,"win_rate":0,"timestamp":1559514983,"path_taken":["M","M","$","?","?","R","E","R","T","$","?","M","?","?","R","BOSS"],"build_version":"2019-01-23","purchased_purges":0,"victory":false,"max_hp_per_floor":[70,70,70,70,70,70,70,70,70,70,70,70,70,70,70,70],"card_choices":[{"not_picked":["Outmaneuver","Quick Slash"],"picked":"Cloak And Dagger","floor":1},{"not_picked":["Flechettes","Dagger Throw","Masterful Stab"],"picked":"SKIP","floor":2},{"not_picked":["Slice","Quick Slash"],"picked":"All Out Attack","floor":4},{"not_picked":["Doppelganger","Catalyst"],"picked":"Accuracy","floor":7},{"not_picked":["Skewer","Bane"],"picked":"Dash","floor":12}],"player_experience":1042163,"relics_obtained":[{"floor":7,"key":"Peace Pipe"},{"floor":9,"key":"Girya"}],"event_choices":[{"damage_healed":0,"gold_gain":0,"player_choice":"Leave","damage_taken":0,"max_hp_gain":0,"max_hp_loss":0,"event_name":"The Cleric","floor":5,"gold_loss":0},{"cards_removed":["Strike_G"],"damage_healed":0,"gold_gain":0,"player_choice":"Forget","damage_taken":0,"max_hp_gain":0,"max_hp_loss":0,"event_name":"Living Wall","floor":11,"gold_loss":0},{"damage_healed":0,"gold_gain":0,"player_choice":"Ignored","damage_taken":0,"max_hp_gain":0,"max_hp_loss":0,"event_name":"Liars Game","floor":13,"gold_loss":0},{"damage_healed":0,"gold_gain":0,"player_choice":"Entered Light","damage_taken":14,"max_hp_gain":0,"max_hp_loss":0,"event_name":"Shining Light","floor":14,"gold_loss":0,"cards_upgraded":["Strike_G","All Out Attack"]}],"is_beta":false,"boss_relics":[],"items_purged_floors":[],"is_endless":false,"potions_floor_spawned":[4,7,12],"killed_by":"Hexaghost","ascension_level":0}