{"gold_per_floor":[112,112,112,127,48,79,79,26,26,44,44,62,62,77,77,150,150,167,117,127,138,148,148,180,191,191,191,116,38,38,38,38,115,115,127,127,143,63,63,93,93,108,108,108,108,141,141,158,158,158,158],"floor_reached":52,"playtime":3821,"items_purged":["Entrench"],"score":1756,"play_id":"45d185eb-8078-47fb-a2c2-1f28dbf1b289","local_time":"20190603075911","is_ascension_mode":true,"campfire_choices":[{"data":"Spot Weakness","floor":7.0,"key":"SMITH"},{"data":"Armaments","floor":11.0,"key":"SMITH"},{"data":"Iron Wave","floor":13.0,"key":"SMITH"},{"data":"Inflame","floor":15.0,"key":"SMITH"},{"data":"Demon Form","floor":23.0,"key":"SMITH"},{"data":"Havoc","floor":27.0,"key":"SMITH"},{"data":"Clothesline","floor":30.0,"key":"SMITH"},{"floor":32.0,"key":"REST"},{"data":"Impervious","floor":41.0,"key":"SMITH"},{"data":"Metallicize","floor":45.0,"key":"SMITH"},{"data":"Flame Barrier","floor":47.0,"key":"SMITH"},{"data":"Flame Barrier","floor":49.0,"key":"SMITH"}],"neow_cost":"NONE","seed_source_timestamp":0,"circlet_count":0,"master_deck":["AscendersBane","Bash+1","Iron Wave+1","Spot Weakness+1","Battle Trance","Headbutt","Armaments+1","Inflame+1","Reaper","Demon Form+1","Metallicize+1","Clothesline+1","Iron Wave","Havoc+1","Flame Barrier+1","Ghostly Armor","Carnage","Shrug It Off","Pummel+1","Impervious+1","Impervious","Sword Boomerang+1","Flame Barrier+1","Sword Boomerang+1"],"special_seed":0,"relics":["Burning Blood","Blood Vial","Mummified Hand","Pandora\u0027s Box","Bottled Lightning","Molten Egg 2","Velvet Choker","Potion Belt","Shuriken","Meat on the Bone"],"potions_floor_usage":[51],"damage_taken":[{"damage":4.0,"enemies":"Small Slimes","floor":1.0,"turns":4.0},{"damage":1.0,"enemies":"2 Louse","floor":4.0,"turns":4.0},{"damage":24.0,"enemies":"Gremlin Nob","floor":6.0,"turns":4.0},{"damage":0.0,"enemies":"Jaw Worm","floor":10.0,"turns":4.0},{"damage":8.0,"enemies":"Blue Slaver","floor":12.0,"turns":3.0},{"damage":1.0,"enemies":"2 Fungi Beasts","floor":14.0,"turns":4.0},{"damage":51.0,"enemies":"Hexaghost","floor":16.0,"turns":9.0},{"damage":16.0,"enemies":"Spheric Guardian","floor":18.0,"turns":4.0},{"damage":23.0,"enemies":"2 Thieves","floor":20.0,"turns":5.0},{"damage":15.0,"enemies":"Snake Plant","floor":21.0,"turns":4.0},{"damage":9.0,"enemies":"Snecko","floor":22.0,"turns":6.0},{"damage":28.0,"enemies":"Book of Stabbing","floor":24.0,"turns":6.0},{"damage":39.0,"enemies":"Cultist and Chosen","floor":25.0,"turns":7.0},{"damage":84.0,"enemies":"Automaton","floor":33.0,"turns":12.0},{"damage":35.0,"enemies":"3 Shapes","floor":35.0,"turns":5.0},{"damage":21.0,"enemies":"3 Darklings","floor":37.0,"turns":5.0},{"damage":14.0,"enemies":"Giant Head","floor":40.0,"turns":6.0},{"damage":1.0,"enemies":"Transient","floor":42.0,"turns":6.0},{"damage":69.0,"enemies":"Reptomancer","floor":46.0,"turns":6.0},{"damage":30.0,"enemies":"Writhing Mass","floor":48.0,"turns":5.0},{"damage":82.0,"enemies":"Awakened One","floor":50.0,"turns":10.0},{"damage":46,"enemies":"Time Eater","floor":51,"turns":13}],"seed_played":"5674237773408387245","potions_obtained":[{"floor":1.0,"key":"AttackPotion"},{"floor":4.0,"key":"GamblersBrew"},{"floor":14.0,"key":"SkillPotion"},{"floor":18.0,"key":"Energy Potion"},{"floor":24.0,"key":"Block Potion"},{"floor":35.0,"key":"Dexterity Potion"},{"floor":40.0,"key":"Explosive Potion"},{"floor":46.0,"key":"PowerPotion"}],"is_trial":false,"path_per_floor":["M","?","?","M","$","E","R","$","T","M","R","M","R","M","R","B",null,"M","?","M","M","M","R","E","M","T","R","$","$","R","?","R","B",null,"M","?","M","$","?","E","R","M","T","?","R","E","R","M","R","B","B",null],"character_chosen":"IRONCLAD","items_purchased":["Battle Trance","Armaments","Pummel+1","Impervious"],"campfire_rested":1,"item_purchase_floors":[5,8,29,38],"current_hp_per_floor":[70,75,75,80,80,62,62,62,62,70,70,70,70,77,77,52,73,65,65,60,69,80,80,58,47,47,47,47,47,47,47,71,12,63,60,60,72,72,72,66,66,80,80,80,80,80,80,63,63,27,29],"gold":158,"neow_bonus":"UPGRADE_CARD","is_prod":false,"is_daily":false,"chose_seed":false,"campfire_upgraded":11,"win_rate":0,"timestamp":1559563151,"path_taken":["M","?","?","M","$","E","R","?","T","M","R","?","R","M","R","BOSS","M","?","?","M","M","R","E","M","T","R","?","$","R","?","R","BOSS","M","?","M","$","?","E","R","M","T","?","R","E","R","M","R","BOSS","BOSS"],"build_version":"2019-01-23","purchased_purges":1,"victory":true,"max_hp_per_floor":[75,80,80,80,80,80,80,80,80,80,80,80,80,80,80,80,80,80,80,80,80,80,80,80,80,80,80,80,80,80,80,80,80,80,80,80,80,80,80,80,80,80,80,80,80,80,80,80,80,80,80],"card_choices":[{"not_picked":["Bloodletting","Heavy Blade"],"picked":"Iron Wave","floor":1.0},{"not_picked":["Hemokinesis","Sword Boomerang"],"picked":"Spot Weakness","floor":4.0},{"not_picked":["Entrench","Flex"],"picked":"Headbutt","floor":6.0},{"not_picked":["Sword Boomerang","Clash"],"picked":"Inflame","floor":10.0},{"not_picked":["Perfected Strike","Twin Strike","Rupture"],"picked":"SKIP","floor":12.0},{"not_picked":["Corruption","Rage"],"picked":"Reaper","floor":14.0},{"not_picked":["Exhume","Berserk"],"picked":"Demon Form","floor":16.0},{"not_picked":["Body Slam","Blood for Blood","Headbutt"],"picked":"SKIP","floor":18.0},{"not_picked":["Clothesline","Armaments+1","Searing Blow"],"picked":"SKIP","floor":20.0},{"not_picked":["Carnage","Pommel Strike","Twin Strike"],"picked":"SKIP","floor":21.0},{"not_picked":["Sword Boomerang","Clothesline+1"],"picked":"Shrug It Off","floor":22.0},{"not_picked":["Spot Weakness","Reckless Charge","Disarm"],"picked":"SKIP","floor":24.0},{"not_picked":["Twin Strike","Clash","Feel No Pain"],"picked":"SKIP","floor":25.0},{"not_picked":["Reaper+1","Barricade"],"picked":"Impervious","floor":33.0},{"not_picked":["Twin Strike+1","Havoc","Thunderclap+1"],"picked":"SKIP","floor":35.0},{"not_picked":["Wild Strike+1","Twin Strike+1","Bloodletting"],"picked":"SKIP","floor":37.0},{"not_picked":["Spot Weakness+1","Anger+1"],"picked":"Sword Boomerang+1","floor":40.0},{"not_picked":["Corruption","Warcry+1","Reckless Charge+1"],"picked":"SKIP","floor":42.0},{"not_picked":["Rampage+1","Rage"],"picked":"Flame Barrier","floor":46.0},{"not_picked":["Thunderclap+1","Fire Breathing+1"],"picked":"Sword Boomerang+1","floor":48.0}],"player_experience":546322,"relics_obtained":[{"floor":6.0,"key":"Blood Vial"},{"floor":9.0,"key":"Mummified Hand"},{"floor":24.0,"key":"Bottled Lightning"},{"floor":26.0,"key":"Molten Egg 2"},{"floor":40.0,"key":"Potion Belt"},{"floor":43.0,"key":"Shuriken"},{"floor":46.0,"key":"Meat on the Bone"}],"event_choices":[{"damage_healed":0.0,"max_hp_gain":5.0,"max_hp_loss":0.0,"gold_gain":0.0,"event_name":"Big Fish","player_choice":"Donut","floor":2.0,"gold_loss":0.0,"damage_taken":0.0},{"damage_healed":0.0,"max_hp_gain":0.0,"max_hp_loss":0.0,"gold_gain":0.0,"event_name":"The Cleric","player_choice":"Leave","floor":3.0,"gold_loss":0.0,"damage_taken":0.0},{"damage_healed":0.0,"max_hp_gain":0.0,"max_hp_loss":0.0,"gold_gain":0.0,"event_name":"The Joust","player_choice":"Bet on Owner","floor":19.0,"gold_loss":50.0,"damage_taken":0.0},{"damage_healed":0.0,"max_hp_gain":0.0,"max_hp_loss":0.0,"gold_gain":0.0,"event_name":"Back to Basics","player_choice":"Simplicity","floor":31.0,"gold_loss":0.0,"damage_taken":0.0,"cards_upgraded":[]},{"cards_removed":["Fire Breathing"],"damage_healed":0.0,"max_hp_gain":0.0,"max_hp_loss":0.0,"gold_gain":0.0,"event_name":"Falling","player_choice":"Removed Power","floor":36.0,"gold_loss":0.0,"damage_taken":0.0},{"damage_healed":0.0,"max_hp_gain":0.0,"max_hp_loss":0.0,"gold_gain":0.0,"event_name":"SensoryStone","player_choice":"Memory 1","floor":39.0,"gold_loss":0.0,"damage_taken":0.0},{"damage_healed":0.0,"max_hp_gain":0.0,"max_hp_loss":0.0,"gold_gain":0.0,"event_name":"SecretPortal","player_choice":"Ignored","floor":44.0,"gold_loss":0.0,"damage_taken":0.0}],"is_beta":false,"boss_relics":[{"not_picked":["Runic Dome","Lizard Tail"],"picked":"Pandora\u0027s Box"},{"not_picked":["Philosopher\u0027s Stone","Empty Cage"],"picked":"Velvet Choker"}],"items_purged_floors":[28],"is_endless":false,"potions_floor_spawned":[1,4,14,18,24,35,40,46],"ascension_level":20}