{"gold_per_floor":[111,121,45,45,64,64,95,95,122,135,163,213,240,251,251,325,325,344,17,17,29,29,29,62,62,85,10,10,23,23,43,43,119,119,138,138,0,0,0,0],"floor_reached":40,"playtime":2395,"items_purged":[],"score":840,"play_id":"ad90b727-9a02-4cb6-923b-490a10a32bb6","local_time":"20190602201341","is_ascension_mode":true,"campfire_choices":[{"data":"Zap","floor":6.0,"key":"SMITH"},{"data":"Fission","floor":8.0,"key":"SMITH"},{"floor":15.0,"key":"REST"},{"floor":23.0,"key":"REST"},{"floor":28.0,"key":"REST"},{"floor":32.0,"key":"REST"}],"neow_cost":"TEN_PERCENT_HP_LOSS","seed_source_timestamp":356463241846723,"circlet_count":0,"master_deck":["AscendersBane","Zap+1","Dualcast","Ball Lightning","Hologram","Genetic Algorithm","Ball Lightning","Fission+1","Sweeping Beam","Compile Driver","Defragment","Echo Form","Compile Driver","Loop","Fission","Genetic Algorithm","Glacier","White Noise","Chaos","Finesse","Conserve Battery","Steam","Steam","Streamline+1","Force Field+1","Creative AI","Coolheaded"],"special_seed":0,"relics":["Cracked Core","Calipers","Centennial Puzzle","Anchor","Question Card","Shuriken","Pandora\u0027s Box","PreservedInsect","Emotion Chip","Dream Catcher","Velvet Choker","Red Mask"],"potions_floor_usage":[35],"damage_taken":[{"damage":1.0,"enemies":"Cultist","floor":1.0,"turns":3.0},{"damage":7.0,"enemies":"Jaw Worm","floor":2.0,"turns":2.0},{"damage":4.0,"enemies":"Small Slimes","floor":5.0,"turns":3.0},{"damage":17.0,"enemies":"Lagavulin","floor":7.0,"turns":6.0},{"damage":0.0,"enemies":"2 Fungi Beasts","floor":10.0,"turns":2.0},{"damage":7.0,"enemies":"3 Sentries","floor":11.0,"turns":5.0},{"damage":15.0,"enemies":"Lagavulin","floor":13.0,"turns":6.0},{"damage":8.0,"enemies":"Blue Slaver","floor":14.0,"turns":3.0},{"damage":32.0,"enemies":"Hexaghost","floor":16.0,"turns":8.0},{"damage":9.0,"enemies":"2 Thieves","floor":18.0,"turns":3.0},{"damage":26.0,"enemies":"Colosseum Slavers","floor":20.0,"turns":7.0},{"damage":9.0,"enemies":"Shell Parasite","floor":21.0,"turns":6.0},{"damage":2.0,"enemies":"Gremlin Leader","floor":24.0,"turns":5.0},{"damage":3.0,"enemies":"Chosen and Byrds","floor":29.0,"turns":7.0},{"damage":0.0,"enemies":"Snake Plant","floor":31.0,"turns":4.0},{"damage":48.0,"enemies":"Collector","floor":33.0,"turns":11.0},{"damage":10,"enemies":"3 Shapes","floor":35,"turns":5},{"damage":55,"enemies":"Reptomancer","floor":40,"turns":2}],"seed_played":"9179850941230285006","potions_obtained":[{"floor":5.0,"key":"Regen Potion"},{"floor":11.0,"key":"LiquidBronze"},{"floor":14.0,"key":"Swift Potion"},{"floor":16.0,"key":"LiquidBronze"},{"floor":24.0,"key":"Explosive Potion"},{"floor":29.0,"key":"Energy Potion"},{"floor":33.0,"key":"Fire Potion"}],"is_trial":false,"path_per_floor":["M","M","$","$","M","R","E","R","T","M","E","?","E","M","R","B",null,"M","$","?","M","$","R","E","?","T","?","R","M","$","M","R","B",null,"M","?","?","$","?","E"],"character_chosen":"DEFECT","items_purchased":["Genetic Algorithm","PreservedInsect","Finesse","Fire Potion"],"campfire_rested":4,"item_purchase_floors":[3,19,19,19],"current_hp_per_floor":[63,56,56,56,52,52,50,50,50,50,43,43,28,20,39,7,50,41,41,15,6,6,25,23,23,23,23,42,39,39,39,58,10,51,41,41,41,41,41,0],"gold":0,"neow_bonus":"ONE_RARE_RELIC","is_prod":false,"is_daily":false,"chose_seed":false,"campfire_upgraded":2,"win_rate":0,"timestamp":1559531621,"path_taken":["M","M","?","$","?","R","E","R","T","M","E","?","E","?","R","BOSS","M","$","?","M","$","R","E","?","T","?","R","M","$","M","R","BOSS","M","?","?","$","?","E"],"build_version":"2019-06-01v2","purchased_purges":0,"victory":false,"max_hp_per_floor":[64,64,64,64,64,64,64,64,64,64,64,64,64,64,64,64,64,64,64,64,64,64,64,64,64,64,64,64,64,64,64,64,64,64,64,61,61,61,61,61],"card_choices":[{"not_picked":["Conserve Battery","FTL"],"picked":"Ball Lightning","floor":1.0},{"not_picked":["Tempest","Turbo"],"picked":"Hologram","floor":2.0},{"not_picked":["Redo","Rebound"],"picked":"Ball Lightning","floor":5.0},{"not_picked":["Gash","Storm"],"picked":"Fission","floor":7.0},{"not_picked":["Gash","Turbo"],"picked":"Sweeping Beam","floor":10.0},{"not_picked":["Barrage","Redo"],"picked":"Compile Driver","floor":11.0},{"not_picked":["Lockon","Heatsinks","Redo"],"picked":"Defragment","floor":13.0},{"not_picked":["Ball Lightning","Cold Snap","Consume","Streamline"],"picked":"SKIP","floor":14.0},{"not_picked":["Electrodynamics","Fission","All For One"],"picked":"Echo Form","floor":16.0},{"not_picked":["Consume","Lockon","Blizzard","Storm"],"picked":"SKIP","floor":18.0},{"not_picked":["Blizzard","Compile Driver","Lockon"],"picked":"Conserve Battery","floor":21.0},{"not_picked":["Reprogram","Go for the Eyes","Streamline"],"picked":"Steam","floor":24.0},{"not_picked":["Steam Power","Stack","Doom and Gloom"],"picked":"Steam","floor":28.0},{"not_picked":["Scrape","Sweeping Beam","Beam Cell"],"picked":"Streamline+1","floor":29.0},{"not_picked":["Tempest","Redo","Sweeping Beam","Melter"],"picked":"SKIP","floor":31.0},{"not_picked":["Fusion","Conserve Battery","Rebound+1"],"picked":"Force Field+1","floor":32.0},{"not_picked":["Amplify","Reboot","Multi-Cast"],"picked":"Creative AI","floor":33.0},{"not_picked":["Stack","Streamline","Conserve Battery"],"picked":"Coolheaded","floor":35}],"player_experience":1598279,"relics_obtained":[{"floor":7.0,"key":"Centennial Puzzle"},{"floor":9.0,"key":"Anchor"},{"floor":11.0,"key":"Question Card"},{"floor":13.0,"key":"Shuriken"},{"floor":24.0,"key":"Emotion Chip"}],"event_choices":[{"damage_healed":0.0,"max_hp_gain":0.0,"max_hp_loss":0.0,"gold_gain":50.0,"event_name":"Golden Shrine","player_choice":"Pray","floor":12.0,"gold_loss":0.0,"damage_taken":0.0},{"damage_healed":0.0,"max_hp_gain":0.0,"max_hp_loss":0.0,"gold_gain":0.0,"event_name":"Colosseum","player_choice":"Fight","floor":20.0,"gold_loss":0.0,"damage_taken":0.0},{"damage_healed":0.0,"max_hp_gain":0.0,"max_hp_loss":0.0,"gold_gain":0.0,"event_name":"Colosseum","player_choice":"Fled From Nobs","floor":20.0,"gold_loss":0.0,"damage_taken":0.0},{"damage_healed":0.0,"max_hp_gain":0.0,"max_hp_loss":0.0,"gold_gain":0.0,"event_name":"Addict","player_choice":"Stole Relic","floor":25.0,"gold_loss":0.0,"damage_taken":0.0,"relics_obtained":["Dream Catcher"],"cards_obtained":["Shame"]},{"cards_removed":["Shame"],"damage_healed":0.0,"max_hp_gain":0.0,"max_hp_loss":0.0,"gold_gain":0.0,"event_name":"Beggar","player_choice":"Gave Gold","floor":27.0,"gold_loss":75.0,"damage_taken":0.0},{"damage_healed":0,"gold_gain":0,"player_choice":"Max HP","damage_taken":0,"max_hp_gain":0,"max_hp_loss":3,"event_name":"Winding Halls","floor":36,"gold_loss":0},{"damage_healed":0,"gold_gain":0,"player_choice":"Paid","damage_taken":0,"relics_obtained":["Red Mask"],"max_hp_gain":0,"max_hp_loss":0,"event_name":"Tomb of Lord Red Mask","floor":37,"gold_loss":138},{"cards_removed":["All For One"],"damage_healed":0,"gold_gain":0,"player_choice":"Removed Attack","damage_taken":0,"max_hp_gain":0,"max_hp_loss":0,"event_name":"Falling","floor":39,"gold_loss":0}],"is_beta":true,"boss_relics":[{"not_picked":["White Beast Statue","Ectoplasm"],"picked":"Pandora\u0027s Box"},{"not_picked":["Black Star","Orrery"],"picked":"Velvet Choker"}],"items_purged_floors":[],"is_endless":false,"potions_floor_spawned":[5,11,14,16,24,29,33],"killed_by":"Reptomancer","ascension_level":20}