{"gold_per_floor":[118,129,109,124,134,134,134,161,235,247,279,279,290,317,317,317],"floor_reached":16,"playtime":806,"items_purged":[],"score":134,"play_id":"7e99d5e6-32e4-4159-9107-8c3901c85d1d","local_time":"20181126032746","is_ascension_mode":true,"campfire_choices":[{"data":"Zap","floor":6,"key":"SMITH"},{"floor":12,"key":"REST"},{"floor":15,"key":"REST"}],"neow_cost":"NONE","seed_source_timestamp":166944011240763,"circlet_count":0,"master_deck":["Strike_B","Strike_B","Strike_B","Strike_B","Defend_B","Defend_B","Defend_B","Defend_B","Zap+1","Dualcast","Coolheaded","Chill","Darkness","Go for the Eyes","Creative AI","Redo","Static Discharge","Leap","Sweeping Beam+1"],"relics":["Cracked Core","NeowsBlessing","Du-Vu Doll","Molten Egg 2","PreservedInsect","Shuriken"],"potions_floor_usage":[8,16],"damage_taken":[{"damage":0,"enemies":"Jaw Worm","floor":1,"turns":1},{"damage":0,"enemies":"Cultist","floor":2,"turns":1},{"damage":0,"enemies":"2 Louse","floor":4,"turns":1},{"damage":10,"enemies":"Exordium Wildlife","floor":5,"turns":5},{"damage":11,"enemies":"3 Sentries","floor":8,"turns":8},{"damage":6,"enemies":"2 Fungi Beasts","floor":10,"turns":5},{"damage":28,"enemies":"Gremlin Nob","floor":11,"turns":5},{"damage":13,"enemies":"Exordium Thugs","floor":13,"turns":5},{"damage":6,"enemies":"Lagavulin","floor":14,"turns":6},{"damage":0,"enemies":"The Guardian","floor":16,"turns":2}],"seed_played":"-6439310245183317456","potions_obtained":[{"floor":2,"key":"EntropicBrew"},{"floor":3,"key":"LiquidBronze"},{"floor":4,"key":"Regen Potion"},{"floor":10,"key":"Dexterity Potion"},{"floor":14,"key":"Regen Potion"}],"is_trial":false,"path_per_floor":["M","M","?","M","M","R","?","E","T","M","E","R","M","E","R","B"],"character_chosen":"DEFECT","items_purchased":[],"campfire_rested":2,"item_purchase_floors":[],"current_hp_per_floor":[75,75,75,75,65,65,65,68,68,62,34,56,43,37,59,59],"gold":317,"neow_bonus":"THREE_ENEMY_KILL","is_prod":false,"is_daily":false,"chose_seed":false,"campfire_upgraded":1,"win_rate":0,"timestamp":1543192066,"path_taken":["M","M","?","?","M","R","?","E","T","M","E","R","M","E","R","BOSS"],"build_version":"2018-11-15","purchased_purges":0,"victory":false,"max_hp_per_floor":[75,75,75,75,75,75,75,75,75,75,75,75,75,75,75,75],"card_choices":[{"not_picked":["Streamline","Gash"],"picked":"Coolheaded","floor":1},{"not_picked":["Beam Cell","Sunder"],"picked":"Chill","floor":2},{"not_picked":["Aggregate","Beam Cell"],"picked":"Darkness","floor":4},{"not_picked":["Force Field","Ball Lightning"],"picked":"Go for the Eyes","floor":5},{"not_picked":["Hello World","Stack"],"picked":"Creative AI","floor":8},{"not_picked":["Hologram","Loop"],"picked":"Redo","floor":10},{"not_picked":["FTL+1","Ball Lightning+1"],"picked":"Static Discharge","floor":11},{"not_picked":["Double Energy","Beam Cell+1"],"picked":"Leap","floor":13},{"not_picked":["Redo","Fusion"],"picked":"Sweeping Beam+1","floor":14}],"player_experience":395054,"relics_obtained":[{"floor":8,"key":"Du-Vu Doll"},{"floor":9,"key":"Molten Egg 2"},{"floor":11,"key":"PreservedInsect"},{"floor":14,"key":"Shuriken"}],"event_choices":[{"damage_healed":0,"gold_gain":0,"player_choice":"Bought 1 Potion","damage_taken":0,"max_hp_gain":0,"max_hp_loss":0,"event_name":"The Woman in Blue","floor":3,"gold_loss":0},{"damage_healed":0,"gold_gain":0,"player_choice":"Searched \u00270\u0027 times","damage_taken":0,"max_hp_gain":0,"max_hp_loss":0,"event_name":"Dead Adventurer","floor":7,"gold_loss":0}],"is_beta":false,"boss_relics":[],"items_purged_floors":[],"is_endless":false,"potions_floor_spawned":[2,4,10,13,14],"killed_by":"The Guardian","ascension_level":2}