{"gold_per_floor":[117,292,292,217,217,244,262,272,272,272,303,303,331,331,331,434,434,453,465,564,564,582,582,596,631,631,478,506,506,539,554,554,554],"floor_reached":33,"playtime":2286,"items_purged":["Doubt","Pain"],"score":429,"play_id":"a0b10c93-0c49-48d1-aea8-7eaa1231c23d","local_time":"20181102221304","is_ascension_mode":true,"campfire_choices":[{"data":"Perfected Strike","floor":12,"key":"SMITH"},{"floor":15,"key":"REST"},{"data":"Perfected Strike","floor":23,"key":"SMITH"},{"floor":32,"key":"REST"}],"neow_cost":"NONE","seed_source_timestamp":586384208269166,"circlet_count":0,"master_deck":["Strike_R","Strike_R","Strike_R","Strike_R","Strike_R","Defend_R","Bash","Inflame","Double Tap","Perfected Strike+1","Perfected Strike+1","Flex","Seeing Red","Exhume","Rupture+1","Pommel Strike+1","Demon Form+1","Clash+1","Bloodletting","Offering","Pommel Strike","Clash","Pommel Strike","Inflame"],"relics":["Burning Blood","Pantograph","Bag of Preparation","Art of War","Dream Catcher","Singing Bowl","Meat on the Bone","WarpedTongs","Astrolabe","FaceOfCleric","Peace Pipe","Dodecahedron","The Courier","Matryoshka"],"potions_floor_usage":[6,6,11,25,25,29,31,33],"damage_taken":[{"damage":8,"enemies":"2 Louse","floor":1,"turns":3},{"damage":20,"enemies":"3 Sentries","floor":6,"turns":6},{"damage":3,"enemies":"Small Slimes","floor":7,"turns":3},{"damage":0,"enemies":"Cultist","floor":8,"turns":2},{"damage":15,"enemies":"Lagavulin","floor":11,"turns":5},{"damage":25,"enemies":"3 Sentries","floor":13,"turns":6},{"damage":83,"enemies":"Hexaghost","floor":16,"turns":9},{"damage":17,"enemies":"Chosen","floor":18,"turns":2},{"damage":5,"enemies":"Spheric Guardian","floor":19,"turns":1},{"damage":24,"enemies":"Snecko","floor":22,"turns":3},{"damage":25,"enemies":"3 Cultists","floor":24,"turns":4},{"damage":34,"enemies":"Gremlin Leader","floor":25,"turns":7},{"damage":41,"enemies":"Book of Stabbing","floor":28,"turns":3},{"damage":9,"enemies":"Cultist and Chosen","floor":29,"turns":1},{"damage":27,"enemies":"Gremlin Leader","floor":30,"turns":4},{"damage":19,"enemies":"Chosen and Byrds","floor":31,"turns":4},{"damage":97,"enemies":"Collector","floor":33,"turns":6}],"seed_played":"5342134927486075696","potions_obtained":[{"floor":1,"key":"Explosive Potion"},{"floor":5,"key":"Strength Potion"},{"floor":5,"key":"SmokeBomb"},{"floor":6,"key":"Weak Potion"},{"floor":7,"key":"SteroidPotion"},{"floor":22,"key":"GamblersBrew"},{"floor":25,"key":"SpeedPotion"},{"floor":30,"key":"Regen Potion"},{"floor":31,"key":"Strength Potion"}],"is_trial":false,"path_per_floor":["M","?","?","$","?","E","M","M","T","T","E","R","E","?","R","B",null,"M","M","?","?","M","R","M","E","T","$","E","M","E","M","R","B"],"character_chosen":"IRONCLAD","items_purchased":["Pommel Strike"],"campfire_rested":2,"item_purchase_floors":[27],"current_hp_per_floor":[86,86,68,68,68,54,57,63,63,63,54,54,37,37,64,24,74,65,68,68,68,63,63,57,42,42,42,20,30,24,36,66,0],"gold":554,"neow_bonus":"TEN_PERCENT_HP_BONUS","is_prod":false,"is_daily":false,"chose_seed":false,"campfire_upgraded":2,"win_rate":0,"timestamp":1541218384,"path_taken":["M","?","?","$","?","E","M","?","T","?","E","R","E","?","R","BOSS","M","?","?","?","?","R","M","E","T","$","E","M","E","M","R","BOSS"],"build_version":"2018-11-01","purchased_purges":2,"victory":false,"max_hp_per_floor":[88,88,88,88,88,88,88,88,88,88,88,88,90,90,90,90,90,92,94,94,94,95,95,96,97,97,97,98,99,102,103,103,103],"card_choices":[{"not_picked":["Rage","Warcry"],"picked":"Inflame","floor":1},{"not_picked":["Havoc","Rupture"],"picked":"Double Tap","floor":6},{"not_picked":["Iron Wave","Cleave"],"picked":"Perfected Strike","floor":7},{"not_picked":["Second Wind","Metallicize"],"picked":"Perfected Strike","floor":8},{"not_picked":["Sentinel","Armaments"],"picked":"Flex","floor":11},{"not_picked":["Corruption","Combust","Bludgeon"],"picked":"Singing Bowl","floor":13},{"not_picked":["Sword Boomerang","Metallicize"],"picked":"Seeing Red","floor":15},{"not_picked":["Brutality","Fiend Fire"],"picked":"Exhume","floor":16},{"not_picked":["Ghostly Armor","Rage+1","Body Slam+1"],"picked":"Singing Bowl","floor":18},{"not_picked":["Disarm+1","Flame Barrier+1","Hemokinesis"],"picked":"Singing Bowl","floor":19},{"not_picked":["Spot Weakness","Twin Strike"],"picked":"Clash+1","floor":22},{"not_picked":["Sever Soul","Iron Wave+1"],"picked":"Bloodletting","floor":24},{"not_picked":["Intimidate","Heavy Blade+1"],"picked":"Offering","floor":25},{"not_picked":["Inflame","Shrug It Off+1"],"picked":"Clash","floor":28},{"not_picked":["Spot Weakness","Ghostly Armor+1","Sword Boomerang"],"picked":"Singing Bowl","floor":30},{"not_picked":["Entrench+1","Heavy Blade"],"picked":"Pommel Strike","floor":31},{"not_picked":["Dropkick","Anger"],"picked":"Inflame","floor":32}],"player_experience":225946,"relics_obtained":[{"floor":6,"key":"Bag of Preparation"},{"floor":9,"key":"Art of War"},{"floor":10,"key":"Dream Catcher"},{"floor":11,"key":"Singing Bowl"},{"floor":13,"key":"Meat on the Bone"},{"floor":25,"key":"Peace Pipe"},{"floor":26,"key":"Dodecahedron"},{"floor":28,"key":"The Courier"},{"floor":30,"key":"Matryoshka"}],"event_choices":[{"damage_healed":0,"gold_gain":175,"player_choice":"AGREE","damage_taken":0,"max_hp_gain":0,"max_hp_loss":0,"event_name":"Liars Game","floor":2,"gold_loss":0,"cards_obtained":["Doubt"]},{"damage_healed":0,"gold_gain":0,"player_choice":"Success","damage_taken":18,"relics_obtained":["Pantograph"],"max_hp_gain":0,"max_hp_loss":0,"event_name":"Scrap Ooze","floor":3,"gold_loss":0},{"damage_healed":0,"gold_gain":0,"player_choice":"Got Potions","damage_taken":0,"max_hp_gain":0,"max_hp_loss":0,"event_name":"Lab","floor":5,"gold_loss":0},{"damage_healed":0,"gold_gain":0,"player_choice":"Rummage","damage_taken":0,"relics_obtained":["WarpedTongs"],"max_hp_gain":0,"max_hp_loss":0,"event_name":"Accursed Blacksmith","floor":14,"gold_loss":0,"cards_obtained":["Pain"]},{"damage_healed":0,"gold_gain":99,"player_choice":"Stole From Cult","damage_taken":0,"max_hp_gain":0,"max_hp_loss":0,"event_name":"Nest","floor":20,"gold_loss":0},{"damage_healed":0,"gold_gain":0,"player_choice":"Trade","damage_taken":0,"relics_obtained":["FaceOfCleric"],"max_hp_gain":0,"max_hp_loss":0,"event_name":"FaceTrader","floor":21,"gold_loss":0}],"is_beta":false,"boss_relics":[{"not_picked":["Runic Cube","Fusion Hammer"],"picked":"Astrolabe"}],"items_purged_floors":[4,27],"is_endless":false,"potions_floor_spawned":[1,6,7,22,25,30,31],"killed_by":"Collector","ascension_level":5}