{"gold_per_floor":[112,125,0,0,14,49,49,62,132,132,167,167,167,192,192,287,287,304,304,314,1,1,31,31,63,75,87,117,129,171,183,195,311,323,348,360,11,11,24,54,54,83,83,98,22,53,153,166,166,166],"floor_reached":51,"playtime":3728,"items_purged":["Regret","Strike_G"],"score":927,"play_id":"5bd84406-271a-42e2-acf0-de8cf4ccf24a","local_time":"20190126025409","is_ascension_mode":true,"campfire_choices":[{"floor":7.0,"key":"DIG"},{"floor":10.0,"key":"DIG"},{"floor":12.0,"key":"REST"},{"data":"Noxious Fumes","floor":15,"key":"SMITH"},{"floor":24,"key":"REST"},{"floor":27,"key":"DIG"},{"floor":29,"key":"REST"},{"floor":32,"key":"DIG"},{"floor":41,"key":"DIG"},{"floor":49,"key":"DIG"}],"neow_cost":"CURSE","seed_source_timestamp":39935544926394,"circlet_count":0,"master_deck":["Defend_G","Defend_G+1","Defend_G","Defend_G","Defend_G","Strike_G","Strike_G","Strike_G","Strike_G","Survivor","Neutralize","Finesse","Discovery","Noxious Fumes+1","Deadly Poison+1","Dodge and Roll","Blur","PiercingWail","Backflip","Burst","Backstab","Bouncing Flask+1","Noxious Fumes+1","After Image","Footwork","Apotheosis","Footwork","Cloak And Dagger","Backflip+1","Noxious Fumes+1","Escape Plan"],"special_seed":0,"relics":["Ring of the Snake","Shovel","Bag of Marbles","Singing Bowl","Paper Crane","Darkstone Periapt","Snake Skull","Eternal Feather","Calipers","Pen Nib","MawBank","Ninja Scroll","PreservedInsect","The Specimen","Pear","Fusion Hammer","CultistMask","Ornamental Fan","Anchor","War Paint","Letter Opener","Ancient Tea Set","Happy Flower"],"potions_floor_usage":[18,18,23,33,38,39,42,46,50],"damage_taken":[{"damage":1.0,"enemies":"Jaw Worm","floor":1.0,"turns":3.0},{"damage":3.0,"enemies":"Cultist","floor":2.0,"turns":4.0},{"damage":0.0,"enemies":"2 Louse","floor":5.0,"turns":4.0},{"damage":17.0,"enemies":"Lagavulin","floor":6.0,"turns":8.0},{"damage":0.0,"enemies":"2 Fungi Beasts","floor":8.0,"turns":4.0},{"damage":13.0,"enemies":"3 Sentries","floor":11.0,"turns":8.0},{"damage":14.0,"enemies":"Gremlin Nob","floor":14.0,"turns":4.0},{"damage":30,"enemies":"Hexaghost","floor":16,"turns":11},{"damage":0,"enemies":"3 Byrds","floor":18,"turns":5},{"damage":17,"enemies":"Shell Parasite","floor":20,"turns":8},{"damage":39,"enemies":"Slavers","floor":23,"turns":8},{"damage":18,"enemies":"Book of Stabbing","floor":25,"turns":5},{"damage":15,"enemies":"Snake Plant","floor":28,"turns":6},{"damage":4,"enemies":"Slavers","floor":30,"turns":4},{"damage":55,"enemies":"Automaton","floor":33,"turns":8},{"damage":2,"enemies":"Orb Walker","floor":35,"turns":3},{"damage":3,"enemies":"3 Darklings","floor":38,"turns":2},{"damage":8,"enemies":"Spire Growth","floor":39,"turns":5},{"damage":0,"enemies":"Reptomancer","floor":40,"turns":5},{"damage":14,"enemies":"Nemesis","floor":42,"turns":7},{"damage":2,"enemies":"Jaw Worm Horde","floor":44,"turns":5},{"damage":2,"enemies":"Reptomancer","floor":46,"turns":6},{"damage":0,"enemies":"4 Shapes","floor":48,"turns":3},{"damage":0,"enemies":"Donu and Deca","floor":50,"turns":9}],"seed_played":"-2204124950062218377","potions_obtained":[{"floor":8.0,"key":"Energy Potion"},{"floor":11.0,"key":"Poison Potion"},{"floor":16,"key":"Swift Potion"},{"floor":20,"key":"EssenceOfSteel"},{"floor":23,"key":"FairyPotion"},{"floor":30,"key":"Explosive Potion"},{"floor":33,"key":"SmokeBomb"},{"floor":35,"key":"Regen Potion"},{"floor":40,"key":"AttackPotion"},{"floor":42,"key":"Weak Potion"},{"floor":44,"key":"LiquidBronze"}],"is_trial":false,"path_per_floor":["M","M","$","?","M","E","R","M","T","R","E","R","?","E","R","B",null,"M","?","M","$","?","E","R","E","T","R","M","R","E","?","R","B",null,"M","?","$","M","M","E","R","E","T","M","$","E","?","M","R","B",null],"character_chosen":"THE_SILENT","items_purchased":["Deadly Poison","Calipers","Footwork","Apotheosis","Escape Plan"],"campfire_rested":3,"item_purchase_floors":[3,21,37,37,45],"current_hp_per_floor":[69,66,66,66,66,49,49,49,49,49,36,57,57,45,45,15,72,74,74,59,59,59,20,54,36,36,48,35,70,68,68,90,35,90,90,90,90,87,89,89,92,78,78,76,76,76,76,78,96,96],"gold":166,"neow_bonus":"RANDOM_COLORLESS_2","is_prod":false,"is_daily":false,"chose_seed":false,"campfire_upgraded":1,"win_rate":0,"timestamp":1548460449,"path_taken":["M","M","$","?","M","E","R","?","T","R","E","R","?","E","R","BOSS","M","?","M","$","?","E","R","E","T","R","M","R","E","?","R","BOSS","M","?","$","?","M","E","R","E","T","M","$","E","?","M","R","BOSS"],"build_version":"2019-01-23","purchased_purges":2,"victory":true,"max_hp_per_floor":[70,70,70,70,70,70,70,70,70,70,70,70,70,72,72,72,72,74,74,76,76,76,76,76,76,76,76,78,78,80,80,90,90,90,92,92,92,92,92,92,92,92,92,92,92,94,94,96,96,96],"card_choices":[{"not_picked":["Acrobatics","Deflect"],"picked":"Noxious Fumes","floor":1.0},{"not_picked":["Blade Dance","Terror","Skewer"],"picked":"SKIP","floor":2.0},{"not_picked":["Sucker Punch","Prepared"],"picked":"Dodge and Roll","floor":5.0},{"not_picked":["Expertise","Underhanded Strike"],"picked":"Blur","floor":6.0},{"not_picked":["Flechettes","Flying Knee"],"picked":"PiercingWail","floor":8.0},{"not_picked":["Deadly Poison","PiercingWail"],"picked":"Backflip","floor":11.0},{"not_picked":["Flechettes","Skewer","Flying Knee"],"picked":"Singing Bowl","floor":14.0},{"not_picked":["Doppelganger","Grand Finale"],"picked":"Burst","floor":16},{"not_picked":["Acrobatics","Slice","Sucker Punch"],"picked":"Singing Bowl","floor":18},{"not_picked":["Acrobatics","Distraction","Concentrate+1"],"picked":"Singing Bowl","floor":20},{"not_picked":["Riddle With Holes+1","Predator"],"picked":"Bouncing Flask+1","floor":23},{"not_picked":["Distraction","After Image"],"picked":"Noxious Fumes+1","floor":25},{"not_picked":["Masterful Stab","Backflip","Prepared"],"picked":"Singing Bowl","floor":28},{"not_picked":["PiercingWail","Flechettes+1","Predator"],"picked":"Singing Bowl","floor":30},{"not_picked":["Doppelganger","Storm of Steel"],"picked":"After Image","floor":33},{"not_picked":["Deflect","Quick Slash","Heel Hook"],"picked":"Singing Bowl","floor":35},{"not_picked":["Dagger Throw","Escape Plan"],"picked":"Footwork","floor":39},{"not_picked":["Night Terror","Flying Knee"],"picked":"Cloak And Dagger","floor":40},{"not_picked":["Quick Slash+1","Sucker Punch+1"],"picked":"Backflip+1","floor":42},{"not_picked":["Footwork","Underhanded Strike"],"picked":"Noxious Fumes+1","floor":44},{"not_picked":["Predator","All Out Attack+1","Deflect"],"picked":"Singing Bowl","floor":46},{"not_picked":["Poisoned Stab+1","Underhanded Strike+1","Dagger Throw"],"picked":"Singing Bowl","floor":48}],"player_experience":586465,"relics_obtained":[{"floor":6.0,"key":"Shovel"},{"floor":7.0,"key":"Bag of Marbles"},{"floor":9.0,"key":"Singing Bowl"},{"floor":10.0,"key":"Paper Crane"},{"floor":11.0,"key":"Darkstone Periapt"},{"floor":14.0,"key":"Snake Skull"},{"floor":23,"key":"Pen Nib"},{"floor":25,"key":"MawBank"},{"floor":26,"key":"Ninja Scroll"},{"floor":27,"key":"PreservedInsect"},{"floor":30,"key":"The Specimen"},{"floor":32,"key":"Pear"},{"floor":40,"key":"Ornamental Fan"},{"floor":41,"key":"Anchor"},{"floor":42,"key":"War Paint"},{"floor":43,"key":"Letter Opener"},{"floor":46,"key":"Ancient Tea Set"},{"floor":49,"key":"Happy Flower"}],"event_choices":[{"damage_healed":0.0,"max_hp_gain":0.0,"max_hp_loss":0.0,"gold_gain":0.0,"event_name":"NoteForYourself","player_choice":"Ignored","floor":4.0,"gold_loss":0.0,"damage_taken":0.0},{"damage_healed":0.0,"max_hp_gain":0.0,"max_hp_loss":0.0,"gold_gain":0.0,"event_name":"Golden Idol","player_choice":"Ignored","floor":13.0,"gold_loss":0.0,"damage_taken":0.0},{"damage_healed":0,"gold_gain":0,"player_choice":"Read","damage_taken":0,"max_hp_gain":0,"max_hp_loss":0,"event_name":"The Library","floor":19,"gold_loss":0,"cards_obtained":["Backstab"]},{"damage_healed":0,"gold_gain":0,"player_choice":"Ignored","damage_taken":0,"max_hp_gain":0,"max_hp_loss":0,"event_name":"Ghosts","floor":22,"gold_loss":0},{"damage_healed":0,"gold_gain":0,"player_choice":"Ignored","damage_taken":0,"max_hp_gain":0,"max_hp_loss":0,"event_name":"Vampires","floor":31,"gold_loss":0},{"damage_healed":0,"gold_gain":0,"player_choice":"Trade","damage_taken":0,"relics_obtained":["CultistMask"],"max_hp_gain":0,"max_hp_loss":0,"event_name":"FaceTrader","floor":36,"gold_loss":0},{"damage_healed":0,"gold_gain":100,"player_choice":"Pray","damage_taken":0,"max_hp_gain":0,"max_hp_loss":0,"event_name":"Golden Shrine","floor":47,"gold_loss":0}],"is_beta":false,"boss_relics":[{"not_picked":["White Beast Statue","Runic Pyramid"],"picked":"Eternal Feather"},{"not_picked":["Lizard Tail","Calling Bell"],"picked":"Fusion Hammer"}],"items_purged_floors":[3,37],"is_endless":false,"potions_floor_spawned":[8,11,16,20,23,30,33,35,40,42,44],"ascension_level":1}