{"gold_per_floor":[112,127,202,219,231,231,264,284,284,310,29,45,78,96,96,196,196,214,314,589,93,106,106,137,156,204,224,249,249,284,302,302,406,406,419,439,522,573,587,587,600,600,600,617,617],"floor_reached":45,"playtime":2233,"items_purged":["Defend_R","Regret"],"score":789,"play_id":"f635cf4a-6dbf-4799-ac2b-8e8e65c08fe5","local_time":"20181111111749","is_ascension_mode":true,"campfire_choices":[{"data":"Perfected Strike","floor":6,"key":"SMITH"},{"floor":15,"key":"REST"},{"data":"Perfected Strike","floor":23,"key":"SMITH"},{"floor":29,"key":"REST"},{"floor":32,"key":"REST"},{"data":"Double Tap","floor":40,"key":"SMITH"},{"floor":42,"key":"REST"}],"neow_cost":"PERCENT_DAMAGE","seed_source_timestamp":158090307184908,"circlet_count":0,"master_deck":["Strike_R","Strike_R","Strike_R","Strike_R","Strike_R","Defend_R","Bash","Wild Strike","Perfected Strike+1","Clash","Battle Trance","Clash","Offering","Clash","Pommel Strike","Double Tap+1","Clash","Perfected Strike+1","Evolve","Warcry+1","Double Tap","Perfected Strike+1","Wild Strike","Perfected Strike","Battle Trance+1","Pommel Strike","Clash"],"relics":["Burning Blood","Shuriken","Question Card","Darkstone Periapt","Medical Kit","Dodecahedron","Busted Crown","Ice Cream","Mummified Hand","Pen Nib","ClockworkSouvenir","Omamori","Strawberry","Shovel","Paper Frog","Orrery","Tiny Chest","Prayer Wheel","The Courier"],"potions_floor_usage":[5,13,16,28,28,33,36,39,45,45],"damage_taken":[{"damage":3,"enemies":"2 Louse","floor":1,"turns":3},{"damage":12,"enemies":"Jaw Worm","floor":2,"turns":2},{"damage":0,"enemies":"Cultist","floor":4,"turns":2},{"damage":3,"enemies":"Blue Slaver","floor":5,"turns":2},{"damage":15,"enemies":"3 Sentries","floor":7,"turns":4},{"damage":0,"enemies":"Large Slime","floor":8,"turns":3},{"damage":5,"enemies":"Gremlin Nob","floor":10,"turns":3},{"damage":6,"enemies":"Looter","floor":12,"turns":2},{"damage":26,"enemies":"Lagavulin","floor":13,"turns":3},{"damage":6,"enemies":"3 Louse","floor":14,"turns":1},{"damage":51,"enemies":"The Guardian","floor":16,"turns":5},{"damage":17,"enemies":"2 Thieves","floor":18,"turns":2},{"damage":16,"enemies":"Colosseum Slavers","floor":19,"turns":3},{"damage":24,"enemies":"Colosseum Nobs","floor":19,"turns":3},{"damage":7,"enemies":"3 Byrds","floor":22,"turns":3},{"damage":15,"enemies":"Book of Stabbing","floor":24,"turns":2},{"damage":12,"enemies":"Cultist and Chosen","floor":25,"turns":2},{"damage":6,"enemies":"Snake Plant","floor":27,"turns":1},{"damage":6,"enemies":"Gremlin Leader","floor":28,"turns":2},{"damage":36,"enemies":"Book of Stabbing","floor":30,"turns":3},{"damage":6,"enemies":"Centurion and Healer","floor":31,"turns":2},{"damage":19,"enemies":"Champ","floor":33,"turns":3},{"damage":21,"enemies":"3 Shapes","floor":35,"turns":2},{"damage":18,"enemies":"3 Darklings","floor":36,"turns":2},{"damage":25,"enemies":"2 Orb Walkers","floor":38,"turns":3},{"damage":0,"enemies":"Sphere and 2 Shapes","floor":39,"turns":1},{"damage":37,"enemies":"4 Shapes","floor":41,"turns":3},{"damage":12,"enemies":"Jaw Worm Horde","floor":44,"turns":2},{"damage":36,"enemies":"Reptomancer","floor":45,"turns":2}],"seed_played":"483215688876284189","potions_obtained":[{"floor":2,"key":"Energy Potion"},{"floor":10,"key":"Regen Potion"},{"floor":12,"key":"EssenceOfSteel"},{"floor":14,"key":"BloodPotion"},{"floor":22,"key":"Energy Potion"},{"floor":27,"key":"Regen Potion"},{"floor":28,"key":"SmokeBomb"},{"floor":30,"key":"Fire Potion"},{"floor":33,"key":"Regen Potion"},{"floor":35,"key":"SpeedPotion"},{"floor":41,"key":"SpeedPotion"}],"is_trial":false,"path_per_floor":["M","M","?","M","M","R","E","M","T","E","$","M","E","M","R","B",null,"M","?","?","$","M","R","E","M","T","M","E","R","E","M","R","B",null,"M","M","T","?","M","R","M","R","T","M","E"],"character_chosen":"IRONCLAD","items_purchased":["Medical Kit","Perfected Strike","Pen Nib","ClockworkSouvenir"],"campfire_rested":4,"item_purchase_floors":[11,21,21,21],"current_hp_per_floor":[54,48,37,43,46,46,37,43,43,44,44,44,33,33,57,20,65,54,26,32,32,31,31,22,16,23,23,28,55,25,25,52,39,80,65,58,58,39,45,45,14,41,41,35,0],"gold":617,"neow_bonus":"REMOVE_TWO","is_prod":false,"is_daily":false,"chose_seed":false,"campfire_upgraded":3,"win_rate":0,"timestamp":1541953069,"path_taken":["M","M","?","M","M","R","E","M","T","E","$","M","E","M","R","BOSS","M","?","?","$","M","R","E","M","T","M","E","R","E","M","R","BOSS","M","M","?","?","M","R","M","R","T","M","E"],"build_version":"2018-11-08","purchased_purges":2,"victory":false,"max_hp_per_floor":[80,80,80,80,80,80,80,80,80,80,80,80,80,80,80,80,80,80,80,86,86,86,86,86,86,93,93,93,93,93,93,93,93,93,93,93,93,93,93,93,93,93,93,93,93],"card_choices":[{"not_picked":["Warcry","Flex"],"picked":"Wild Strike","floor":1},{"not_picked":["Warcry","Wild Strike"],"picked":"Perfected Strike","floor":2},{"not_picked":["Wild Strike","Sever Soul"],"picked":"Clash","floor":4},{"not_picked":["Havoc","Body Slam","Anger"],"picked":"SKIP","floor":5},{"not_picked":["Anger","Bludgeon","Cleave"],"picked":"SKIP","floor":7},{"not_picked":["Hemokinesis","Iron Wave"],"picked":"Battle Trance","floor":8},{"not_picked":["Havoc","Flex","Entrench"],"picked":"Clash","floor":10},{"not_picked":["Anger","Clothesline","Warcry"],"picked":"Offering","floor":12},{"not_picked":["Dropkick","Body Slam","True Grit"],"picked":"Clash","floor":13},{"not_picked":["Searing Blow","Clothesline","Cleave"],"picked":"Pommel Strike","floor":14},{"not_picked":["Fiend Fire","Berserk","Offering"],"picked":"Double Tap","floor":16},{"not_picked":["Warcry","Thunderclap"],"picked":"SKIP","floor":18},{"not_picked":["Searing Blow+1"],"picked":"Clash","floor":19},{"not_picked":["Body Slam"],"picked":"Evolve","floor":22},{"not_picked":["Iron Wave"],"picked":"Warcry+1","floor":24},{"not_picked":["Anger+1","Clothesline+1"],"picked":"SKIP","floor":25},{"not_picked":["Iron Wave","Combust"],"picked":"SKIP","floor":27},{"not_picked":["Shockwave","Limit Break"],"picked":"SKIP","floor":28},{"not_picked":["Uppercut","Combust"],"picked":"SKIP","floor":30},{"not_picked":["Sentinel","Warcry"],"picked":"SKIP","floor":31},{"not_picked":["Limit Break"],"picked":"Double Tap","floor":33},{"not_picked":["Body Slam"],"picked":"Perfected Strike+1","floor":34},{"not_picked":["Ghostly Armor+1","Rampage"],"picked":"SKIP","floor":35},{"not_picked":["Whirlwind+1"],"picked":"Wild Strike","floor":36},{"not_picked":["Reaper"],"picked":"Perfected Strike","floor":38},{"not_picked":["Cleave"],"picked":"Battle Trance+1","floor":39},{"not_picked":["Whirlwind","Havoc+1"],"picked":"SKIP","floor":39},{"not_picked":["Body Slam+1"],"picked":"Pommel Strike","floor":41},{"not_picked":["Sword Boomerang","Carnage+1"],"picked":"SKIP","floor":41},{"not_picked":["Sword Boomerang"],"picked":"Clash","floor":44},{"not_picked":["Clothesline","Dark Embrace"],"picked":"SKIP","floor":44}],"player_experience":243849,"relics_obtained":[{"floor":7,"key":"Shuriken"},{"floor":9,"key":"Question Card"},{"floor":10,"key":"Darkstone Periapt"},{"floor":13,"key":"Dodecahedron"},{"floor":19,"key":"Ice Cream"},{"floor":19,"key":"Mummified Hand"},{"floor":24,"key":"Omamori"},{"floor":26,"key":"Strawberry"},{"floor":28,"key":"Shovel"},{"floor":30,"key":"Paper Frog"},{"floor":37,"key":"Tiny Chest"},{"floor":38,"key":"Prayer Wheel"},{"floor":43,"key":"The Courier"}],"event_choices":[{"damage_healed":0,"gold_gain":75,"player_choice":"Gather Gold","damage_taken":11,"max_hp_gain":0,"max_hp_loss":0,"event_name":"World of Goop","floor":3,"gold_loss":0},{"damage_healed":0,"gold_gain":0,"player_choice":"Fight","damage_taken":0,"max_hp_gain":0,"max_hp_loss":0,"event_name":"Colosseum","floor":19,"gold_loss":0},{"damage_healed":0,"gold_gain":0,"player_choice":"Fought Nobs","damage_taken":0,"max_hp_gain":0,"max_hp_loss":0,"event_name":"Colosseum","floor":19,"gold_loss":0},{"damage_healed":0,"gold_gain":275,"player_choice":"Desecrate","damage_taken":0,"max_hp_gain":0,"max_hp_loss":0,"event_name":"Golden Shrine","floor":20,"gold_loss":0,"cards_obtained":["Regret"]},{"damage_healed":0,"gold_gain":0,"player_choice":"Fight","damage_taken":0,"max_hp_gain":0,"max_hp_loss":0,"event_name":"Mysterious Sphere","floor":38,"gold_loss":0}],"is_beta":false,"boss_relics":[{"not_picked":["Lizard Tail","Calling Bell"],"picked":"Busted Crown"},{"not_picked":["Empty Cage","Astrolabe"],"picked":"Orrery"}],"items_purged_floors":[11,21],"is_endless":false,"potions_floor_spawned":[2,10,12,14,22,27,28,30,33,35,41],"killed_by":"Reptomancer","ascension_level":6}