{"gold_per_floor":[113,128,143,143,143,143,169,183,183,183,195,230,230,200,200,200],"floor_reached":16,"playtime":954,"items_purged":[],"score":110,"play_id":"13504f32-10ae-4027-97d5-5b2448d9ae67","local_time":"20190428184619","is_ascension_mode":false,"campfire_choices":[{"data":"White Noise","floor":6,"key":"SMITH"},{"data":"Coolheaded","floor":13,"key":"SMITH"},{"data":"Seek","floor":15,"key":"SMITH"}],"neow_cost":"NONE","seed_source_timestamp":0,"circlet_count":0,"master_deck":["Strike_B","Strike_B","Strike_B","Defend_B","Defend_B","Defend_B","Zap","Dualcast","Coolheaded","Self Repair","White Noise+1","Seek+1","Compile Driver","Coolheaded+1","Glacier"],"special_seed":0,"relics":["Empty Cage","Orichalcum","Ornamental Fan","The Courier","Cables","Pantograph"],"potions_floor_usage":[],"damage_taken":[{"damage":5,"enemies":"Cultist","floor":1,"turns":4},{"damage":3,"enemies":"Jaw Worm","floor":2,"turns":6},{"damage":10,"enemies":"Small Slimes","floor":3,"turns":5},{"damage":18,"enemies":"3 Sentries","floor":7,"turns":5},{"damage":9,"enemies":"Blue Slaver","floor":8,"turns":4},{"damage":19,"enemies":"3 Louse","floor":11,"turns":3},{"damage":28,"enemies":"Lagavulin","floor":12,"turns":9},{"damage":1,"enemies":"Looter","floor":14,"turns":4},{"damage":48,"enemies":"Hexaghost","floor":16,"turns":15}],"seed_played":"6017729444043866201","potions_obtained":[{"floor":8,"key":"Dexterity Potion"}],"is_trial":false,"path_per_floor":["M","M","M","?","?","R","E","M","T","T","M","E","R","M","R","B"],"character_chosen":"DEFECT","items_purchased":[],"campfire_rested":0,"item_purchase_floors":[],"current_hp_per_floor":[70,67,64,69,62,62,51,49,49,49,37,16,16,22,22,0],"gold":200,"neow_bonus":"BOSS_RELIC","is_prod":false,"is_daily":false,"chose_seed":false,"campfire_upgraded":3,"win_rate":0,"timestamp":1556491579,"path_taken":["M","M","?","?","?","R","E","M","T","?","M","E","R","M","R","BOSS"],"build_version":"2019-01-23","purchased_purges":0,"victory":false,"max_hp_per_floor":[75,75,75,80,80,80,80,80,80,80,80,80,80,80,80,80],"card_choices":[{"not_picked":["Sweeping Beam","Double Energy"],"picked":"Coolheaded","floor":1},{"not_picked":["Gash","Cold Snap"],"picked":"Self Repair","floor":2},{"not_picked":["Force Field","Ball Lightning"],"picked":"White Noise","floor":3},{"not_picked":["Streamline","Leap"],"picked":"Seek","floor":7},{"not_picked":["Rebound","Cold Snap"],"picked":"Compile Driver","floor":8},{"not_picked":["Sweeping Beam","Gash"],"picked":"Coolheaded","floor":11},{"not_picked":["Coolheaded","Scrape","Force Field"],"picked":"SKIP","floor":12},{"not_picked":["Undo","Blizzard"],"picked":"Glacier","floor":14}],"player_experience":336443,"relics_obtained":[{"floor":7,"key":"Ornamental Fan"},{"floor":9,"key":"The Courier"},{"floor":10,"key":"Cables"},{"floor":12,"key":"Pantograph"}],"event_choices":[{"damage_healed":0,"gold_gain":0,"player_choice":"Donut","damage_taken":0,"max_hp_gain":5,"max_hp_loss":0,"event_name":"Big Fish","floor":4,"gold_loss":0},{"damage_healed":0,"gold_gain":0,"player_choice":"Success","damage_taken":7,"relics_obtained":["Orichalcum"],"max_hp_gain":0,"max_hp_loss":0,"event_name":"Scrap Ooze","floor":5,"gold_loss":0}],"is_beta":false,"boss_relics":[],"items_purged_floors":[],"is_endless":false,"potions_floor_spawned":[8],"killed_by":"Hexaghost","ascension_level":0}