{"gold_per_floor":[119,129,129,129,129,129,159,159,212,239,239,189,205,15,15,110,110,123,22,22,37,37],"floor_reached":22,"playtime":1005,"items_purged":["Strike_B"],"score":209,"play_id":"f66d6af3-48bc-4795-a7f9-adbd1ed479a1","local_time":"20181126223950","is_ascension_mode":true,"campfire_choices":[{"floor":6,"key":"REST"},{"floor":8,"key":"REST"},{"floor":11,"key":"REST"},{"floor":15,"key":"REST"}],"neow_cost":"NONE","seed_source_timestamp":204242182438917,"circlet_count":0,"master_deck":["Strike_B+1","Strike_B+1","Defend_B","Defend_B","Defend_B","Defend_B","Dualcast","Panacea","Ball Lightning","Ball Lightning","Coolheaded","Echo Form","Hologram","Buffer","Rebound+1","Ball Lightning","Glacier+1"],"relics":["Cracked Core","Darkstone Periapt","Anchor","Smiling Mask","Bottled Flame","Membership Card","Fusion Hammer","Frozen Eye"],"potions_floor_usage":[],"damage_taken":[{"damage":1,"enemies":"Cultist","floor":1,"turns":3},{"damage":0,"enemies":"2 Louse","floor":2,"turns":2},{"damage":21,"enemies":"Lagavulin","floor":7,"turns":4},{"damage":25,"enemies":"Gremlin Nob","floor":10,"turns":4},{"damage":0,"enemies":"Jaw Worm","floor":13,"turns":2},{"damage":34,"enemies":"Slime Boss","floor":16,"turns":7},{"damage":0,"enemies":"Chosen","floor":18,"turns":5},{"damage":2,"enemies":"Shell Parasite","floor":21,"turns":6},{"damage":12,"enemies":"3 Cultists","floor":22,"turns":3}],"seed_played":"-6229412487636964841","potions_obtained":[{"floor":7,"key":"Explosive Potion"},{"floor":16,"key":"EssenceOfSteel"}],"is_trial":false,"path_per_floor":["M","M","?","?","?","R","E","R","T","E","R","$","M","$","R","B",null,"M","$","?","M","M"],"character_chosen":"DEFECT","items_purchased":["Membership Card","Frozen Eye"],"campfire_rested":4,"item_purchase_floors":[14,19],"current_hp_per_floor":[74,74,59,52,34,56,35,57,57,32,54,54,54,54,75,41,75,75,75,75,73,61],"gold":37,"neow_bonus":"RANDOM_COLORLESS","is_prod":false,"is_daily":false,"chose_seed":false,"campfire_upgraded":0,"win_rate":0,"timestamp":1543261190,"path_taken":["M","M","?","?","?","R","E","R","T","E","R","$","M","$","R","BOSS","M","$","?","M","?"],"build_version":"2018-11-15","purchased_purges":1,"victory":false,"max_hp_per_floor":[75,75,75,75,75,75,75,75,75,75,75,75,75,75,75,75,75,75,75,75,75,75],"card_choices":[{"not_picked":["Gash","Redo"],"picked":"Ball Lightning","floor":1},{"not_picked":["FTL","Leap"],"picked":"Ball Lightning","floor":2},{"not_picked":["Streamline","Rebound"],"picked":"Coolheaded","floor":7},{"not_picked":["Sweeping Beam","Leap"],"picked":"Echo Form","floor":10},{"not_picked":["Rebound","Beam Cell"],"picked":"Hologram","floor":13},{"not_picked":["All For One","Creative AI"],"picked":"Buffer","floor":16},{"not_picked":["Ball Lightning","Compile Driver+1"],"picked":"Rebound+1","floor":18},{"not_picked":["Gash","Rebound"],"picked":"Glacier+1","floor":21}],"player_experience":402120,"relics_obtained":[{"floor":7,"key":"Anchor"},{"floor":9,"key":"Smiling Mask"},{"floor":10,"key":"Bottled Flame"}],"event_choices":[{"damage_healed":0,"gold_gain":0,"player_choice":"Entered Light","damage_taken":15,"max_hp_gain":0,"max_hp_loss":0,"event_name":"Shining Light","floor":3,"gold_loss":0,"cards_upgraded":["Strike_B","Strike_B"]},{"cards_removed":["Strike_B"],"damage_healed":0,"gold_gain":0,"player_choice":"Card Removal","damage_taken":7,"max_hp_gain":0,"max_hp_loss":0,"event_name":"Golden Wing","floor":4,"gold_loss":0},{"damage_healed":0,"gold_gain":0,"player_choice":"Success","damage_taken":18,"relics_obtained":["Darkstone Periapt"],"max_hp_gain":0,"max_hp_loss":0,"event_name":"Scrap Ooze","floor":5,"gold_loss":0},{"damage_healed":0,"gold_gain":0,"cards_transformed":["Zap"],"player_choice":"Transformed","damage_taken":0,"max_hp_gain":0,"max_hp_loss":0,"event_name":"Transmorgrifier","floor":20,"gold_loss":0,"cards_obtained":["Ball Lightning"]}],"is_beta":false,"boss_relics":[{"not_picked":["Busted Crown","Runic Pyramid"],"picked":"Fusion Hammer"}],"items_purged_floors":[12],"is_endless":false,"potions_floor_spawned":[7,16],"killed_by":"3 Cultists","ascension_level":2}