{"gold_per_floor":[116,131,145,2,2,2,2,2,28,28,48,48,97,122,134,244,256,283,325,354,366,397,409,436,448,460,492,504,533,561,27,27,127,127,143,63,63,76,94,94,94,94,121,146,24,246,280,280,280,280],"floor_reached":51,"playtime":4312,"items_purged":["Strike_B","Regret"],"score":899,"play_id":"4d0f2b60-3026-4f07-a791-a05ac612d5dc","local_time":"20180927180212","is_ascension_mode":true,"campfire_choices":[{"data":"Defragment","floor":6,"key":"SMITH"},{"data":"White Noise","floor":10,"key":"SMITH"},{"data":"Chaos","floor":12,"key":"SMITH"},{"data":"Zap","floor":15,"key":"SMITH"},{"floor":23,"key":"REST"},{"data":"White Noise","floor":25,"key":"SMITH"},{"floor":28,"key":"REST"},{"data":"Aggregate","floor":32,"key":"SMITH"},{"floor":40,"key":"REST"},{"floor":42,"key":"REST"},{"data":"Thinking Ahead","floor":49,"key":"SMITH"}],"neow_cost":"","seed_source_timestamp":31130219426609,"circlet_count":0,"master_deck":["Zap+1","Dualcast+1","White Noise+1","Chill+1","Defragment+1","Chaos+1","Core Surge+1","Multi-Cast+1","Compile Driver+1","Sweeping Beam+1","Turbo+1","Ball Lightning+1","Capacitor+1","Reprogram+1","Skim+1","White Noise+1","Coolheaded+1","Conserve Battery+1","Writhe","White Noise+1","Chill+1","White Noise+1","Self Repair+1","Aggregate+1","Capacitor+1","Master of Strategy+1","Madness+1","Core Surge+1","Go for the Eyes+1","Defragment+1","Cold Snap+1","Storm+1","Barrage+1","Go for the Eyes+1","Turbo+1","Thinking Ahead+1"],"relics":["Cracked Core","Bronze Scales","Question Card","Vajra","MawBank","Pandora\u0027s Box","Red Mask","The Courier","Lantern","Dream Catcher","Sling","Sozu","Mark of the Bloom","Orichalcum","Regal Pillow","Centennial Puzzle","Bottled Tornado"],"potions_floor_usage":[3,19,19,29,33],"damage_taken":[{"damage":1,"enemies":"Cultist","floor":1,"turns":3},{"damage":4,"enemies":"2 Louse","floor":2,"turns":2},{"damage":8,"enemies":"Jaw Worm","floor":3,"turns":4},{"damage":0,"enemies":"Gremlin Gang","floor":11,"turns":2},{"damage":6,"enemies":"Large Slime","floor":14,"turns":5},{"damage":36,"enemies":"Hexaghost","floor":16,"turns":7},{"damage":16,"enemies":"3 Byrds","floor":18,"turns":2},{"damage":3,"enemies":"Masked Bandits","floor":19,"turns":2},{"damage":30,"enemies":"2 Thieves","floor":20,"turns":3},{"damage":11,"enemies":"Chosen and Byrds","floor":22,"turns":4},{"damage":9,"enemies":"3 Cultists","floor":24,"turns":4},{"damage":23,"enemies":"Snake Plant","floor":27,"turns":3},{"damage":5,"enemies":"Shelled Parasite and Fungi","floor":29,"turns":3},{"damage":3,"enemies":"Centurion and Healer","floor":30,"turns":6},{"damage":16,"enemies":"Collector","floor":33,"turns":9},{"damage":37,"enemies":"3 Darklings","floor":35,"turns":5},{"damage":20,"enemies":"3 Shapes","floor":38,"turns":7},{"damage":7,"enemies":"Reptomancer","floor":39,"turns":5},{"damage":14,"enemies":"2 Orb Walkers","floor":44,"turns":4},{"damage":0,"enemies":"Giant Head","floor":47,"turns":4},{"damage":21,"enemies":"Awakened One","floor":50,"turns":8}],"seed_played":"-5278512703514339523","potions_obtained":[{"floor":2,"key":"Regen Potion"},{"floor":16,"key":"Poison Potion"},{"floor":18,"key":"Block Potion"},{"floor":24,"key":"Ancient Potion"},{"floor":27,"key":"PowerPotion"},{"floor":30,"key":"Energy Potion"}],"is_trial":false,"path_per_floor":["M","M","M","$","?","R","?","$","T","R","M","R","T","M","R","B",null,"M","?","M","?","M","R","M","R","T","M","R","M","M","$","R","B",null,"M","$","?","M","M","R","?","R","T","E","$","?","E","?","R","B"],"character_chosen":"DEFECT","items_purchased":["Defragment","Dream Catcher","Capacitor","Master of Strategy","Madness","Sling","Centennial Puzzle"],"campfire_rested":4,"item_purchase_floors":[4,31,31,31,31,31,45],"current_hp_per_floor":[74,70,75,75,75,75,63,63,63,63,63,63,63,57,57,21,75,59,56,33,33,22,44,35,35,35,12,34,29,40,40,40,24,75,45,45,45,32,32,54,54,54,54,40,40,40,40,40,40,19],"gold":280,"neow_bonus":"","is_prod":false,"is_daily":false,"chose_seed":false,"campfire_upgraded":7,"win_rate":0,"timestamp":1538092932,"path_taken":["M","M","?","?","?","R","?","$","T","R","?","R","?","?","R","BOSS","M","?","M","?","M","R","?","R","T","M","R","M","M","$","R","BOSS","M","$","?","?","M","R","?","R","T","E","$","?","E","?","R","BOSS"],"build_version":"2018-09-20","purchased_purges":2,"victory":true,"max_hp_per_floor":[75,75,75,75,75,75,75,75,75,75,75,75,75,75,75,75,75,75,75,75,75,75,75,75,75,75,75,75,75,75,75,75,75,75,75,75,75,75,75,75,75,75,75,75,75,75,75,75,75,75],"card_choices":[{"not_picked":["Redo","Hologram"],"picked":"White Noise","floor":1},{"not_picked":["Leap","Hologram"],"picked":"Sweeping Beam","floor":2},{"not_picked":["Darkness","Leap"],"picked":"Chill","floor":3},{"not_picked":["Stack","Hologram","Cold Snap"],"picked":"Chaos","floor":11},{"not_picked":["Compile Driver","Cold Snap","Darkness"],"picked":"Core Surge","floor":14},{"not_picked":["Thunder Strike","Fission","Hyperbeam"],"picked":"Multi-Cast","floor":16},{"not_picked":["Gash","Beam Cell","Tempest"],"picked":"White Noise","floor":18},{"not_picked":["Ball Lightning","Go for the Eyes+1","Streamline+1"],"picked":"Coolheaded+1","floor":19},{"not_picked":["Leap","Ball Lightning","Undo"],"picked":"Conserve Battery","floor":20},{"not_picked":["Coolheaded","Force Field","Consume"],"picked":"White Noise+1","floor":22},{"not_picked":["Leap+1","Hologram+1","Stack+1"],"picked":"Chill","floor":24},{"not_picked":["Consume","Recycle+1","Fusion"],"picked":"White Noise","floor":27},{"not_picked":["Barrage","Rebound","Stack"],"picked":"Self Repair","floor":29},{"not_picked":["Redo","FTL","Compile Driver"],"picked":"Aggregate","floor":30},{"not_picked":["Fission","Echo Form","Machine Learning"],"picked":"Core Surge","floor":33},{"not_picked":["Steam+1","Genetic Algorithm","Redo"],"picked":"Go for the Eyes","floor":35},{"not_picked":["Redo+1","Sweeping Beam","Consume"],"picked":"Defragment","floor":38},{"not_picked":["Barrage","Leap+1","Skim+1"],"picked":"Cold Snap","floor":39},{"not_picked":["Beam Cell","Conserve Battery+1","Turbo"],"picked":"Storm+1","floor":40},{"not_picked":["Conserve Battery","All For One","Ball Lightning"],"picked":"Barrage+1","floor":42},{"not_picked":["Ball Lightning+1","Coolheaded","Self Repair"],"picked":"Go for the Eyes+1","floor":44},{"not_picked":["Rebound+1","Conserve Battery+1","Loop+1"],"picked":"Turbo+1","floor":47},{"not_picked":["Mayhem","Magnetism","Jack Of All Trades"],"picked":"Thinking Ahead","floor":48}],"player_experience":104131,"relics_obtained":[{"floor":9,"key":"Vajra"},{"floor":13,"key":"MawBank"},{"floor":19,"key":"Red Mask"},{"floor":26,"key":"Lantern"},{"floor":43,"key":"Orichalcum"},{"floor":44,"key":"Regal Pillow"},{"floor":47,"key":"Bottled Tornado"}],"event_choices":[{"event_name":"Big Fish","player_choice":"Box","floor":5,"damage_taken":0},{"event_name":"Scrap Ooze","player_choice":"success","floor":7,"damage_taken":12},{"event_name":"Masked Bandits","player_choice":"Fought Bandits","floor":19,"damage_taken":0},{"event_name":"The Mausoleum","player_choice":"Yes","floor":21,"damage_taken":0},{"event_name":"Falling","player_choice":"Removed Attack","floor":37,"damage_taken":0},{"event_name":"MindBloom","player_choice":"Upgrade","floor":41,"damage_taken":0},{"event_name":"Tomb of Lord Red Mask","player_choice":"Wore Mask","floor":46,"damage_taken":0},{"event_name":"SensoryStone","player_choice":"Memory 1","floor":48,"damage_taken":0}],"is_beta":false,"boss_relics":[{"not_picked":["White Beast Statue","Lizard Tail"],"picked":"Pandora\u0027s Box"},{"not_picked":["Velvet Choker","Busted Crown"],"picked":"Sozu"}],"items_purged_floors":[4,36],"is_endless":false,"potions_floor_spawned":[2,16,18,24,27,30,44,47],"ascension_level":3}