{"gold_per_floor":[116,116,291,307,55,55,82,82,137,137,155,171,498,512,512,612,612,632,644,644,644,656,656],"floor_reached":23,"playtime":1236,"items_purged":["Doubt"],"score":260,"play_id":"4af26c33-533b-411a-8e49-634a61b0474e","local_time":"20190609191331","is_ascension_mode":true,"campfire_choices":[{"data":"Zap","floor":6,"key":"SMITH"},{"floor":15,"key":"REST"}],"neow_cost":"NONE","seed_source_timestamp":58093176089271,"circlet_count":0,"master_deck":["Strike_B+1","Strike_B+1","Strike_B+1","Strike_B+1","Defend_B+1","Defend_B+1","Defend_B+1","Defend_B+1","Zap+1","Dualcast","Streamline","Cold Snap","Sweeping Beam","Defragment","Stack","Loop","Echo Form","Skim+1","Hologram+1"],"relics":["Cracked Core","NeowsBlessing","Bottled Flame","Art of War","Calipers","Old Coin","Busted Crown"],"potions_floor_usage":[16,22],"damage_taken":[{"damage":0,"enemies":"Cultist","floor":1,"turns":1},{"damage":0,"enemies":"Small Slimes","floor":4,"turns":1},{"damage":0,"enemies":"Lagavulin","floor":7,"turns":1},{"damage":4,"enemies":"Jaw Worm","floor":11,"turns":3},{"damage":0,"enemies":"3 Louse","floor":12,"turns":4},{"damage":22,"enemies":"3 Sentries","floor":13,"turns":7},{"damage":0,"enemies":"Large Slime","floor":14,"turns":4},{"damage":28,"enemies":"Slime Boss","floor":16,"turns":12},{"damage":7,"enemies":"Spheric Guardian","floor":18,"turns":4},{"damage":35,"enemies":"2 Thieves","floor":19,"turns":4},{"damage":17,"enemies":"Chosen and Byrds","floor":22,"turns":8},{"damage":24,"enemies":"Gremlin Leader","floor":23,"turns":1}],"seed_played":"-2950538924084600697","potions_obtained":[{"floor":1,"key":"SteroidPotion"},{"floor":16,"key":"GamblersBrew"},{"floor":19,"key":"Weak Potion"}],"is_trial":false,"path_per_floor":["M","$","?","M","$","R","E","?","T","T","M","M","E","M","R","B",null,"M","M","?","?","M","E"],"character_chosen":"DEFECT","items_purchased":["Cold Snap","Sweeping Beam","Defragment"],"campfire_rested":1,"item_purchase_floors":[5,5,5],"current_hp_per_floor":[75,75,75,75,75,75,75,80,80,80,76,76,54,54,78,50,80,73,38,38,38,21,0],"gold":656,"neow_bonus":"THREE_ENEMY_KILL","is_prod":false,"is_daily":false,"chose_seed":false,"campfire_upgraded":1,"win_rate":0,"timestamp":1560096811,"path_taken":["M","$","?","M","$","R","E","?","T","?","M","M","E","M","R","BOSS","M","M","?","?","M","E"],"build_version":"2019-01-23","purchased_purges":1,"victory":false,"max_hp_per_floor":[75,75,75,75,75,75,75,80,80,80,80,80,80,80,80,80,80,80,80,80,80,80,80],"card_choices":[{"not_picked":["Recycle","Force Field","Scrape"],"picked":"SKIP","floor":1},{"not_picked":["Double Energy","Steam"],"picked":"Streamline","floor":4},{"not_picked":["Rebound","Doom and Gloom"],"picked":"Stack","floor":7},{"not_picked":["Barrage","Meteor Strike"],"picked":"Loop","floor":11},{"not_picked":["Redo","Darkness","Streamline"],"picked":"SKIP","floor":12},{"not_picked":["Aggregate","Fusion","Lockon"],"picked":"SKIP","floor":13},{"not_picked":["Stack","Streamline","Sweeping Beam"],"picked":"SKIP","floor":14},{"not_picked":["All For One","Seek"],"picked":"Echo Form","floor":16},{"not_picked":["Skim"],"picked":"SKIP","floor":18},{"not_picked":[],"picked":"Skim+1","floor":19},{"not_picked":[],"picked":"Hologram+1","floor":22}],"player_experience":903367,"relics_obtained":[{"floor":7,"key":"Bottled Flame"},{"floor":9,"key":"Art of War"},{"floor":10,"key":"Calipers"},{"floor":13,"key":"Old Coin"}],"event_choices":[{"damage_healed":0,"gold_gain":175,"player_choice":"AGREE","damage_taken":0,"max_hp_gain":0,"max_hp_loss":0,"event_name":"Liars Game","floor":3,"gold_loss":0,"cards_obtained":["Doubt"]},{"damage_healed":0,"gold_gain":0,"player_choice":"Donut","damage_taken":0,"max_hp_gain":5,"max_hp_loss":0,"event_name":"Big Fish","floor":8,"gold_loss":0},{"damage_healed":0,"gold_gain":0,"player_choice":"Simplicity","damage_taken":0,"max_hp_gain":0,"max_hp_loss":0,"event_name":"Back to Basics","floor":20,"gold_loss":0,"cards_upgraded":["Strike_B","Strike_B","Strike_B","Strike_B","Defend_B","Defend_B","Defend_B","Defend_B"]},{"damage_healed":0,"gold_gain":0,"player_choice":"Ignored","damage_taken":0,"max_hp_gain":0,"max_hp_loss":0,"event_name":"Ghosts","floor":21,"gold_loss":0}],"is_beta":false,"boss_relics":[{"not_picked":["Coffee Dripper","Black Star"],"picked":"Busted Crown"}],"items_purged_floors":[5],"is_endless":false,"potions_floor_spawned":[1,16,19],"killed_by":"Gremlin Leader","ascension_level":3}