{"gold_per_floor":[16,34,50,0,15,15,30,40,40,40,57,72,72,89,89,187,237,251,65,77,96,96,96,113,13,66,84,115,128,148,167,167,268,268,278,24,44,144,19,45,55,72,96,111,0,0,27,43,43,43],"floor_reached":50,"playtime":4238,"items_purged":["Strike_B","Strike_B","Defend_B"],"score":828,"play_id":"11355250-14ca-4fee-a4ef-4a6cfab3c9ee","local_time":"20190520230120","is_ascension_mode":true,"campfire_choices":[{"data":"Zap","floor":6.0,"key":"SMITH"},{"floor":13.0,"key":"REST"},{"data":"Streamline","floor":15.0,"key":"SMITH"},{"floor":23.0,"key":"REST"},{"data":"Aggregate","floor":32.0,"key":"SMITH"},{"data":"Double Energy","floor":46,"key":"SMITH"},{"floor":49,"key":"RECALL"}],"neow_cost":"NO_GOLD","seed_source_timestamp":199290936985194,"circlet_count":0,"master_deck":["Defend_B","Defend_B","Defend_B","Zap+1","Dualcast+1","Hologram","Steam","Aggregate+1","Ball Lightning","Cold Snap","Streamline+1","Ball Lightning","All For One","Go for the Eyes","Scrape+1","FTL","Reprogram","Streamline+1","Turbo","Hologram+1","Beam Cell","Fission","Steam","Defragment","Biased Cognition","Static Discharge+1","Gash+1","Reprogram+1","Double Energy+1","Gash+1"],"special_seed":0,"relics":["Cracked Core","Unceasing Top","Thread and Needle","Tiny House","PreservedInsect","Potion Belt","Philosopher\u0027s Stone","Kunai","Singing Bowl","Red Mask","Bronze Scales"],"potions_floor_usage":[41,50,50],"damage_taken":[{"damage":1.0,"enemies":"Cultist","floor":1.0,"turns":4.0},{"damage":2.0,"enemies":"Jaw Worm","floor":2.0,"turns":4.0},{"damage":1.0,"enemies":"2 Louse","floor":3.0,"turns":2.0},{"damage":33.0,"enemies":"Exordium Thugs","floor":5.0,"turns":6.0},{"damage":20.0,"enemies":"Large Slime","floor":7.0,"turns":6.0},{"damage":3.0,"enemies":"Blue Slaver","floor":8.0,"turns":4.0},{"damage":0.0,"enemies":"Looter","floor":11.0,"turns":4.0},{"damage":0.0,"enemies":"3 Louse","floor":12.0,"turns":2.0},{"damage":0.0,"enemies":"Large Slime","floor":14.0,"turns":4.0},{"damage":27.0,"enemies":"Hexaghost","floor":16.0,"turns":10.0},{"damage":13.0,"enemies":"2 Thieves","floor":18.0,"turns":3.0},{"damage":7.0,"enemies":"Shell Parasite","floor":20.0,"turns":3.0},{"damage":13.0,"enemies":"Snake Plant","floor":21.0,"turns":4.0},{"damage":0.0,"enemies":"Centurion and Healer","floor":24.0,"turns":2.0},{"damage":0.0,"enemies":"Sentry and Sphere","floor":27.0,"turns":3.0},{"damage":0.0,"enemies":"Gremlin Leader","floor":28.0,"turns":4.0},{"damage":1.0,"enemies":"Chosen and Byrds","floor":29.0,"turns":2.0},{"damage":14.0,"enemies":"Snecko","floor":30.0,"turns":3.0},{"damage":0.0,"enemies":"Shelled Parasite and Fungi","floor":31.0,"turns":3.0},{"damage":17.0,"enemies":"Automaton","floor":33.0,"turns":6.0},{"damage":0.0,"enemies":"3 Darklings","floor":35.0,"turns":2.0},{"damage":2.0,"enemies":"3 Shapes","floor":37.0,"turns":2.0},{"damage":0,"enemies":"Giant Head","floor":40,"turns":1},{"damage":0,"enemies":"Transient","floor":41,"turns":5},{"damage":0,"enemies":"Sphere and 2 Shapes","floor":42,"turns":2},{"damage":0,"enemies":"4 Shapes","floor":44,"turns":3},{"damage":6,"enemies":"Spire Growth","floor":48,"turns":2},{"damage":66,"enemies":"Time Eater","floor":50,"turns":6}],"seed_played":"4584033921049715881","potions_obtained":[{"floor":2.0,"key":"Ancient Potion"},{"floor":7.0,"key":"Fire Potion"},{"floor":8.0,"key":"Weak Potion"},{"floor":11.0,"key":"Swift Potion"},{"floor":14.0,"key":"GamblersBrew"},{"floor":17.0,"key":"AttackPotion"},{"floor":21.0,"key":"Fire Potion"},{"floor":22.0,"key":"Regen Potion"},{"floor":22.0,"key":"PowerPotion"},{"floor":29.0,"key":"Regen Potion"},{"floor":30.0,"key":"Swift Potion"},{"floor":31.0,"key":"FocusPotion"},{"floor":33.0,"key":"Energy Potion"},{"floor":35.0,"key":"SteroidPotion"},{"floor":44,"key":"AttackPotion"}],"is_trial":false,"path_per_floor":["M","M","M","?","M","R","M","M","T","?","M","M","R","M","R","B",null,"M","$","M","M","?","R","M","$","T","M","E","M","M","M","R","B",null,"M","$","M","?","$","E","M","M","T","M","?","R","T","M","R","B"],"character_chosen":"DEFECT","items_purchased":["FTL","Reprogram","Kunai"],"campfire_rested":2,"item_purchase_floors":[19,19,36],"current_hp_per_floor":[67,65,64,64,31,31,11,8,8,8,8,8,30,30,30,3,62,49,49,42,29,29,53,58,58,58,58,58,57,52,52,52,35,69,69,69,67,67,67,69,71,71,71,71,71,71,71,65,65,0],"gold":43,"neow_bonus":"ONE_RARE_RELIC","is_prod":false,"is_daily":false,"chose_seed":false,"campfire_upgraded":4,"win_rate":0,"timestamp":1558407680,"path_taken":["M","M","M","?","M","R","M","M","T","?","M","?","R","M","R","BOSS","M","$","M","M","?","R","M","?","T","?","E","M","M","M","R","BOSS","M","$","M","?","?","E","M","M","T","M","?","R","?","M","R","BOSS"],"build_version":"2019-01-23","purchased_purges":3,"victory":false,"max_hp_per_floor":[75,75,75,75,75,75,75,75,75,75,75,75,75,75,75,75,80,80,80,80,80,80,80,80,80,80,80,80,80,80,80,80,80,80,80,80,80,80,80,82,84,84,84,84,84,84,84,84,84,84],"card_choices":[{"not_picked":["Barrage","Sweeping Beam"],"picked":"Hologram","floor":1.0},{"not_picked":["Cold Snap","Barrage","Hologram"],"picked":"SKIP","floor":2.0},{"not_picked":["Undo","Auto Shields","Darkness"],"picked":"SKIP","floor":3.0},{"not_picked":["Barrage","White Noise"],"picked":"Steam","floor":5.0},{"not_picked":["Conserve Battery","Darkness"],"picked":"Aggregate","floor":7.0},{"not_picked":["Sweeping Beam","Compile Driver"],"picked":"Ball Lightning","floor":8.0},{"not_picked":["Heatsinks","Coolheaded"],"picked":"Cold Snap","floor":11.0},{"not_picked":["Multi-Cast","Glacier"],"picked":"Streamline","floor":12.0},{"not_picked":["Melter","Loop"],"picked":"Ball Lightning","floor":14.0},{"not_picked":["Seek","Rainbow"],"picked":"All For One","floor":16.0},{"not_picked":["Lockon","Beam Cell"],"picked":"Go for the Eyes","floor":17.0},{"not_picked":["Rebound","Self Repair"],"picked":"Scrape+1","floor":18.0},{"not_picked":["Rebound+1","Darkness"],"picked":"Streamline+1","floor":20.0},{"not_picked":["Hologram","Scrape"],"picked":"Turbo","floor":21.0},{"not_picked":["Rebound","Loop"],"picked":"Hologram+1","floor":24.0},{"not_picked":["White Noise","Steam+1"],"picked":"Beam Cell","floor":27.0},{"not_picked":["Redo","Sweeping Beam"],"picked":"Fission","floor":28.0},{"not_picked":["Undo","Conserve Battery"],"picked":"Steam","floor":29.0},{"not_picked":["Genetic Algorithm","Rebound","Self Repair"],"picked":"SKIP","floor":30.0},{"not_picked":["Coolheaded+1","Heatsinks"],"picked":"Defragment","floor":31.0},{"not_picked":["Amplify","Rainbow"],"picked":"Biased Cognition","floor":33.0},{"not_picked":["Leap+1","Go for the Eyes"],"picked":"Static Discharge+1","floor":35.0},{"not_picked":["Go for the Eyes+1","Barrage+1"],"picked":"Gash+1","floor":37.0},{"not_picked":["Coolheaded","Leap+1","Defragment"],"picked":"Singing Bowl","floor":40},{"not_picked":["White Noise","Recycle","Beam Cell"],"picked":"Singing Bowl","floor":41},{"not_picked":["Static Discharge+1","Go for the Eyes+1"],"picked":"Reprogram+1","floor":42},{"not_picked":["Darkness","Streamline+1"],"picked":"Double Energy","floor":44},{"not_picked":["Sweeping Beam","Double Energy"],"picked":"Gash+1","floor":48}],"player_experience":370862,"relics_obtained":[{"floor":9.0,"key":"Thread and Needle"},{"floor":26.0,"key":"PreservedInsect"},{"floor":28.0,"key":"Potion Belt"},{"floor":40,"key":"Singing Bowl"},{"floor":47,"key":"Bronze Scales"}],"event_choices":[{"cards_removed":["Strike_B"],"damage_healed":0.0,"max_hp_gain":0.0,"max_hp_loss":0.0,"gold_gain":0.0,"event_name":"The Cleric","player_choice":"Card Removal","floor":4.0,"gold_loss":50.0,"damage_taken":0.0},{"cards_removed":["Strike_B"],"damage_healed":0.0,"max_hp_gain":0.0,"max_hp_loss":0.0,"gold_gain":0.0,"event_name":"Wheel of Change","player_choice":"Card Removal","floor":10.0,"gold_loss":0.0,"damage_taken":0.0},{"damage_healed":0.0,"max_hp_gain":0.0,"max_hp_loss":0.0,"gold_gain":0.0,"event_name":"Lab","player_choice":"Got Potions","floor":22.0,"gold_loss":0.0,"damage_taken":0.0},{"damage_healed":0.0,"max_hp_gain":0.0,"max_hp_loss":0.0,"gold_gain":100.0,"event_name":"Golden Shrine","player_choice":"Pray","floor":38.0,"gold_loss":0.0,"damage_taken":0.0},{"damage_healed":0,"gold_gain":0,"player_choice":"Paid","damage_taken":0,"relics_obtained":["Red Mask"],"max_hp_gain":0,"max_hp_loss":0,"event_name":"Tomb of Lord Red Mask","floor":45,"gold_loss":111}],"is_beta":false,"boss_relics":[{"not_picked":["White Beast Statue","Runic Pyramid"],"picked":"Tiny House"},{"not_picked":["Lizard Tail","Empty Cage"],"picked":"Philosopher\u0027s Stone"}],"items_purged_floors":[19,25,39],"is_endless":false,"potions_floor_spawned":[2,7,8,11,14,21,29,30,31,33,35,44],"killed_by":"Time Eater","ascension_level":9}