{"gold_per_floor":[116,191,191,191,216,216,255,268,268,289,289,313,313,313,313,404,404,418,18,43,59,59,59,59,59,59,184,16,16,16,41,41,137,137,155,125,148,166,185,185,221,71,71,71,87,87,12,25,25,25],"floor_reached":51,"playtime":6589,"items_purged":["Strike_R","Strike_R","Strike_R","Parasite"],"score":1235,"play_id":"2bd2ce68-9828-49f8-9786-8d08661a5b00","local_time":"20190502203105","is_ascension_mode":true,"campfire_choices":[{"data":"Inflame","floor":6.0,"key":"SMITH"},{"data":"True Grit","floor":11.0,"key":"SMITH"},{"data":"Armaments","floor":13.0,"key":"SMITH"},{"data":"Shrug It Off","floor":15.0,"key":"SMITH"},{"data":"Heavy Blade","floor":23.0,"key":"SMITH"},{"data":"Shrug It Off","floor":25.0,"key":"SMITH"},{"data":"Battle Trance","floor":29.0,"key":"SMITH"},{"floor":32.0,"key":"REST"},{"floor":40.0,"key":"REST"},{"floor":46.0,"key":"REST"},{"floor":49.0,"key":"REST"}],"neow_cost":"NONE","seed_source_timestamp":0,"circlet_count":0,"master_deck":["AscendersBane","Strike_R","Defend_R","Defend_R","Defend_R","Defend_R","Bash","Battle Trance+1","Inflame+1","Armaments+1","Anger","Shrug It Off+1","True Grit+1","Heavy Blade+1","Impervious","Shrug It Off+1","Ghostly Armor+1","Inflame+1","Feed","Shrug It Off","Bludgeon","Inflame","Limit Break"],"special_seed":0,"relics":["Burning Blood","Golden Idol","Bird Faced Urn","Pear","Paper Frog","Cursed Key","Membership Card","Meat on the Bone","Nilry\u0027s Codex","Champion Belt","Sundial","Fusion Hammer","Calipers"],"potions_floor_usage":[50,50],"damage_taken":[{"damage":0.0,"enemies":"2 Louse","floor":1.0,"turns":4.0},{"damage":2.0,"enemies":"Jaw Worm","floor":5.0,"turns":3.0},{"damage":50.0,"enemies":"3 Sentries","floor":7.0,"turns":12.0},{"damage":1.0,"enemies":"Cultist","floor":8.0,"turns":3.0},{"damage":6.0,"enemies":"Looter","floor":10.0,"turns":4.0},{"damage":0.0,"enemies":"2 Fungi Beasts","floor":12.0,"turns":3.0},{"damage":34.0,"enemies":"Hexaghost","floor":16.0,"turns":10.0},{"damage":16.0,"enemies":"Spheric Guardian","floor":18.0,"turns":4.0},{"damage":5.0,"enemies":"Shell Parasite","floor":20.0,"turns":5.0},{"damage":24.0,"enemies":"Sentry and Sphere","floor":21.0,"turns":8.0},{"damage":10.0,"enemies":"Colosseum Slavers","floor":27.0,"turns":5.0},{"damage":49.0,"enemies":"Colosseum Nobs","floor":27.0,"turns":4.0},{"damage":7.0,"enemies":"Snake Plant","floor":31.0,"turns":5.0},{"damage":1.0,"enemies":"Champ","floor":33.0,"turns":8.0},{"damage":12.0,"enemies":"3 Shapes","floor":35.0,"turns":6.0},{"damage":0.0,"enemies":"Orb Walker","floor":37.0,"turns":3.0},{"damage":0.0,"enemies":"Maw","floor":38.0,"turns":7.0},{"damage":27.0,"enemies":"Sphere and 2 Shapes","floor":39.0,"turns":6.0},{"damage":72.0,"enemies":"Reptomancer","floor":41.0,"turns":8.0},{"damage":7.0,"enemies":"Writhing Mass","floor":45.0,"turns":7.0},{"damage":11.0,"enemies":"4 Shapes","floor":48.0,"turns":5.0},{"damage":60,"enemies":"Awakened One","floor":50,"turns":10}],"seed_played":"-2793175893656482633","potions_obtained":[{"floor":7.0,"key":"Explosive Potion"},{"floor":16.0,"key":"BloodPotion"},{"floor":36.0,"key":"SpeedPotion"},{"floor":37.0,"key":"SteroidPotion"},{"floor":41.0,"key":"Explosive Potion"}],"is_trial":false,"path_per_floor":["M","?","?","?","M","R","E","M","T","M","R","M","R","T","R","B",null,"M","$","M","M","?","R","?","R","T","?","$","R","?","M","R","B",null,"M","?","M","M","M","R","E","$","T","?","M","R","$","M","R","B",null],"character_chosen":"IRONCLAD","items_purchased":["Membership Card","Meat on the Bone","Feed","Shrug It Off","Dexterity Potion","Inflame","Pommel Strike"],"campfire_rested":4,"item_purchase_floors":[19,19,28,28,42,42,42],"current_hp_per_floor":[74,63,63,56,60,60,16,23,33,35,35,43,43,43,43,17,63,55,55,58,54,70,70,49,49,49,29,29,29,29,47,71,80,81,77,77,81,81,60,81,29,29,29,29,46,70,70,74,81,39],"gold":25,"neow_bonus":"THREE_CARDS","is_prod":false,"is_daily":false,"chose_seed":false,"campfire_upgraded":7,"win_rate":0,"timestamp":1556843465,"path_taken":["M","?","?","?","?","R","E","M","T","M","R","M","R","?","R","BOSS","M","$","M","M","?","R","?","R","T","?","$","R","?","M","R","BOSS","M","?","?","M","?","R","E","$","T","?","M","R","$","M","R","BOSS"],"build_version":"2019-01-23","purchased_purges":4,"victory":true,"max_hp_per_floor":[75,75,68,68,68,68,68,68,78,78,78,78,78,78,78,78,78,78,78,78,78,78,78,78,78,78,78,78,78,78,81,81,81,81,81,81,81,81,81,81,81,81,81,81,81,81,78,81,81,81],"card_choices":[{"not_picked":["Clothesline","Sword Boomerang"],"picked":"Battle Trance","floor":0.0},{"not_picked":["Headbutt","Havoc"],"picked":"Inflame","floor":1.0},{"not_picked":["Sword Boomerang","Sentinel"],"picked":"Armaments","floor":5.0},{"not_picked":["Iron Wave","Sentinel"],"picked":"Anger","floor":7.0},{"not_picked":["Cleave","Armaments"],"picked":"Shrug It Off","floor":8.0},{"not_picked":["Iron Wave","Rampage"],"picked":"True Grit","floor":10.0},{"not_picked":["Pummel","Iron Wave"],"picked":"Heavy Blade","floor":12.0},{"not_picked":["Exhume","Dark Embrace"],"picked":"Impervious","floor":16.0},{"not_picked":["Perfected Strike","Pummel"],"picked":"Shrug It Off","floor":18.0},{"not_picked":["Clash","Hemokinesis"],"picked":"Ghostly Armor+1","floor":20.0},{"not_picked":["Flex","Sword Boomerang+1"],"picked":"Inflame+1","floor":21.0},{"not_picked":["Twin Strike","Body Slam","Berserk"],"picked":"SKIP","floor":31.0},{"not_picked":["Double Tap","Dark Embrace"],"picked":"Bludgeon","floor":33.0},{"not_picked":["Wild Strike","Second Wind","Thunderclap"],"picked":"SKIP","floor":35.0},{"not_picked":["Flame Barrier","Wild Strike+1","Pommel Strike"],"picked":"SKIP","floor":37.0},{"not_picked":["Sword Boomerang","Feel No Pain","Entrench"],"picked":"SKIP","floor":38.0},{"not_picked":["Cleave","Rampage","Hemokinesis"],"picked":"SKIP","floor":39.0},{"not_picked":["Clash+1","True Grit","Heavy Blade"],"picked":"SKIP","floor":41.0},{"not_picked":["Wild Strike","Feel No Pain+1"],"picked":"Limit Break","floor":45.0},{"not_picked":["Iron Wave+1","Shockwave","Reckless Charge+1"],"picked":"SKIP","floor":48.0}],"player_experience":367368,"relics_obtained":[{"floor":7.0,"key":"Bird Faced Urn"},{"floor":9.0,"key":"Pear"},{"floor":14.0,"key":"Paper Frog"},{"floor":24.0,"key":"Nilry\u0027s Codex"},{"floor":27.0,"key":"Champion Belt"},{"floor":27.0,"key":"Sundial"},{"floor":41.0,"key":"Calipers"}],"event_choices":[{"damage_healed":0.0,"max_hp_gain":0.0,"max_hp_loss":0.0,"gold_gain":75.0,"event_name":"World of Goop","player_choice":"Gather Gold","floor":2.0,"gold_loss":0.0,"damage_taken":11.0},{"damage_healed":0.0,"max_hp_gain":0.0,"max_hp_loss":7.0,"gold_gain":0.0,"event_name":"Golden Idol","player_choice":"Lose Max HP","floor":3.0,"gold_loss":0.0,"damage_taken":0.0,"relics_obtained":["Golden Idol"]},{"cards_removed":["Strike_R"],"damage_healed":0.0,"max_hp_gain":0.0,"max_hp_loss":0.0,"gold_gain":0.0,"event_name":"Golden Wing","player_choice":"Card Removal","floor":4.0,"gold_loss":0.0,"damage_taken":7.0},{"damage_healed":16.0,"max_hp_gain":0.0,"max_hp_loss":0.0,"gold_gain":0.0,"event_name":"The Library","player_choice":"Heal","floor":22.0,"gold_loss":0.0,"damage_taken":0.0},{"damage_healed":0.0,"max_hp_gain":0.0,"max_hp_loss":0.0,"gold_gain":0.0,"event_name":"Cursed Tome","player_choice":"Obtained Book","floor":24.0,"gold_loss":0.0,"damage_taken":21.0},{"damage_healed":0.0,"max_hp_gain":0.0,"max_hp_loss":0.0,"gold_gain":0.0,"event_name":"Colosseum","player_choice":"Fight","floor":27.0,"gold_loss":0.0,"damage_taken":0.0},{"damage_healed":0.0,"max_hp_gain":0.0,"max_hp_loss":0.0,"gold_gain":0.0,"event_name":"Colosseum","player_choice":"Fought Nobs","floor":27.0,"gold_loss":0.0,"damage_taken":0.0},{"damage_healed":0.0,"max_hp_gain":0.0,"max_hp_loss":0.0,"gold_gain":0.0,"event_name":"Vampires","player_choice":"Ignored","floor":30.0,"gold_loss":0.0,"damage_taken":0.0},{"damage_healed":0.0,"max_hp_gain":0.0,"max_hp_loss":0.0,"gold_gain":0.0,"event_name":"The Woman in Blue","player_choice":"Bought 2 Potions","floor":36.0,"gold_loss":0.0,"damage_taken":0.0},{"cards_removed":["Pommel Strike"],"damage_healed":0.0,"max_hp_gain":0.0,"max_hp_loss":0.0,"gold_gain":0.0,"event_name":"Falling","player_choice":"Removed Attack","floor":44.0,"gold_loss":0.0,"damage_taken":0.0}],"is_beta":false,"boss_relics":[{"not_picked":["Tiny House","Coffee Dripper"],"picked":"Cursed Key"},{"not_picked":["Runic Cube","Pandora\u0027s Box"],"picked":"Fusion Hammer"}],"items_purged_floors":[19,28,42,47],"is_endless":false,"potions_floor_spawned":[7,16,20,27,37,38,39,41,48],"ascension_level":18}