{"gold_per_floor":[11,31,44,44,67,107,107,150,150,150,150,171,194,207,207,338,338,353,353,367,391,391,424,424,444,467,65,101,120,245,245,245,365,365,380,380,51,0,25,65,65,100,100,100,140,165,165,186,186,186,186,186,64,98,98],"floor_reached":56,"playtime":2235,"items_purged":["Strike_R"],"score":1361,"play_id":"f26bbd5e-1592-4416-a307-68da2dfff88f","local_time":"20190502220938","is_ascension_mode":true,"campfire_choices":[{"data":"Demon Form","floor":7,"key":"SMITH"},{"data":"Whirlwind","floor":10,"key":"SMITH"},{"data":"Disarm","floor":15,"key":"SMITH"},{"data":"Barricade","floor":24,"key":"SMITH"},{"data":"Mayhem","floor":32,"key":"SMITH"},{"data":"Whirlwind","floor":44,"key":"SMITH"},{"data":"Uppercut","floor":47,"key":"SMITH"},{"floor":49,"key":"RECALL"},{"data":"Limit Break","floor":52,"key":"SMITH"}],"neow_cost":"NO_GOLD","seed_source_timestamp":767226500224616,"circlet_count":0,"master_deck":["Strike_R","Strike_R","Strike_R","Defend_R","Defend_R","Defend_R","Bash","Whirlwind+1","Disarm+1","Demon Form+1","Shockwave","Seeing Red","Shrug It Off","Barricade+1","True Grit+1","Intimidate+1","Limit Break+1","Mayhem+1","Uppercut+1","Impervious","Feed","Cleave+1","Whirlwind+1"],"relics":["Burning Blood","StoneCalendar","Golden Idol","Red Skull","Gremlin Horn","Mercury Hourglass","Coffee Dripper","MutagenicStrength","Self Forming Clay","Bottled Lightning","Ice Cream","Matryoshka","Sozu","Shuriken","Red Mask","Potion Belt","Omamori","PreservedInsect","Singing Bowl","The Courier","Oddly Smooth Stone","Pen Nib"],"potions_floor_usage":[23,30,33],"damage_taken":[{"damage":1,"enemies":"Cultist","floor":1,"turns":3},{"damage":3,"enemies":"Small Slimes","floor":2,"turns":3},{"damage":4,"enemies":"Jaw Worm","floor":3,"turns":5},{"damage":3,"enemies":"Looter","floor":5,"turns":4},{"damage":17,"enemies":"Lagavulin","floor":6,"turns":7},{"damage":30,"enemies":"3 Sentries","floor":8,"turns":6},{"damage":0,"enemies":"3 Louse","floor":12,"turns":2},{"damage":0,"enemies":"2 Fungi Beasts","floor":13,"turns":1},{"damage":9,"enemies":"Looter","floor":14,"turns":3},{"damage":24,"enemies":"The Guardian","floor":16,"turns":7},{"damage":0,"enemies":"3 Byrds","floor":18,"turns":3},{"damage":21,"enemies":"Spheric Guardian","floor":20,"turns":4},{"damage":9,"enemies":"Snake Plant","floor":21,"turns":5},{"damage":22,"enemies":"Gremlin Leader","floor":23,"turns":6},{"damage":1,"enemies":"Snecko","floor":25,"turns":5},{"damage":13,"enemies":"Book of Stabbing","floor":28,"turns":7},{"damage":9,"enemies":"3 Cultists","floor":29,"turns":4},{"damage":12,"enemies":"Colosseum Slavers","floor":30,"turns":3},{"damage":30,"enemies":"Colosseum Nobs","floor":30,"turns":5},{"damage":23,"enemies":"Collector","floor":33,"turns":8},{"damage":0,"enemies":"3 Shapes","floor":35,"turns":1},{"damage":20,"enemies":"Orb Walker","floor":39,"turns":4},{"damage":0,"enemies":"Nemesis","floor":40,"turns":7},{"damage":26,"enemies":"Reptomancer","floor":42,"turns":7},{"damage":21,"enemies":"Nemesis","floor":45,"turns":5},{"damage":11,"enemies":"Spire Growth","floor":46,"turns":5},{"damage":0,"enemies":"Writhing Mass","floor":48,"turns":5},{"damage":32,"enemies":"Awakened One","floor":50,"turns":8},{"damage":11,"enemies":"Shield and Spear","floor":54,"turns":5},{"damage":82,"enemies":"The Heart","floor":55,"turns":7}],"seed_played":"-2744486798596243411","potions_obtained":[{"floor":1,"key":"Weak Potion"},{"floor":2,"key":"SpeedPotion"},{"floor":6,"key":"Weak Potion"},{"floor":11,"key":"FairyPotion"},{"floor":11,"key":"Energy Potion"},{"floor":28,"key":"Regen Potion"}],"is_trial":false,"path_per_floor":["M","M","M","?","M","E","R","E","T","R","?","M","M","M","R","B",null,"M","?","M","M","?","E","R","M","T","$","E","M","?","?","R","B",null,"M","?","$","?","M","E","?","E","T","R","E","M","R","M","R","B",null,"R","$","E","B",null],"character_chosen":"IRONCLAD","items_purchased":["Limit Break","Mayhem","Whirlwind","Shuriken","Oddly Smooth Stone"],"campfire_rested":0,"item_purchase_floors":[27,27,37,37,53],"current_hp_per_floor":[80,80,80,60,63,52,52,28,28,28,28,34,40,37,37,19,80,80,80,65,62,62,46,46,51,51,51,44,41,16,42,42,25,80,80,80,80,80,66,75,75,55,55,55,42,39,39,47,47,21,89,89,89,86,10],"gold":98,"neow_bonus":"ONE_RARE_RELIC","is_prod":false,"is_daily":false,"chose_seed":false,"campfire_upgraded":8,"win_rate":0,"timestamp":1556849378,"path_taken":["M","M","M","?","M","E","R","E","T","R","?","M","M","M","R","BOSS","M","?","M","M","?","E","R","M","T","$","E","M","?","?","R","BOSS","M","?","$","?","M","E","?","E","T","R","E","?","R","M","R","BOSS","R","$","E","BOSS"],"build_version":"2019-01-23","purchased_purges":1,"victory":true,"max_hp_per_floor":[80,80,80,80,80,80,80,80,80,80,80,80,80,80,80,80,80,80,80,80,80,80,80,80,80,80,80,80,80,80,80,80,80,80,80,80,80,80,80,83,83,83,83,83,85,87,87,89,89,89,89,89,89,91,91],"card_choices":[{"not_picked":["Fire Breathing","Heavy Blade"],"picked":"Whirlwind","floor":1},{"not_picked":["Pommel Strike","Heavy Blade"],"picked":"Disarm","floor":2},{"not_picked":["Headbutt","Heavy Blade","Reckless Charge"],"picked":"SKIP","floor":3},{"not_picked":["Anger","Clothesline"],"picked":"Demon Form","floor":5},{"not_picked":["Sword Boomerang","Warcry"],"picked":"Shockwave","floor":6},{"not_picked":["Cleave","Armaments"],"picked":"Seeing Red","floor":8},{"not_picked":["Pommel Strike","Battle Trance"],"picked":"Shrug It Off","floor":12},{"not_picked":["Hemokinesis","Flex","Sword Boomerang"],"picked":"SKIP","floor":13},{"not_picked":["Immolate","Dual Wield","Wild Strike"],"picked":"SKIP","floor":14},{"not_picked":["Immolate","Juggernaut"],"picked":"Barricade","floor":16},{"not_picked":["Warcry","Pommel Strike+1","Sentinel+1"],"picked":"SKIP","floor":18},{"not_picked":["Feel No Pain","Searing Blow","Warcry"],"picked":"SKIP","floor":20},{"not_picked":["Burning Pact","Pummel"],"picked":"True Grit+1","floor":21},{"not_picked":["Whirlwind","Armaments+1","Headbutt"],"picked":"SKIP","floor":23},{"not_picked":["Wild Strike","Bloodletting"],"picked":"Intimidate+1","floor":25},{"not_picked":["Seeing Red+1","Dropkick"],"picked":"Uppercut","floor":28},{"not_picked":["Wild Strike+1","Clash"],"picked":"Impervious","floor":29},{"not_picked":["Double Tap","Juggernaut"],"picked":"Feed","floor":33},{"not_picked":["Shockwave+1","Sword Boomerang"],"picked":"Cleave+1","floor":35},{"not_picked":["Havoc+1","Sword Boomerang+1","Evolve+1"],"picked":"SKIP","floor":39},{"not_picked":["Anger","Disarm","Cleave"],"picked":"SKIP","floor":40},{"not_picked":["Sentinel","Warcry","Clothesline+1"],"picked":"SKIP","floor":42},{"not_picked":["Impervious","Uppercut","Heavy Blade"],"picked":"Singing Bowl","floor":45},{"not_picked":["Twin Strike+1","True Grit+1","Entrench+1"],"picked":"Singing Bowl","floor":46},{"not_picked":["Anger+1","Warcry","Pummel"],"picked":"Singing Bowl","floor":48},{"not_picked":["Entrench+1","Wild Strike","Perfected Strike+1"],"picked":"Singing Bowl","floor":54}],"player_experience":374285,"relics_obtained":[{"floor":6,"key":"Red Skull"},{"floor":8,"key":"Gremlin Horn"},{"floor":9,"key":"Mercury Hourglass"},{"floor":23,"key":"Self Forming Clay"},{"floor":28,"key":"Bottled Lightning"},{"floor":30,"key":"Ice Cream"},{"floor":30,"key":"Matryoshka"},{"floor":40,"key":"Potion Belt"},{"floor":42,"key":"Omamori"},{"floor":43,"key":"PreservedInsect"},{"floor":43,"key":"Singing Bowl"},{"floor":45,"key":"The Courier"},{"floor":54,"key":"Pen Nib"}],"event_choices":[{"damage_healed":0,"gold_gain":0,"player_choice":"Take Damage","damage_taken":20,"relics_obtained":["Golden Idol"],"max_hp_gain":0,"max_hp_loss":0,"event_name":"Golden Idol","floor":4,"gold_loss":0},{"damage_healed":0,"gold_gain":0,"player_choice":"Got Potions","damage_taken":0,"max_hp_gain":0,"max_hp_loss":0,"event_name":"Lab","floor":11,"gold_loss":0},{"cards_removed":["Strike_R"],"damage_healed":0,"gold_gain":0,"player_choice":"Elegance","damage_taken":0,"max_hp_gain":0,"max_hp_loss":0,"event_name":"Back to Basics","floor":19,"gold_loss":0},{"damage_healed":0,"gold_gain":0,"player_choice":"Inject Mutagens","damage_taken":0,"relics_obtained":["MutagenicStrength"],"max_hp_gain":0,"max_hp_loss":0,"event_name":"Drug Dealer","floor":22,"gold_loss":0},{"damage_healed":0,"gold_gain":0,"player_choice":"Fight","damage_taken":0,"max_hp_gain":0,"max_hp_loss":0,"event_name":"Colosseum","floor":30,"gold_loss":0},{"damage_healed":0,"gold_gain":0,"player_choice":"Fought Nobs","damage_taken":0,"max_hp_gain":0,"max_hp_loss":0,"event_name":"Colosseum","floor":30,"gold_loss":0},{"damage_healed":26,"gold_gain":0,"player_choice":"Heal","damage_taken":0,"max_hp_gain":0,"max_hp_loss":0,"event_name":"The Library","floor":31,"gold_loss":0},{"cards_removed":["Defend_R"],"damage_healed":0,"gold_gain":0,"player_choice":"Removed Skill","damage_taken":0,"max_hp_gain":0,"max_hp_loss":0,"event_name":"Falling","floor":36,"gold_loss":0},{"damage_healed":0,"gold_gain":0,"player_choice":"Paid","damage_taken":0,"relics_obtained":["Red Mask"],"max_hp_gain":0,"max_hp_loss":0,"event_name":"Tomb of Lord Red Mask","floor":38,"gold_loss":51},{"damage_healed":0,"gold_gain":0,"player_choice":"Ignored","damage_taken":0,"max_hp_gain":0,"max_hp_loss":0,"event_name":"NoteForYourself","floor":41,"gold_loss":0}],"is_beta":false,"boss_relics":[{"not_picked":["Calling Bell","Orrery"],"picked":"Coffee Dripper"},{"not_picked":["Astrolabe","Runic Cube"],"picked":"Sozu"}],"items_purged_floors":[27],"is_endless":false,"potions_floor_spawned":[1,2,6,12,14,16,18,21,28,30,40,42,46,48],"ascension_level":1}