{"gold_per_floor":[219,219,229,239,47,78,78,110,137,137,212,58,90,112,112,208,258,277,277,288,300,319,344,344,379,379,405,423,108,127,160,160,257,257,271,171,181,56,73,100,100,129,129,56,75,75,75,75,75,75],"floor_reached":51,"playtime":1843,"items_purged":["Defend_R","Defend_R","Defend_R"],"score":1146,"play_id":"c76efe8f-a37d-4902-85bf-953556536db9","local_time":"20181028172757","is_ascension_mode":true,"campfire_choices":[{"data":"Bloodletting","floor":7,"key":"SMITH"},{"data":"Flex","floor":10,"key":"SMITH"},{"data":"Double Tap","floor":15,"key":"SMITH"},{"data":"Perfected Strike","floor":24,"key":"SMITH"},{"data":"Perfected Strike","floor":32,"key":"SMITH"},{"floor":49,"key":"DIG"}],"neow_cost":"NONE","seed_source_timestamp":351588082915011,"circlet_count":0,"master_deck":["Strike_R+1","Strike_R+1","Strike_R+1","Strike_R+1","Strike_R+1","Bash+1","Twin Strike+1","Wild Strike+1","Twin Strike+1","Bloodletting+1","Double Tap+1","Double Tap+1","Perfected Strike+1","Perfected Strike+1","Clash+1","Perfected Strike+1","Twin Strike+1","Wild Strike+1","Flex+1","Perfected Strike+1","Wild Strike+1","Pommel Strike+1","Wild Strike+1","Battle Trance+1","Clash+1"],"relics":["Burning Blood","PreservedInsect","Potion Belt","Bag of Marbles","Bag of Preparation","Lantern","Whetstone","Odd Mushroom","Tiny House","Boot","Bronze Scales","Ornamental Fan","Mango","Question Card","Champion Belt","Coffee Dripper","Omamori","Juzu Bracelet","Shovel","Mark of the Bloom","Smiling Mask"],"potions_floor_usage":[6,14,25,25,37,50,50,50],"damage_taken":[{"damage":7,"enemies":"Small Slimes","floor":1,"turns":3},{"damage":1,"enemies":"Cultist","floor":3,"turns":3},{"damage":2,"enemies":"Jaw Worm","floor":4,"turns":3},{"damage":16,"enemies":"Gremlin Nob","floor":6,"turns":3},{"damage":33,"enemies":"Lagavulin","floor":8,"turns":5},{"damage":0,"enemies":"Gremlin Nob","floor":13,"turns":2},{"damage":9,"enemies":"The Mushroom Lair","floor":14,"turns":2},{"damage":9,"enemies":"Slime Boss","floor":16,"turns":6},{"damage":2,"enemies":"Chosen","floor":18,"turns":2},{"damage":11,"enemies":"Spheric Guardian","floor":20,"turns":3},{"damage":0,"enemies":"Snake Plant","floor":21,"turns":1},{"damage":12,"enemies":"Cultist and Chosen","floor":22,"turns":3},{"damage":7,"enemies":"Slavers","floor":23,"turns":2},{"damage":2,"enemies":"Book of Stabbing","floor":25,"turns":1},{"damage":14,"enemies":"Slavers","floor":27,"turns":3},{"damage":0,"enemies":"Snecko","floor":28,"turns":2},{"damage":0,"enemies":"Snake Plant","floor":30,"turns":1},{"damage":3,"enemies":"Book of Stabbing","floor":31,"turns":1},{"damage":86,"enemies":"Champ","floor":33,"turns":5},{"damage":0,"enemies":"Orb Walker","floor":35,"turns":1},{"damage":7,"enemies":"3 Darklings","floor":37,"turns":3},{"damage":3,"enemies":"Maw","floor":39,"turns":1},{"damage":0,"enemies":"Reptomancer","floor":40,"turns":1},{"damage":0,"enemies":"Giant Head","floor":42,"turns":1},{"damage":0,"enemies":"Spire Growth","floor":45,"turns":1},{"damage":13,"enemies":"Time Eater","floor":50,"turns":3}],"seed_played":"3291588470609095782","potions_obtained":[{"floor":3,"key":"AttackPotion"},{"floor":4,"key":"SpeedPotion"},{"floor":8,"key":"PowerPotion"},{"floor":14,"key":"Fruit Juice"},{"floor":17,"key":"BloodPotion"},{"floor":21,"key":"LiquidBronze"},{"floor":23,"key":"Explosive Potion"},{"floor":31,"key":"Regen Potion"},{"floor":33,"key":"PowerPotion"},{"floor":37,"key":"Energy Potion"},{"floor":42,"key":"Strength Potion"}],"is_trial":false,"path_per_floor":["M","?","M","M","$","E","R","E","T","R","?","$","E","?","R","B",null,"M","?","M","M","M","E","R","E","T","E","M","$","M","E","R","B",null,"M","$","M","$","M","E","?","E","T","$","M","?","?","?","R","B"],"character_chosen":"IRONCLAD","items_purchased":["PreservedInsect","Twin Strike","Lantern","Question Card","Clash","Fire Potion"],"campfire_rested":0,"item_purchase_floors":[5,5,12,29,44,44],"current_hp_per_floor":[79,79,80,80,80,70,70,43,43,43,32,32,38,40,40,37,90,90,90,85,90,84,83,83,87,87,93,99,99,104,104,104,24,104,104,104,103,103,104,104,104,104,104,104,104,104,104,99,99,86],"gold":75,"neow_bonus":"HUNDRED_GOLD","is_prod":false,"is_daily":false,"chose_seed":false,"campfire_upgraded":5,"win_rate":0,"timestamp":1540769277,"path_taken":["M","?","?","?","$","E","R","E","T","R","?","$","E","?","R","BOSS","M","?","?","M","M","E","R","E","T","E","M","$","M","E","R","BOSS","M","?","?","$","M","E","?","E","T","?","M","?","?","?","R","BOSS"],"build_version":"2018-10-25v2","purchased_purges":3,"victory":true,"max_hp_per_floor":[80,80,80,80,80,80,80,80,80,80,80,80,80,85,85,85,90,90,90,90,90,90,90,90,90,90,104,104,104,104,104,104,104,104,104,104,104,104,104,104,104,104,104,104,104,104,104,99,99,99],"card_choices":[{"not_picked":["Havoc","Uppercut","Clothesline"],"picked":"SKIP","floor":1},{"not_picked":["Dual Wield","Iron Wave"],"picked":"Twin Strike","floor":3},{"not_picked":["Shrug It Off","Headbutt"],"picked":"Wild Strike","floor":4},{"not_picked":["Rampage","Clothesline"],"picked":"Bloodletting","floor":6},{"not_picked":["Thunderclap","Havoc"],"picked":"Flex","floor":8},{"not_picked":["Anger","Wild Strike"],"picked":"Double Tap","floor":13},{"not_picked":["Immolate","Exhume"],"picked":"Double Tap","floor":16},{"not_picked":["True Grit","Anger"],"picked":"Perfected Strike","floor":17},{"not_picked":["Clothesline","Limit Break"],"picked":"Perfected Strike","floor":18},{"not_picked":["Shrug It Off","Thunderclap+1"],"picked":"Clash","floor":20},{"not_picked":["Armaments","Thunderclap"],"picked":"Perfected Strike+1","floor":21},{"not_picked":["Anger","Dual Wield","Shockwave"],"picked":"SKIP","floor":22},{"not_picked":["Armaments+1","Pummel"],"picked":"Twin Strike+1","floor":23},{"not_picked":["Burning Pact","Sentinel+1"],"picked":"Wild Strike","floor":25},{"not_picked":["True Grit","Dropkick+1","Body Slam"],"picked":"SKIP","floor":27},{"not_picked":["Sword Boomerang+1","Sever Soul+1"],"picked":"Flex","floor":28},{"not_picked":["Hemokinesis+1","Wild Strike","Feed"],"picked":"Perfected Strike","floor":30},{"not_picked":["Anger","Demon Form","Sword Boomerang"],"picked":"Wild Strike","floor":31},{"not_picked":["Cleave","Sword Boomerang+1","Sentinel","Body Slam"],"picked":"SKIP","floor":35},{"not_picked":["True Grit","Blood for Blood+1","Battle Trance+1"],"picked":"Pommel Strike+1","floor":37},{"not_picked":["Ghostly Armor+1","Inflame","Heavy Blade"],"picked":"Wild Strike+1","floor":39},{"not_picked":["Blood for Blood+1","Sentinel+1","Dropkick","Bloodletting"],"picked":"SKIP","floor":40},{"not_picked":["Blood for Blood+1","Fiend Fire","Perfected Strike"],"picked":"Battle Trance+1","floor":42},{"not_picked":["Clothesline+1","Shrug It Off","Reckless Charge+1","Rampage"],"picked":"SKIP","floor":45}],"player_experience":215653,"relics_obtained":[{"floor":6,"key":"Potion Belt"},{"floor":8,"key":"Bag of Marbles"},{"floor":9,"key":"Bag of Preparation"},{"floor":13,"key":"Whetstone"},{"floor":14,"key":"Odd Mushroom"},{"floor":23,"key":"Boot"},{"floor":25,"key":"Bronze Scales"},{"floor":26,"key":"Ornamental Fan"},{"floor":27,"key":"Mango"},{"floor":31,"key":"Champion Belt"},{"floor":40,"key":"Omamori"},{"floor":42,"key":"Juzu Bracelet"},{"floor":43,"key":"Shovel"},{"floor":49,"key":"Smiling Mask"}],"event_choices":[{"cards_removed":["Defend_R"],"damage_healed":0,"gold_gain":0,"player_choice":"Offered Basic","damage_taken":0,"max_hp_gain":0,"max_hp_loss":0,"event_name":"Bonfire Elementals","floor":2,"gold_loss":0},{"damage_healed":0,"gold_gain":75,"player_choice":"Gather Gold","damage_taken":11,"max_hp_gain":0,"max_hp_loss":0,"event_name":"World of Goop","floor":11,"gold_loss":0},{"damage_healed":0,"gold_gain":0,"player_choice":"Fought Mushrooms","damage_taken":0,"max_hp_gain":0,"max_hp_loss":0,"event_name":"Mushrooms","floor":14,"gold_loss":0},{"damage_healed":0,"gold_gain":0,"player_choice":"Ignored","damage_taken":0,"max_hp_gain":0,"max_hp_loss":0,"event_name":"Ghosts","floor":19,"gold_loss":0},{"cards_removed":["Flex"],"damage_healed":0,"gold_gain":0,"player_choice":"Removed Skill","damage_taken":0,"max_hp_gain":0,"max_hp_loss":0,"event_name":"Falling","floor":41,"gold_loss":0},{"damage_healed":0,"gold_gain":0,"player_choice":"Upgrade","damage_taken":0,"relics_obtained":["Mark of the Bloom"],"max_hp_gain":0,"max_hp_loss":0,"event_name":"MindBloom","floor":46,"gold_loss":0,"cards_upgraded":["Strike_R","Strike_R","Strike_R","Bash","Twin Strike","Wild Strike","Twin Strike","Perfected Strike","Clash","Wild Strike","Flex","Wild Strike","Clash"]},{"damage_healed":0,"gold_gain":0,"player_choice":"Memory 1","damage_taken":0,"max_hp_gain":0,"max_hp_loss":0,"event_name":"SensoryStone","floor":47,"gold_loss":0},{"damage_healed":0,"gold_gain":0,"player_choice":"Max HP","damage_taken":0,"max_hp_gain":0,"max_hp_loss":5,"event_name":"Winding Halls","floor":48,"gold_loss":0}],"is_beta":false,"boss_relics":[{"not_picked":["Velvet Choker","Busted Crown"],"picked":"Tiny House"},{"not_picked":["Pandora\u0027s Box","Empty Cage"],"picked":"Coffee Dripper"}],"items_purged_floors":[29,36,38],"is_endless":false,"potions_floor_spawned":[3,4,8,14,21,23,31,33,37,40,42],"ascension_level":4}