{"gold_per_floor":[111,111,130,141,154,154,154,184,260,275,275,285,285,285,285,385,385,404,129,129,129,142,170,170,80,80,91,104,104,121,135,135,232,232,247,247,247,257,257,257,271,271,271,283,312,312,138,151,151,151],"floor_reached":51,"playtime":2920,"items_purged":["Strike_B","Strike_B"],"score":771,"play_id":"3eec0315-cb84-40ed-a03d-c84c67cee024","local_time":"20190421132806","is_ascension_mode":true,"campfire_choices":[{"data":"Coolheaded","floor":6,"key":"SMITH"},{"data":"Go for the Eyes","floor":11,"key":"SMITH"},{"data":"Hyperbeam","floor":15,"key":"SMITH"},{"data":"Barrage","floor":24,"key":"SMITH"},{"data":"Loop","floor":29,"key":"SMITH"},{"data":"Glacier","floor":32,"key":"SMITH"},{"data":"Machine Learning","floor":42,"key":"SMITH"},{"data":"Glacier","floor":46,"key":"SMITH"},{"data":"Defragment","floor":49,"key":"SMITH"}],"neow_cost":"NONE","seed_source_timestamp":374978922078479,"circlet_count":0,"master_deck":["Defend_B","Defend_B","Defend_B+1","Zap+1","Dualcast","Go for the Eyes+1","Hologram","Coolheaded+1","Sweeping Beam","Coolheaded","Hyperbeam+1","All For One","Glacier+1","Barrage+1","Glacier+1","Loop+1","Glacier","Core Surge","Chill+1","Machine Learning+1","Finesse","Go for the Eyes+1","Conserve Battery+1","Self Repair+1","Defragment+1"],"relics":["Cracked Core","Dream Catcher","Dead Branch","Vajra","Cables","Coffee Dripper","War Paint","Bottled Flame","Inserter","Pen Nib","PreservedInsect"],"potions_floor_usage":[16,16,16,23,33],"damage_taken":[{"damage":8,"enemies":"Jaw Worm","floor":1,"turns":4},{"damage":5,"enemies":"Small Slimes","floor":3,"turns":3},{"damage":0,"enemies":"Cultist","floor":4,"turns":3},{"damage":7,"enemies":"Large Slime","floor":5,"turns":7},{"damage":17,"enemies":"Lagavulin","floor":8,"turns":11},{"damage":3,"enemies":"Looter","floor":10,"turns":3},{"damage":0,"enemies":"Lots of Slimes","floor":12,"turns":2},{"damage":23,"enemies":"Hexaghost","floor":16,"turns":13},{"damage":12,"enemies":"2 Thieves","floor":18,"turns":2},{"damage":5,"enemies":"3 Byrds","floor":22,"turns":4},{"damage":15,"enemies":"Slavers","floor":23,"turns":4},{"damage":3,"enemies":"Snake Plant","floor":27,"turns":6},{"damage":0,"enemies":"Snecko","floor":28,"turns":7},{"damage":20,"enemies":"Shelled Parasite and Fungi","floor":30,"turns":7},{"damage":0,"enemies":"3 Cultists","floor":31,"turns":2},{"damage":18,"enemies":"Champ","floor":33,"turns":18},{"damage":0,"enemies":"Orb Walker","floor":35,"turns":5},{"damage":1,"enemies":"3 Shapes","floor":38,"turns":2},{"damage":9,"enemies":"Spire Growth","floor":41,"turns":5},{"damage":1,"enemies":"4 Shapes","floor":44,"turns":3},{"damage":17,"enemies":"Reptomancer","floor":45,"turns":8},{"damage":5,"enemies":"Transient","floor":48,"turns":5},{"damage":7,"enemies":"Donu and Deca","floor":50,"turns":14}],"seed_played":"2082145243084545872","potions_obtained":[{"floor":4,"key":"EssenceOfSteel"},{"floor":8,"key":"SpeedPotion"},{"floor":10,"key":"Swift Potion"},{"floor":22,"key":"Block Potion"},{"floor":30,"key":"Block Potion"},{"floor":33,"key":"GamblersBrew"},{"floor":41,"key":"FairyPotion"},{"floor":45,"key":"Swift Potion"}],"is_trial":false,"path_per_floor":["M","?","M","M","M","R","?","E","T","M","R","M","?","?","R","B",null,"M","$","?","?","M","E","R","?","T","M","M","R","M","M","R","B",null,"M","?","?","M","?","?","M","R","T","M","E","R","$","M","R","B",null],"character_chosen":"DEFECT","items_purchased":["Barrage","Glacier","Loop","Defragment"],"campfire_rested":0,"item_purchase_floors":[19,19,19,47],"current_hp_per_floor":[67,64,59,59,52,52,45,28,28,25,25,25,25,25,25,2,75,63,63,63,63,58,43,43,43,43,40,40,40,20,20,20,2,75,75,75,75,74,74,74,65,65,65,64,47,47,47,52,52,55],"gold":151,"neow_bonus":"RANDOM_COMMON_RELIC","is_prod":false,"is_daily":false,"chose_seed":false,"campfire_upgraded":9,"win_rate":0,"timestamp":1555867686,"path_taken":["M","?","M","M","M","R","?","E","T","?","R","M","?","?","R","BOSS","M","$","?","?","M","E","R","?","T","?","M","R","M","M","R","BOSS","M","?","?","M","?","?","?","R","T","M","E","R","$","M","R","BOSS"],"build_version":"2019-01-23","purchased_purges":2,"victory":true,"max_hp_per_floor":[75,75,75,75,75,75,75,75,75,75,75,75,75,75,75,75,75,75,75,75,75,75,75,75,75,75,75,75,75,75,75,75,75,75,75,75,75,75,75,75,75,75,75,75,75,75,75,75,75,75],"card_choices":[{"not_picked":["Leap","Sweeping Beam"],"picked":"Go for the Eyes","floor":1},{"not_picked":["Auto Shields","Steam"],"picked":"Hologram","floor":3},{"not_picked":["Rebound","Heatsinks"],"picked":"Coolheaded","floor":4},{"not_picked":["Doom and Gloom","Undo","Redo"],"picked":"SKIP","floor":5},{"not_picked":["Rebound","Rip and Tear"],"picked":"Sweeping Beam","floor":8},{"not_picked":["Rebound","FTL"],"picked":"Coolheaded","floor":10},{"not_picked":["Stack","Redo","Ball Lightning"],"picked":"SKIP","floor":12},{"not_picked":["Fission","Electrodynamics"],"picked":"All For One","floor":16},{"not_picked":["Ball Lightning","Fusion"],"picked":"Glacier","floor":18},{"not_picked":["Scrape+1","Steam","Stack+1"],"picked":"SKIP","floor":22},{"not_picked":["Buffer","Turbo+1"],"picked":"Glacier","floor":23},{"not_picked":["Coolheaded","Conserve Battery","Barrage"],"picked":"SKIP","floor":27},{"not_picked":["Storm+1","Ball Lightning"],"picked":"Core Surge","floor":28},{"not_picked":["Compile Driver","Streamline","Ball Lightning"],"picked":"SKIP","floor":30},{"not_picked":["Stack","Melter"],"picked":"Chill+1","floor":31},{"not_picked":["Hyperbeam","Multi-Cast"],"picked":"Machine Learning","floor":33},{"not_picked":["Melter","Coolheaded+1","Skim"],"picked":"SKIP","floor":35},{"not_picked":["The Bomb","Jack Of All Trades"],"picked":"Finesse","floor":37},{"not_picked":["Heatsinks+1","Compile Driver+1"],"picked":"Go for the Eyes+1","floor":38},{"not_picked":["Leap+1","Ball Lightning"],"picked":"Conserve Battery+1","floor":41},{"not_picked":["Skim","Coolheaded+1","Barrage"],"picked":"SKIP","floor":44},{"not_picked":["Beam Cell+1","Force Field"],"picked":"Self Repair+1","floor":45},{"not_picked":["Compile Driver","Static Discharge+1","Steam"],"picked":"SKIP","floor":48}],"player_experience":252090,"relics_obtained":[{"floor":8,"key":"Vajra"},{"floor":9,"key":"Cables"},{"floor":23,"key":"War Paint"},{"floor":26,"key":"Bottled Flame"},{"floor":43,"key":"Pen Nib"},{"floor":45,"key":"PreservedInsect"}],"event_choices":[{"damage_healed":0,"gold_gain":0,"player_choice":"Success","damage_taken":3,"relics_obtained":["Dead Branch"],"max_hp_gain":0,"max_hp_loss":0,"event_name":"Scrap Ooze","floor":2,"gold_loss":0},{"damage_healed":0,"gold_gain":0,"player_choice":"Damaged","damage_taken":7,"max_hp_gain":0,"max_hp_loss":0,"event_name":"Wheel of Change","floor":7,"gold_loss":0},{"damage_healed":0,"gold_gain":0,"player_choice":"Ignored","damage_taken":0,"max_hp_gain":0,"max_hp_loss":0,"event_name":"Liars Game","floor":13,"gold_loss":0},{"damage_healed":0,"gold_gain":0,"cards_transformed":["Strike_B"],"player_choice":"Change","damage_taken":0,"max_hp_gain":0,"max_hp_loss":0,"event_name":"Living Wall","floor":14,"gold_loss":0,"cards_obtained":["Hyperbeam"]},{"damage_healed":0,"gold_gain":0,"player_choice":"Ignored","damage_taken":0,"max_hp_gain":0,"max_hp_loss":0,"event_name":"Ghosts","floor":20,"gold_loss":0},{"damage_healed":0,"gold_gain":0,"player_choice":"Ignored","damage_taken":0,"max_hp_gain":0,"max_hp_loss":0,"event_name":"Vampires","floor":21,"gold_loss":0},{"cards_removed":["Strike_B"],"damage_healed":0,"gold_gain":0,"player_choice":"Upgrade and Remove","damage_taken":0,"max_hp_gain":0,"max_hp_loss":0,"event_name":"Designer","floor":25,"gold_loss":90,"cards_upgraded":["Defend_B"]},{"cards_removed":["Defend_B"],"damage_healed":0,"gold_gain":0,"player_choice":"Removed Skill","damage_taken":0,"max_hp_gain":0,"max_hp_loss":0,"event_name":"Falling","floor":36,"gold_loss":0},{"damage_healed":0,"gold_gain":0,"player_choice":"Memory 1","damage_taken":0,"max_hp_gain":0,"max_hp_loss":0,"event_name":"SensoryStone","floor":37,"gold_loss":0},{"damage_healed":0,"gold_gain":0,"player_choice":"Ignored","damage_taken":0,"max_hp_gain":0,"max_hp_loss":0,"event_name":"Tomb of Lord Red Mask","floor":39,"gold_loss":0},{"damage_healed":0,"gold_gain":0,"player_choice":"Ignored","damage_taken":0,"max_hp_gain":0,"max_hp_loss":0,"event_name":"SecretPortal","floor":40,"gold_loss":0}],"is_beta":false,"boss_relics":[{"not_picked":["Sozu","Lizard Tail"],"picked":"Coffee Dripper"},{"not_picked":["White Beast Statue","Philosopher\u0027s Stone"],"picked":"Inserter"}],"items_purged_floors":[19,47],"is_endless":false,"potions_floor_spawned":[4,8,10,22,30,33,41,45],"ascension_level":3}