{"gold_per_floor":[117,94,269,288,299,299,326,326,395,395,412,712,723,118,118,222,222,236,254,264,314,327,327,343,356,404,419,433,433,451,451],"floor_reached":31,"playtime":1980,"items_purged":[],"score":268,"play_id":"7f9ab429-7f8e-4555-895e-0979efbf6433","local_time":"20190316122113","is_ascension_mode":false,"campfire_choices":[{"data":"Pommel Strike","floor":6,"key":"SMITH"},{"data":"Metallicize","floor":8,"key":"SMITH"},{"data":"Transmutation","floor":15,"key":"SMITH"},{"floor":23,"key":"REST"},{"floor":29,"key":"REST"}],"neow_cost":"NONE","seed_source_timestamp":260607356040,"circlet_count":0,"master_deck":["Strike_R","Strike_R","Strike_R+1","Strike_R+1","Strike_R","Defend_R","Defend_R","Defend_R","Defend_R","Bash","Demon Form","Pommel Strike+1","Doubt","Metallicize+1","Berserk","Rage","Rampage","Cleave","Transmutation+1","Dramatic Entrance","Reaper","Twin Strike+1","Pommel Strike+1","Battle Trance+1","Warcry","Infernal Blade","Thunderclap+1","Feed"],"relics":["Burning Blood","Boot","Question Card","Omamori","Old Coin","Strawberry","Whetstone","Fusion Hammer","Happy Flower"],"potions_floor_usage":[16,19,20,24,25,31],"damage_taken":[{"damage":0,"enemies":"Small Slimes","floor":1,"turns":4},{"damage":0,"enemies":"2 Louse","floor":4,"turns":3},{"damage":6,"enemies":"Cultist","floor":5,"turns":4},{"damage":34,"enemies":"Gremlin Nob","floor":7,"turns":5},{"damage":3,"enemies":"2 Fungi Beasts","floor":11,"turns":4},{"damage":11,"enemies":"Red Slaver","floor":13,"turns":3},{"damage":38,"enemies":"Hexaghost","floor":16,"turns":9},{"damage":15,"enemies":"Spheric Guardian","floor":18,"turns":4},{"damage":16,"enemies":"2 Thieves","floor":19,"turns":4},{"damage":32,"enemies":"Snake Plant","floor":20,"turns":4},{"damage":30,"enemies":"Chosen and Byrds","floor":22,"turns":6},{"damage":33,"enemies":"3 Cultists","floor":24,"turns":4},{"damage":11,"enemies":"Centurion and Healer","floor":25,"turns":4},{"damage":47,"enemies":"Snecko","floor":27,"turns":5},{"damage":0,"enemies":"3 Cultists","floor":28,"turns":4},{"damage":39,"enemies":"Shelled Parasite and Fungi","floor":30,"turns":5},{"damage":68,"enemies":"Gremlin Leader","floor":31,"turns":5}],"seed_played":"755020506371625751","potions_obtained":[{"floor":4,"key":"Poison Potion"},{"floor":5,"key":"BloodPotion"},{"floor":7,"key":"SteroidPotion"},{"floor":18,"key":"SteroidPotion"},{"floor":19,"key":"Fire Potion"},{"floor":22,"key":"PowerPotion"}],"is_trial":false,"path_per_floor":["M","?","?","M","M","R","E","R","T","?","M","?","M","$","R","B",null,"M","M","M","?","M","R","M","M","T","M","M","R","M","E"],"character_chosen":"IRONCLAD","items_purchased":["Strawberry","Whetstone","Swift Potion","Transmutation","Dramatic Entrance"],"campfire_rested":2,"item_purchase_floors":[14,14,14,14,14],"current_hp_per_floor":[80,80,80,80,80,80,52,52,52,52,55,55,50,57,57,25,87,79,79,57,57,41,67,40,51,51,16,37,63,35,0],"gold":451,"neow_bonus":"ONE_RANDOM_RARE_CARD","is_prod":false,"is_daily":false,"chose_seed":false,"campfire_upgraded":3,"win_rate":0.0,"timestamp":1552753273,"path_taken":["M","?","?","M","M","R","E","R","T","?","M","?","M","$","R","BOSS","M","?","M","?","M","R","M","?","T","M","M","R","M","E"],"build_version":"2019-01-23","purchased_purges":0,"victory":false,"max_hp_per_floor":[80,80,80,80,80,80,80,80,80,80,80,80,80,87,87,87,87,87,87,87,87,87,87,87,87,87,87,87,87,87,87],"card_choices":[{"not_picked":["Body Slam","Heavy Blade"],"picked":"Pommel Strike","floor":1},{"not_picked":["Body Slam","Armaments"],"picked":"Metallicize","floor":4},{"not_picked":["Burning Pact","Clash"],"picked":"Berserk","floor":5},{"not_picked":["Seeing Red","Rupture"],"picked":"Rage","floor":7},{"not_picked":["Rage","Sever Soul","Heavy Blade"],"picked":"Rampage","floor":11},{"not_picked":["Heavy Blade","Infernal Blade","True Grit"],"picked":"Cleave","floor":13},{"not_picked":["Brutality","Fiend Fire","Juggernaut"],"picked":"Reaper","floor":16},{"not_picked":["Anger","Fire Breathing","Hemokinesis"],"picked":"Twin Strike+1","floor":18},{"not_picked":["Feel No Pain","Thunderclap","Body Slam"],"picked":"Pommel Strike+1","floor":19},{"not_picked":["Seeing Red","Entrench","Metallicize","Clash"],"picked":"SKIP","floor":20},{"not_picked":["Metallicize+1","Reckless Charge+1","Power Through"],"picked":"Battle Trance+1","floor":22},{"not_picked":["Reckless Charge","Hemokinesis+1","Metallicize+1"],"picked":"Warcry","floor":24},{"not_picked":["Disarm+1","Metallicize","Clothesline"],"picked":"Infernal Blade","floor":25},{"not_picked":["Searing Blow+1","Cleave+1","Heavy Blade"],"picked":"Thunderclap+1","floor":27},{"not_picked":["Fiend Fire","Shrug It Off","Sword Boomerang","Iron Wave"],"picked":"SKIP","floor":28},{"not_picked":["Sword Boomerang","Headbutt","Perfected Strike+1"],"picked":"Feed","floor":30}],"player_experience":16208,"relics_obtained":[{"floor":7,"key":"Boot"},{"floor":9,"key":"Question Card"},{"floor":26,"key":"Happy Flower"}],"event_choices":[{"damage_healed":0,"gold_gain":0,"player_choice":"Left Gold","damage_taken":0,"max_hp_gain":0,"max_hp_loss":0,"event_name":"World of Goop","floor":2,"gold_loss":23},{"damage_healed":0,"gold_gain":175,"player_choice":"AGREE","damage_taken":0,"max_hp_gain":0,"max_hp_loss":0,"event_name":"Liars Game","floor":3,"gold_loss":0,"cards_obtained":["Doubt"]},{"damage_healed":0,"gold_gain":0,"player_choice":"Searched \u00272\u0027 times","damage_taken":0,"relics_obtained":["Omamori"],"max_hp_gain":0,"max_hp_loss":0,"event_name":"Dead Adventurer","floor":10,"gold_loss":0},{"damage_healed":0,"gold_gain":0,"player_choice":"Gave Potion","damage_taken":0,"relics_obtained":["Old Coin"],"max_hp_gain":0,"max_hp_loss":0,"event_name":"WeMeetAgain","floor":12,"gold_loss":0},{"damage_healed":0,"gold_gain":100,"player_choice":"Bet on Murderer","damage_taken":0,"max_hp_gain":0,"max_hp_loss":0,"event_name":"The Joust","floor":21,"gold_loss":50}],"is_beta":false,"boss_relics":[{"not_picked":["Busted Crown","Tiny House"],"picked":"Fusion Hammer"}],"items_purged_floors":[],"is_endless":false,"potions_floor_spawned":[4,5,7,18,19,22],"killed_by":"Gremlin Leader","ascension_level":0}