{"gold_per_floor":[115,115,165,179,179,179,191,191,191,209,209,227,241,263,263,263],"floor_reached":16,"playtime":509,"items_purged":[],"score":184,"play_id":"283dd12a-65a8-4bce-93af-e7b6ab51c634","local_time":"20190522175513","is_ascension_mode":true,"campfire_choices":[{"data":"Bash","floor":6.0,"key":"SMITH"},{"data":"Shrug It Off","floor":8.0,"key":"SMITH"},{"data":"Shrug It Off","floor":11.0,"key":"SMITH"},{"data":"Rampage","floor":15,"key":"SMITH"}],"neow_cost":"TEN_PERCENT_HP_LOSS","seed_source_timestamp":0,"circlet_count":0,"master_deck":["AscendersBane","Strike_R","Strike_R","Strike_R","Strike_R","Defend_R","Defend_R","Defend_R","Defend_R","Bash+1","Offering","Cleave","Shrug It Off+1","Shrug It Off+1","True Grit","Rampage+1","Double Tap"],"special_seed":0,"relics":["Burning Blood","Smiling Mask","Odd Mushroom"],"potions_floor_usage":[14,16],"damage_taken":[{"damage":7.0,"enemies":"Cultist","floor":1.0,"turns":3.0},{"damage":3.0,"enemies":"2 Louse","floor":4.0,"turns":2.0},{"damage":6.0,"enemies":"Small Slimes","floor":7.0,"turns":3.0},{"damage":9.0,"enemies":"Gremlin Gang","floor":10.0,"turns":4.0},{"damage":6.0,"enemies":"Looter","floor":12.0,"turns":3.0},{"damage":7,"enemies":"Exordium Wildlife","floor":13,"turns":4},{"damage":22,"enemies":"The Mushroom Lair","floor":14,"turns":3},{"damage":51,"enemies":"Slime Boss","floor":16,"turns":7}],"seed_played":"-1136423222963708986","potions_obtained":[{"floor":5.0,"key":"Strength Potion"},{"floor":5.0,"key":"BloodPotion"}],"is_trial":false,"path_per_floor":["M","?","?","M","?","R","M","R","T","M","R","M","M","?","R","B"],"character_chosen":"IRONCLAD","items_purchased":[],"campfire_rested":0,"item_purchase_floors":[],"current_hp_per_floor":[67,60,54,57,57,57,57,57,57,54,54,54,53,37,37,0],"gold":263,"neow_bonus":"THREE_RARE_CARDS","is_prod":false,"is_daily":false,"chose_seed":false,"campfire_upgraded":4,"win_rate":0,"timestamp":1558562113,"path_taken":["M","?","?","?","?","R","M","R","T","M","R","?","M","?","R","BOSS"],"build_version":"2019-01-23","purchased_purges":0,"victory":false,"max_hp_per_floor":[68,68,68,68,68,68,68,68,68,68,68,68,68,68,68,68],"card_choices":[{"not_picked":["Exhume","Double Tap"],"picked":"Offering","floor":0.0},{"not_picked":["Headbutt","Feel No Pain"],"picked":"Cleave","floor":1.0},{"not_picked":["Wild Strike","Iron Wave"],"picked":"Shrug It Off","floor":4.0},{"not_picked":["Iron Wave","Blood for Blood"],"picked":"Shrug It Off","floor":7.0},{"not_picked":["Sever Soul","Iron Wave","Anger"],"picked":"SKIP","floor":10.0},{"not_picked":["Reaper","Pommel Strike"],"picked":"True Grit","floor":12.0},{"not_picked":["Dual Wield","Havoc"],"picked":"Rampage","floor":13},{"not_picked":["Sentinel","Anger"],"picked":"Double Tap","floor":14}],"player_experience":482339,"relics_obtained":[{"floor":9.0,"key":"Smiling Mask"},{"floor":14,"key":"Odd Mushroom"}],"event_choices":[{"cards_removed":["Strike_R"],"damage_healed":0.0,"max_hp_gain":0.0,"max_hp_loss":0.0,"gold_gain":0.0,"event_name":"Golden Wing","player_choice":"Card Removal","floor":2.0,"gold_loss":0.0,"damage_taken":7.0},{"damage_healed":0.0,"max_hp_gain":0.0,"max_hp_loss":0.0,"gold_gain":50.0,"event_name":"FaceTrader","player_choice":"Touch","floor":3.0,"gold_loss":0.0,"damage_taken":6.0},{"damage_healed":0.0,"max_hp_gain":0.0,"max_hp_loss":0.0,"gold_gain":0.0,"event_name":"Lab","player_choice":"Got Potions","floor":5.0,"gold_loss":0.0,"damage_taken":0.0},{"damage_healed":0,"gold_gain":0,"player_choice":"Fought Mushrooms","damage_taken":0,"max_hp_gain":0,"max_hp_loss":0,"event_name":"Mushrooms","floor":14,"gold_loss":0}],"is_beta":false,"boss_relics":[],"items_purged_floors":[],"is_endless":false,"potions_floor_spawned":[10],"killed_by":"Slime Boss","ascension_level":20}