{"gold_per_floor":[111,128,128,228,253,296,296,311,311,336,336,359,379,417,417,536,536,552,175,175,193,193,193,193,193,261,279,279,36,55,66,66,66],"floor_reached":33,"playtime":3104,"items_purged":["Strike_R","Strike_R"],"score":259,"play_id":"2b7086c0-5785-4232-bea7-1b990024d1bb","local_time":"20190608003130","is_ascension_mode":false,"campfire_choices":[{"data":"Armaments","floor":7,"key":"SMITH"},{"floor":11,"key":"RECALL"},{"data":"Armaments","floor":15,"key":"SMITH"},{"data":"Demon Form","floor":23,"key":"SMITH"},{"data":"Rampage","floor":25,"key":"SMITH"},{"data":"Heavy Blade","floor":28,"key":"SMITH"},{"floor":32,"key":"REST"}],"neow_cost":"NONE","seed_source_timestamp":1984714438513700,"circlet_count":0,"master_deck":["Strike_R","Strike_R","Strike_R","Defend_R","Defend_R","Defend_R","Defend_R","Bash+1","Headbutt","Armaments+1","Cleave","Pommel Strike","Armaments+1","Evolve","Demon Form+1","Dual Wield","Rampage+1","Heavy Blade+1","Inflame"],"relics":["Burning Blood","Bloody Idol","Oddly Smooth Stone","Champion Belt","Philosopher\u0027s Stone","Mango","Blue Candle","Juzu Bracelet"],"potions_floor_usage":[14,14,16,21,31,33,33],"damage_taken":[{"damage":0,"enemies":"Small Slimes","floor":1,"turns":3},{"damage":0,"enemies":"2 Louse","floor":2,"turns":3},{"damage":0,"enemies":"Cultist","floor":5,"turns":4},{"damage":39,"enemies":"Lagavulin","floor":6,"turns":8},{"damage":10,"enemies":"Looter","floor":8,"turns":3},{"damage":3,"enemies":"2 Fungi Beasts","floor":10,"turns":3},{"damage":1,"enemies":"Blue Slaver","floor":12,"turns":3},{"damage":1,"enemies":"Gremlin Gang","floor":13,"turns":4},{"damage":11,"enemies":"Gremlin Nob","floor":14,"turns":4},{"damage":16,"enemies":"Slime Boss","floor":16,"turns":12},{"damage":3,"enemies":"Chosen","floor":18,"turns":5},{"damage":40,"enemies":"3 Byrds","floor":21,"turns":5},{"damage":28,"enemies":"Snake Plant","floor":27,"turns":5},{"damage":8,"enemies":"Sentry and Sphere","floor":30,"turns":4},{"damage":25,"enemies":"3 Cultists","floor":31,"turns":6},{"damage":79,"enemies":"Collector","floor":33,"turns":6}],"seed_played":"-1251450736600532589","potions_obtained":[{"floor":5,"key":"GamblersBrew"},{"floor":6,"key":"EssenceOfSteel"},{"floor":8,"key":"Strength Potion"},{"floor":14,"key":"Block Potion"},{"floor":16,"key":"AttackPotion"},{"floor":18,"key":"Strength Potion"},{"floor":31,"key":"Fire Potion"}],"is_trial":false,"path_per_floor":["M","M","?","?","M","E","R","M","T","M","R","M","M","E","R","B",null,"M","$","?","M","?","R","?","R","T","M","R","$","M","M","R","B"],"character_chosen":"IRONCLAD","items_purchased":["Mango","Juzu Bracelet"],"campfire_rested":1,"item_purchase_floors":[19,29],"current_hp_per_floor":[80,80,60,60,66,33,33,29,29,32,32,37,42,37,37,27,80,80,94,94,65,65,65,65,65,70,53,53,53,56,42,70,0],"gold":66,"neow_bonus":"UPGRADE_CARD","is_prod":false,"is_daily":false,"chose_seed":false,"campfire_upgraded":5,"win_rate":0,"timestamp":1559968290,"path_taken":["M","M","?","?","M","E","R","M","T","M","R","M","M","E","R","BOSS","M","$","?","M","?","R","?","R","T","M","R","$","M","M","R","BOSS"],"build_version":"2019-01-23","purchased_purges":2,"victory":false,"max_hp_per_floor":[80,80,80,80,80,80,80,80,80,80,80,80,80,80,80,80,80,80,94,94,94,94,94,94,94,94,94,94,94,94,94,94,94],"card_choices":[{"not_picked":["Perfected Strike","Burning Pact"],"picked":"Headbutt","floor":1},{"not_picked":["Wild Strike","Clash","Warcry"],"picked":"SKIP","floor":2},{"not_picked":["Seeing Red","Burning Pact"],"picked":"Armaments","floor":5},{"not_picked":["Havoc","Burning Pact","Perfected Strike"],"picked":"SKIP","floor":6},{"not_picked":["Body Slam","Thunderclap"],"picked":"Cleave","floor":8},{"not_picked":["Clothesline","Brutality"],"picked":"Pommel Strike","floor":10},{"not_picked":["Flex","Entrench"],"picked":"Armaments","floor":12},{"not_picked":["Wild Strike","Feel No Pain","Perfected Strike"],"picked":"SKIP","floor":13},{"not_picked":["Sword Boomerang","Fiend Fire"],"picked":"Evolve","floor":14},{"not_picked":["Offering","Exhume"],"picked":"Demon Form","floor":16},{"not_picked":["Sever Soul+1","Pommel Strike"],"picked":"Dual Wield","floor":18},{"not_picked":["Pommel Strike","Rupture+1"],"picked":"Rampage","floor":21},{"not_picked":["Headbutt","Twin Strike+1"],"picked":"Heavy Blade","floor":27},{"not_picked":["Uppercut","Rupture","Feel No Pain"],"picked":"SKIP","floor":30},{"not_picked":["Flex","Pummel+1"],"picked":"Inflame","floor":31}],"player_experience":1183486,"relics_obtained":[{"floor":6,"key":"Oddly Smooth Stone"},{"floor":14,"key":"Champion Belt"},{"floor":26,"key":"Blue Candle"}],"event_choices":[{"damage_healed":0,"gold_gain":0,"player_choice":"Take Damage","damage_taken":20,"relics_obtained":["Golden Idol"],"max_hp_gain":0,"max_hp_loss":0,"event_name":"Golden Idol","floor":3,"gold_loss":0},{"damage_healed":0,"gold_gain":100,"player_choice":"Pray","damage_taken":0,"max_hp_gain":0,"max_hp_loss":0,"event_name":"Golden Shrine","floor":4,"gold_loss":0},{"damage_healed":0,"gold_gain":0,"player_choice":"Gave Idol","damage_taken":0,"relics_obtained":["Bloody Idol"],"max_hp_gain":0,"max_hp_loss":0,"event_name":"Forgotten Altar","floor":20,"relics_lost":["Golden Idol"],"gold_loss":0},{"damage_healed":0,"gold_gain":0,"player_choice":"Ignored","damage_taken":0,"max_hp_gain":0,"max_hp_loss":0,"event_name":"Vampires","floor":22,"gold_loss":0},{"damage_healed":0,"gold_gain":0,"player_choice":"Ignored","damage_taken":0,"max_hp_gain":0,"max_hp_loss":0,"event_name":"Ghosts","floor":24,"gold_loss":0}],"is_beta":false,"boss_relics":[{"not_picked":["Snecko Eye","Black Blood"],"picked":"Philosopher\u0027s Stone"}],"items_purged_floors":[19,29],"is_endless":false,"potions_floor_spawned":[5,6,8,13,14,16,18,31],"killed_by":"Collector","ascension_level":0}