{"gold_per_floor":[114,128,141,141,154,193,213,213,237,21,21,21,36,59,59,59],"floor_reached":16,"playtime":1145,"items_purged":[],"score":104,"play_id":"d7c3fd2c-ed6a-4e93-a158-fe2b9612fdbd","local_time":"20190522145053","is_ascension_mode":false,"campfire_choices":[{"data":"Barricade","floor":8,"key":"SMITH"},{"data":"Entrench","floor":11,"key":"SMITH"},{"data":"Heavy Blade","floor":15,"key":"SMITH"}],"neow_cost":"NONE","seed_source_timestamp":569410776908800,"circlet_count":0,"master_deck":["Strike_R","Strike_R","Strike_R","Strike_R","Defend_R","Defend_R","Defend_R","Defend_R","Bash","Headbutt","Cleave","Heavy Blade+1","Shrug It Off","Barricade+1","Entrench+1"],"relics":["Burning Blood","Golden Idol","Bottled Lightning","Anchor","Oddly Smooth Stone","Dodecahedron"],"potions_floor_usage":[16],"damage_taken":[{"damage":6,"enemies":"Cultist","floor":1,"turns":3},{"damage":6,"enemies":"Jaw Worm","floor":2,"turns":4},{"damage":5,"enemies":"Small Slimes","floor":3,"turns":3},{"damage":6,"enemies":"Blue Slaver","floor":5,"turns":4},{"damage":36,"enemies":"Gremlin Nob","floor":6,"turns":5},{"damage":0,"enemies":"Looter","floor":7,"turns":4},{"damage":0,"enemies":"Red Slaver","floor":13,"turns":4},{"damage":0,"enemies":"Exordium Thugs","floor":14,"turns":6},{"damage":72,"enemies":"Slime Boss","floor":16,"turns":11}],"seed_played":"1750360791675754016","potions_obtained":[{"floor":2,"key":"FairyPotion"},{"floor":3,"key":"Strength Potion"},{"floor":7,"key":"BloodPotion"},{"floor":14,"key":"Fire Potion"}],"is_trial":false,"path_per_floor":["M","M","M","?","M","E","M","R","T","$","R","T","M","M","R","B"],"character_chosen":"IRONCLAD","items_purchased":["Oddly Smooth Stone","Entrench"],"campfire_rested":0,"item_purchase_floors":[10,10],"current_hp_per_floor":[80,80,80,60,60,30,36,36,36,36,36,36,42,48,48,0],"gold":59,"neow_bonus":"REMOVE_CARD","is_prod":false,"is_daily":false,"chose_seed":false,"campfire_upgraded":3,"win_rate":0,"timestamp":1558551053,"path_taken":["M","M","?","?","M","E","M","R","T","$","R","?","?","?","R","BOSS"],"build_version":"2019-01-23","purchased_purges":0,"victory":false,"max_hp_per_floor":[80,80,80,80,80,80,80,80,80,80,80,80,80,80,80,80],"card_choices":[{"not_picked":["Sword Boomerang","Carnage"],"picked":"Headbutt","floor":1},{"not_picked":["Dual Wield","Thunderclap"],"picked":"Cleave","floor":2},{"not_picked":["Reckless Charge","Second Wind"],"picked":"Heavy Blade","floor":3},{"not_picked":["Ghostly Armor","Fire Breathing"],"picked":"Shrug It Off","floor":5},{"not_picked":["Warcry","Twin Strike"],"picked":"Barricade","floor":6},{"not_picked":["True Grit","Havoc","Searing Blow"],"picked":"SKIP","floor":7},{"not_picked":["Inflame","Power Through","Hemokinesis"],"picked":"SKIP","floor":13},{"not_picked":["Blood for Blood","Searing Blow","Sword Boomerang"],"picked":"SKIP","floor":14}],"player_experience":855948,"relics_obtained":[{"floor":6,"key":"Bottled Lightning"},{"floor":9,"key":"Anchor"},{"floor":12,"key":"Dodecahedron"}],"event_choices":[{"damage_healed":0,"gold_gain":0,"player_choice":"Take Damage","damage_taken":20,"relics_obtained":["Golden Idol"],"max_hp_gain":0,"max_hp_loss":0,"event_name":"Golden Idol","floor":4,"gold_loss":0}],"is_beta":false,"boss_relics":[],"items_purged_floors":[],"is_endless":false,"potions_floor_spawned":[2,3,7,14],"killed_by":"Slime Boss","ascension_level":0}