{"gold_per_floor":[117,117,131,131,146,146,106,131,131,131,6,40,40,73,73,145,145,155,172,222,222,242,242,274,289,289,321,321,334,334,334,334,334],"floor_reached":33,"playtime":1577,"items_purged":["Strike_R"],"score":652,"play_id":"c07fde53-35e2-4dd7-83ad-ea921913e226","local_time":"20190518092233","is_ascension_mode":true,"campfire_choices":[{"data":"True Grit","floor":6.0,"key":"SMITH"},{"data":"Inflame","floor":10.0,"key":"SMITH"},{"floor":13.0,"key":"REST"},{"data":"Havoc","floor":15.0,"key":"SMITH"},{"floor":23.0,"key":"REST"},{"floor":30.0,"key":"REST"},{"data":"Barricade","floor":32.0,"key":"SMITH"}],"neow_cost":"TEN_PERCENT_HP_LOSS","seed_source_timestamp":0,"circlet_count":0,"master_deck":["AscendersBane","Strike_R","Strike_R","Strike_R","Defend_R","Defend_R","Defend_R","Defend_R","Bash","Intimidate","True Grit+1","Seeing Red","Inflame+1","Havoc+1","Rampage","Offering","Barricade+1","RitualDagger"],"special_seed":0,"relics":["Burning Blood","Dead Branch","Nunchaku","Charon\u0027s Ashes","Juzu Bracelet","Smiling Mask","Cursed Key","Darkstone Periapt","Ornamental Fan"],"potions_floor_usage":[],"damage_taken":[{"damage":7.0,"enemies":"Jaw Worm","floor":1.0,"turns":3.0},{"damage":18.0,"enemies":"Cultist","floor":3.0,"turns":5.0},{"damage":5.0,"enemies":"2 Louse","floor":5.0,"turns":2.0},{"damage":1.0,"enemies":"Looter","floor":7.0,"turns":4.0},{"damage":30.0,"enemies":"3 Sentries","floor":8.0,"turns":5.0},{"damage":28.0,"enemies":"Gremlin Nob","floor":12.0,"turns":5.0},{"damage":12.0,"enemies":"Lagavulin","floor":14.0,"turns":8.0},{"damage":17.0,"enemies":"Hexaghost","floor":16.0,"turns":9.0},{"damage":6.0,"enemies":"3 Byrds","floor":18.0,"turns":2.0},{"damage":30.0,"enemies":"Chosen","floor":19.0,"turns":4.0},{"damage":6.0,"enemies":"Centurion and Healer","floor":22.0,"turns":7.0},{"damage":9.0,"enemies":"Gremlin Leader","floor":24.0,"turns":3.0},{"damage":11.0,"enemies":"Snake Plant","floor":25.0,"turns":4.0},{"damage":37.0,"enemies":"Book of Stabbing","floor":27.0,"turns":4.0},{"damage":6.0,"enemies":"Colosseum Slavers","floor":28.0,"turns":3.0},{"damage":6.0,"enemies":"Cultist and Chosen","floor":29.0,"turns":5.0},{"damage":54,"enemies":"Champ","floor":33,"turns":7}],"seed_played":"-5392434473021958502","potions_obtained":[{"floor":1.0,"key":"SpeedPotion"},{"floor":8.0,"key":"PowerPotion"},{"floor":14.0,"key":"SteroidPotion"},{"floor":19.0,"key":"LiquidBronze"},{"floor":22.0,"key":"Fruit Juice"}],"is_trial":false,"path_per_floor":["M","?","M","?","M","R","M","E","T","R","$","E","R","E","R","B",null,"M","M","?","?","M","R","E","M","T","E","?","M","R","?","R","B"],"character_chosen":"IRONCLAD","items_purchased":["Havoc"],"campfire_rested":3,"item_purchase_floors":[11],"current_hp_per_floor":[67,72,60,60,61,61,66,42,42,42,42,20,41,35,35,24,61,61,37,37,37,37,58,60,55,55,24,24,24,47,41,41,0],"gold":334,"neow_bonus":"ONE_RARE_RELIC","is_prod":false,"is_daily":false,"chose_seed":false,"campfire_upgraded":4,"win_rate":0,"timestamp":1558185753,"path_taken":["M","?","M","?","M","R","M","E","T","R","$","E","R","E","R","BOSS","M","M","?","?","M","R","E","M","T","E","?","M","R","?","R","BOSS"],"build_version":"2019-01-23","purchased_purges":1,"victory":false,"max_hp_per_floor":[68,73,73,73,73,73,73,73,73,73,73,73,73,73,73,73,73,73,73,73,73,73,73,78,78,78,78,78,78,78,78,78,78],"card_choices":[{"not_picked":["Combust","Clash"],"picked":"Intimidate","floor":1.0},{"not_picked":["Body Slam","Dual Wield","Anger"],"picked":"SKIP","floor":3.0},{"not_picked":["Shockwave","Sever Soul"],"picked":"True Grit","floor":5.0},{"not_picked":["Clash","Flex"],"picked":"Seeing Red","floor":7.0},{"not_picked":["Second Wind","Perfected Strike"],"picked":"Inflame","floor":8.0},{"not_picked":["Inflame","Wild Strike"],"picked":"Rampage","floor":12.0},{"not_picked":["Body Slam","Twin Strike"],"picked":"Offering","floor":14.0},{"not_picked":["Demon Form","Bludgeon"],"picked":"Barricade","floor":16.0},{"not_picked":["Warcry","Perfected Strike+1","Armaments"],"picked":"SKIP","floor":18.0},{"not_picked":["Wild Strike","Clothesline","Inflame"],"picked":"SKIP","floor":19.0},{"not_picked":["Cleave","Armaments","Inflame"],"picked":"SKIP","floor":22.0},{"not_picked":["Rage","Power Through","Anger"],"picked":"SKIP","floor":24.0},{"not_picked":["Iron Wave","Anger","Havoc"],"picked":"SKIP","floor":25.0},{"not_picked":["Blood for Blood","Iron Wave","Clothesline"],"picked":"SKIP","floor":27.0},{"not_picked":["Flex","Armaments+1","Clash"],"picked":"SKIP","floor":29.0}],"player_experience":458543,"relics_obtained":[{"floor":8.0,"key":"Nunchaku"},{"floor":9.0,"key":"Charon\u0027s Ashes"},{"floor":12.0,"key":"Juzu Bracelet"},{"floor":14.0,"key":"Smiling Mask"},{"floor":24.0,"key":"Darkstone Periapt"},{"floor":27.0,"key":"Ornamental Fan"}],"event_choices":[{"damage_healed":0.0,"max_hp_gain":5.0,"max_hp_loss":0.0,"gold_gain":0.0,"event_name":"Big Fish","player_choice":"Donut","floor":2.0,"gold_loss":0.0,"damage_taken":0.0},{"cards_removed":["Strike_R"],"damage_healed":0.0,"max_hp_gain":0.0,"max_hp_loss":0.0,"gold_gain":0.0,"event_name":"Bonfire Elementals","player_choice":"Offered Basic","floor":4.0,"gold_loss":0.0,"damage_taken":0.0},{"damage_healed":0.0,"max_hp_gain":0.0,"max_hp_loss":0.0,"gold_gain":50.0,"event_name":"Golden Shrine","player_choice":"Pray","floor":20.0,"gold_loss":0.0,"damage_taken":0.0},{"damage_healed":0.0,"max_hp_gain":0.0,"max_hp_loss":0.0,"gold_gain":0.0,"event_name":"Vampires","player_choice":"Ignored","floor":21.0,"gold_loss":0.0,"damage_taken":0.0},{"damage_healed":0.0,"max_hp_gain":0.0,"max_hp_loss":0.0,"gold_gain":0.0,"event_name":"Colosseum","player_choice":"Fight","floor":28.0,"gold_loss":0.0,"damage_taken":0.0},{"damage_healed":0.0,"max_hp_gain":0.0,"max_hp_loss":0.0,"gold_gain":0.0,"event_name":"Colosseum","player_choice":"Fled From Nobs","floor":28.0,"gold_loss":0.0,"damage_taken":0.0},{"damage_healed":0.0,"max_hp_gain":0.0,"max_hp_loss":0.0,"gold_gain":0.0,"event_name":"Nest","player_choice":"Joined the Cult","floor":31.0,"gold_loss":0.0,"damage_taken":6.0,"cards_obtained":["RitualDagger"]}],"is_beta":false,"boss_relics":[{"not_picked":["Calling Bell","Black Star"],"picked":"Cursed Key"}],"items_purged_floors":[11],"is_endless":false,"potions_floor_spawned":[1,8,14,19,22,28],"killed_by":"Champ","ascension_level":20}