{"gold_per_floor":[113,124,48,59,72,72,101,101,128,98,98,63,80,110,110,214,214,226,151,166,166,166,177,177,187,214,229,229,254,254,254,254,351,351,365,384,95,95,109,109,143,156,156,156,168,168,268,268,268,268,268,268,25,53,53],"floor_reached":56,"playtime":3419,"items_purged":["Strike_G","Strike_G"],"score":1295,"play_id":"6acd7ff3-e3dd-4828-ad3a-96276ec1edfe","local_time":"20190531233922","is_ascension_mode":false,"campfire_choices":[{"data":"Noxious Fumes","floor":6.0,"key":"SMITH"},{"data":"Crippling Poison","floor":8.0,"key":"SMITH"},{"data":"Backflip","floor":11.0,"key":"SMITH"},{"data":"Neutralize","floor":15.0,"key":"SMITH"},{"data":"Bouncing Flask","floor":24.0,"key":"SMITH"},{"data":"Dodge and Roll","floor":28.0,"key":"SMITH"},{"data":"Corpse Explosion","floor":30.0,"key":"SMITH"},{"data":"Dash","floor":32.0,"key":"SMITH"},{"data":"Leg Sweep","floor":40,"key":"SMITH"},{"data":"PiercingWail","floor":46,"key":"SMITH"},{"floor":49,"key":"RECALL"},{"data":"Survivor","floor":52,"key":"SMITH"}],"neow_cost":"PERCENT_DAMAGE","seed_source_timestamp":1733158889812412,"circlet_count":0,"master_deck":["Defend_G","Defend_G","Defend_G","Defend_G","Defend_G","Strike_G","Strike_G","Strike_G","Survivor+1","Neutralize+1","PiercingWail+1","Crippling Poison+1","Noxious Fumes+1","Backflip+1","Dodge and Roll+1","Leg Sweep+1","Backstab","Bouncing Flask+1","Corpse Explosion+1","Dash+1","Venomology","Footwork+1","Adrenaline","Deflect+1"],"special_seed":0,"relics":["Ring of the Snake","Potion Belt","Dream Catcher","Odd Mushroom","Runic Pyramid","Nilry\u0027s Codex","Blood Vial","Philosopher\u0027s Stone","FossilizedHelix","Boot","Sundial","Gambling Chip","Snake Skull"],"potions_floor_usage":[39,42,45,47,50,50,54,55,55,55,55],"damage_taken":[{"damage":0.0,"enemies":"Cultist","floor":1.0,"turns":5.0},{"damage":0.0,"enemies":"Jaw Worm","floor":2.0,"turns":6.0},{"damage":3.0,"enemies":"2 Louse","floor":4.0,"turns":2.0},{"damage":4.0,"enemies":"Blue Slaver","floor":5.0,"turns":5.0},{"damage":15.0,"enemies":"3 Sentries","floor":7.0,"turns":8.0},{"damage":0.0,"enemies":"Looter","floor":10.0,"turns":4.0},{"damage":8.0,"enemies":"Lots of Slimes","floor":13.0,"turns":3.0},{"damage":2.0,"enemies":"The Mushroom Lair","floor":14.0,"turns":4.0},{"damage":15.0,"enemies":"Hexaghost","floor":16.0,"turns":13.0},{"damage":3.0,"enemies":"3 Byrds","floor":18.0,"turns":5.0},{"damage":3.0,"enemies":"Chosen","floor":20.0,"turns":6.0},{"damage":4.0,"enemies":"Snake Plant","floor":23.0,"turns":6.0},{"damage":2.0,"enemies":"Chosen and Byrds","floor":25.0,"turns":7.0},{"damage":4.0,"enemies":"3 Cultists","floor":27.0,"turns":3.0},{"damage":11.0,"enemies":"Book of Stabbing","floor":29.0,"turns":8.0},{"damage":35.0,"enemies":"Collector","floor":33.0,"turns":11.0},{"damage":0,"enemies":"3 Shapes","floor":35,"turns":3},{"damage":4,"enemies":"Orb Walker","floor":36,"turns":5},{"damage":22,"enemies":"Jaw Worm Horde","floor":39,"turns":4},{"damage":2,"enemies":"Nemesis","floor":41,"turns":9},{"damage":0,"enemies":"3 Darklings","floor":42,"turns":4},{"damage":6,"enemies":"Transient","floor":45,"turns":5},{"damage":0,"enemies":"Mind Bloom Boss Battle","floor":47,"turns":6},{"damage":13,"enemies":"Donu and Deca","floor":50,"turns":9},{"damage":5,"enemies":"Shield and Spear","floor":54,"turns":5},{"damage":30,"enemies":"The Heart","floor":55,"turns":11}],"seed_played":"2748519864486885276","potions_obtained":[{"floor":2.0,"key":"SkillPotion"},{"floor":5.0,"key":"SteroidPotion"},{"floor":13.0,"key":"Regen Potion"},{"floor":14.0,"key":"Regen Potion"},{"floor":20.0,"key":"Strength Potion"},{"floor":25.0,"key":"Dexterity Potion"},{"floor":29.0,"key":"GhostInAJar"},{"floor":45,"key":"EssenceOfSteel"},{"floor":54,"key":"Swift Potion"}],"is_trial":false,"path_per_floor":["M","M","$","M","M","R","E","R","T","M","R","?","M","?","R","B",null,"M","$","M","?","?","M","R","M","T","M","R","E","R","?","R","B",null,"M","M","$","?","M","R","E","M","T","?","M","R","?","?","R","B",null,"R","$","E","B",null],"character_chosen":"THE_SILENT","items_purchased":["Noxious Fumes","FossilizedHelix","Adrenaline"],"campfire_rested":0,"item_purchase_floors":[3,37,53],"current_hp_per_floor":[63,63,63,60,56,56,41,41,41,41,41,62,54,52,52,37,84,81,81,78,62,46,42,42,55,55,51,51,40,40,40,40,22,89,89,85,85,85,65,65,65,67,67,67,63,63,65,65,65,54,89,89,89,84,56],"gold":53,"neow_bonus":"TWENTY_PERCENT_HP_BONUS","is_prod":false,"is_daily":false,"chose_seed":false,"campfire_upgraded":11,"win_rate":0,"timestamp":1559360362,"path_taken":["M","M","$","M","M","R","E","R","T","M","R","?","M","?","R","BOSS","M","$","M","?","?","M","R","M","T","M","R","E","R","?","R","BOSS","M","M","$","?","?","R","E","M","T","?","M","R","?","?","R","BOSS","R","$","E","BOSS"],"build_version":"2019-01-23","purchased_purges":2,"victory":true,"max_hp_per_floor":[84,84,84,84,84,84,84,84,84,84,84,84,84,84,84,84,84,84,84,84,89,89,89,89,89,89,89,89,89,89,89,89,89,89,89,89,89,89,89,89,89,89,89,89,89,89,89,89,89,89,89,89,89,89,89],"card_choices":[{"not_picked":["Tactician","Expertise"],"picked":"PiercingWail","floor":1.0},{"not_picked":["Terror","Dagger Throw"],"picked":"Crippling Poison","floor":2.0},{"not_picked":["Deflect","Dodge and Roll"],"picked":"Backflip","floor":4.0},{"not_picked":["Distraction","Flying Knee","Flechettes"],"picked":"SKIP","floor":5.0},{"not_picked":["Prepared","Tactician"],"picked":"Dodge and Roll","floor":7.0},{"not_picked":["Acrobatics","Flying Knee","Dodge and Roll"],"picked":"SKIP","floor":10.0},{"not_picked":["Outmaneuver","Sucker Punch"],"picked":"Leg Sweep","floor":13.0},{"not_picked":["Tactician","Dodge and Roll"],"picked":"Backstab","floor":14.0},{"not_picked":["Flying Knee+1","Dagger Spray","Slice+1"],"picked":"SKIP","floor":18.0},{"not_picked":["Dodge and Roll","Expertise","Quick Slash"],"picked":"SKIP","floor":20.0},{"not_picked":["Predator+1","Calculated Gamble"],"picked":"Bouncing Flask","floor":23.0},{"not_picked":["Acrobatics","Skewer"],"picked":"Corpse Explosion","floor":25.0},{"not_picked":["Endless Agony+1","PiercingWail","Prepared"],"picked":"SKIP","floor":27.0},{"not_picked":["Outmaneuver","Dodge and Roll+1"],"picked":"Dash","floor":29.0},{"not_picked":["Corpse Explosion","Wraith Form v2"],"picked":"Venomology","floor":33.0},{"not_picked":["Skewer","Acrobatics+1","Concentrate"],"picked":"SKIP","floor":35},{"not_picked":["Prepared+1","Sucker Punch"],"picked":"Footwork+1","floor":36},{"not_picked":["Slice+1","Tactician+1","Skewer+1"],"picked":"SKIP","floor":39},{"not_picked":["Expertise+1","Crippling Poison","Sucker Punch+1"],"picked":"SKIP","floor":41},{"not_picked":["PiercingWail+1","Bane","Deflect"],"picked":"SKIP","floor":42},{"not_picked":["Prepared+1","Leg Sweep","Infinite Blades+1"],"picked":"SKIP","floor":45},{"not_picked":["Bane+1","Venomology"],"picked":"Deflect+1","floor":54}],"player_experience":532553,"relics_obtained":[{"floor":7.0,"key":"Potion Belt"},{"floor":9.0,"key":"Dream Catcher"},{"floor":14.0,"key":"Odd Mushroom"},{"floor":22.0,"key":"Nilry\u0027s Codex"},{"floor":29.0,"key":"Blood Vial"},{"floor":41,"key":"Boot"},{"floor":43,"key":"Sundial"},{"floor":47,"key":"Gambling Chip"},{"floor":54,"key":"Snake Skull"}],"event_choices":[{"damage_healed":21.0,"max_hp_gain":0.0,"max_hp_loss":0.0,"gold_gain":0.0,"event_name":"The Cleric","player_choice":"Healed","floor":12.0,"gold_loss":35.0,"damage_taken":0.0},{"damage_healed":0.0,"max_hp_gain":0.0,"max_hp_loss":0.0,"gold_gain":0.0,"event_name":"Mushrooms","player_choice":"Fought Mushrooms","floor":14.0,"gold_loss":0.0,"damage_taken":0.0},{"damage_healed":0.0,"max_hp_gain":5.0,"max_hp_loss":0.0,"gold_gain":0.0,"event_name":"Forgotten Altar","player_choice":"Shed Blood","floor":21.0,"gold_loss":0.0,"damage_taken":21.0},{"damage_healed":0.0,"max_hp_gain":0.0,"max_hp_loss":0.0,"gold_gain":0.0,"event_name":"Cursed Tome","player_choice":"Obtained Book","floor":22.0,"gold_loss":0.0,"damage_taken":16.0},{"damage_healed":0.0,"max_hp_gain":0.0,"max_hp_loss":0.0,"gold_gain":0.0,"event_name":"Ghosts","player_choice":"Ignored","floor":31.0,"gold_loss":0.0,"damage_taken":0.0},{"damage_healed":0,"gold_gain":0,"player_choice":"Ignored","damage_taken":0,"max_hp_gain":0,"max_hp_loss":0,"event_name":"SecretPortal","floor":38,"gold_loss":0},{"damage_healed":0,"gold_gain":0,"player_choice":"Memory 1","damage_taken":0,"max_hp_gain":0,"max_hp_loss":0,"event_name":"SensoryStone","floor":44,"gold_loss":0},{"damage_healed":0,"gold_gain":0,"player_choice":"Fight","damage_taken":0,"max_hp_gain":0,"max_hp_loss":0,"event_name":"MindBloom","floor":47,"gold_loss":0},{"damage_healed":0,"gold_gain":0,"player_choice":"Ignored","damage_taken":0,"max_hp_gain":0,"max_hp_loss":0,"event_name":"Tomb of Lord Red Mask","floor":48,"gold_loss":0}],"is_beta":false,"boss_relics":[{"not_picked":["Black Star","Calling Bell"],"picked":"Runic Pyramid"},{"not_picked":["Lizard Tail","Sozu"],"picked":"Philosopher\u0027s Stone"}],"items_purged_floors":[19,53],"is_endless":false,"potions_floor_spawned":[2,5,13,14,20,25,29,42,45,54],"ascension_level":0}