{"gold_per_floor":[161,173,173,102,114,114,68,68,91,109,135,135,135,60,60,60],"floor_reached":16,"playtime":404,"items_purged":["Strike_B"],"score":132,"play_id":"8e149f9d-aba6-414f-90a4-d1926b32dd57","local_time":"20190511092409","is_ascension_mode":true,"campfire_choices":[{"data":"FTL","floor":6,"key":"SMITH"},{"data":"Gash","floor":8,"key":"SMITH"},{"data":"Self Repair","floor":12,"key":"SMITH"},{"data":"Compile Driver","floor":15,"key":"SMITH"}],"neow_cost":"NONE","seed_source_timestamp":959218731370522,"circlet_count":0,"master_deck":["Strike_B+1","Strike_B","Defend_B","Defend_B","Defend_B","Defend_B","Zap","Dualcast","Compile Driver+1","FTL+1","Self Repair+1","Gash+1"],"relics":["Tiny House","Anchor","Frozen Egg 2","NlothsMask"],"potions_floor_usage":[16],"damage_taken":[{"damage":13,"enemies":"Jaw Worm","floor":1,"turns":4},{"damage":2,"enemies":"2 Louse","floor":2,"turns":3},{"damage":6,"enemies":"Cultist","floor":5,"turns":4},{"damage":0,"enemies":"Red Slaver","floor":10,"turns":3},{"damage":26,"enemies":"Gremlin Nob","floor":11,"turns":4},{"damage":33,"enemies":"Slime Boss","floor":16,"turns":5}],"seed_played":"-2858662227018539107","potions_obtained":[{"floor":0,"key":"FocusPotion"},{"floor":2,"key":"LiquidBronze"},{"floor":10,"key":"Ancient Potion"}],"is_trial":false,"path_per_floor":["M","M","?","$","M","R","$","R","T","M","E","R","?","$","R","B"],"character_chosen":"DEFECT","items_purchased":["FTL","Gash"],"campfire_rested":0,"item_purchase_floors":[4,7],"current_hp_per_floor":[60,58,58,58,52,52,52,52,52,59,40,40,40,40,40,7],"gold":60,"neow_bonus":"BOSS_RELIC","is_prod":false,"is_daily":false,"chose_seed":false,"campfire_upgraded":4,"win_rate":0,"timestamp":1557581049,"path_taken":["M","M","?","$","M","R","?","R","T","?","E","R","?","?","R","BOSS"],"build_version":"2019-01-23","purchased_purges":1,"victory":false,"max_hp_per_floor":[80,80,80,80,80,80,80,80,80,80,80,80,80,80,80,80],"card_choices":[{"not_picked":["Stack","Force Field"],"picked":"Compile Driver","floor":0},{"not_picked":["Stack","Leap","Steam"],"picked":"SKIP","floor":1},{"not_picked":["Auto Shields","Capacitor","Ball Lightning"],"picked":"SKIP","floor":2},{"not_picked":["Melter","Rebound"],"picked":"Self Repair","floor":5},{"not_picked":["Force Field","Capacitor","Compile Driver"],"picked":"SKIP","floor":10},{"not_picked":["Skim","Auto Shields","Chaos"],"picked":"SKIP","floor":11}],"player_experience":399858,"relics_obtained":[{"floor":9,"key":"Anchor"},{"floor":11,"key":"Frozen Egg 2"}],"event_choices":[{"cards_removed":["Strike_B"],"damage_healed":0,"gold_gain":0,"player_choice":"Forget","damage_taken":0,"max_hp_gain":0,"max_hp_loss":0,"event_name":"Living Wall","floor":3,"gold_loss":0},{"damage_healed":0,"gold_gain":0,"player_choice":"Trade","damage_taken":0,"relics_obtained":["NlothsMask"],"max_hp_gain":0,"max_hp_loss":0,"event_name":"FaceTrader","floor":13,"gold_loss":0}],"is_beta":false,"boss_relics":[],"items_purged_floors":[14],"is_endless":false,"potions_floor_spawned":[2,10],"killed_by":"Slime Boss","ascension_level":7}