{"gold_per_floor":[109,109,109,127,127,127,143,143,143,155,174,174,192,192,192,292,292,312,327,337,357,282,282,372,372,372,372,372],"floor_reached":28,"playtime":2127,"items_purged":["Strike_R"],"score":255,"play_id":"05878cc9-f87a-4a4a-9bc6-2383bf6f3960","local_time":"20190606144632","is_ascension_mode":false,"campfire_choices":[{"data":"Rampage","floor":6,"key":"SMITH"},{"data":"Bash","floor":8,"key":"SMITH"},{"data":"Anger","floor":12,"key":"SMITH"},{"data":"Feed","floor":15,"key":"SMITH"},{"floor":23,"key":"REST"},{"data":"Demon Form","floor":27,"key":"SMITH"}],"neow_cost":"NONE","seed_source_timestamp":1864193057552300,"circlet_count":0,"master_deck":["Strike_R","Strike_R","Strike_R","Defend_R","Defend_R","Defend_R","Defend_R","Bash+1","Rampage+1","Anger+1","Thunderclap","Feed+1","Demon Form+1","True Grit+1","Warcry","Shrug It Off","Panacea"],"relics":["Burning Blood","Shuriken","Sozu","Sundial"],"potions_floor_usage":[25,28],"damage_taken":[{"damage":12,"enemies":"Small Slimes","floor":1,"turns":4},{"damage":1,"enemies":"Jaw Worm","floor":4,"turns":3},{"damage":0,"enemies":"2 Louse","floor":7,"turns":2},{"damage":18,"enemies":"Lots of Slimes","floor":10,"turns":5},{"damage":2,"enemies":"2 Fungi Beasts","floor":11,"turns":4},{"damage":6,"enemies":"Large Slime","floor":13,"turns":4},{"damage":59,"enemies":"Hexaghost","floor":16,"turns":8},{"damage":17,"enemies":"Spheric Guardian","floor":18,"turns":4},{"damage":7,"enemies":"Chosen","floor":19,"turns":6},{"damage":43,"enemies":"Sentry and Sphere","floor":20,"turns":7},{"damage":17,"enemies":"Snake Plant","floor":21,"turns":4},{"damage":29,"enemies":"Gremlin Leader","floor":25,"turns":3},{"damage":14,"enemies":"Cultist and Chosen","floor":28,"turns":4}],"seed_played":"7237338886117375896","potions_obtained":[{"floor":1,"key":"Dexterity Potion"},{"floor":16,"key":"SmokeBomb"}],"is_trial":false,"path_per_floor":["M","?","?","M","?","R","M","R","T","M","M","R","M","?","R","B",null,"M","M","M","M","$","R","?","E","T","R","M"],"character_chosen":"IRONCLAD","items_purchased":[],"campfire_rested":1,"item_purchase_floors":[],"current_hp_per_floor":[74,67,72,77,77,77,83,83,83,71,75,75,75,75,75,22,85,74,73,40,33,33,60,33,10,10,10,0],"gold":372,"neow_bonus":"ONE_RANDOM_RARE_CARD","is_prod":false,"is_daily":false,"chose_seed":false,"campfire_upgraded":5,"win_rate":0,"timestamp":1559846792,"path_taken":["M","?","?","M","?","R","M","R","T","?","M","R","M","?","R","BOSS","M","M","M","M","?","R","?","E","T","R","M"],"build_version":"2019-01-23","purchased_purges":1,"victory":false,"max_hp_per_floor":[80,80,85,85,85,85,85,85,85,85,85,85,85,85,85,85,85,85,85,89,93,93,93,93,93,93,93,97],"card_choices":[{"not_picked":["Clash","Havoc"],"picked":"Rampage","floor":1},{"not_picked":["Heavy Blade","Flex"],"picked":"Anger","floor":4},{"not_picked":["Burning Pact","Havoc","Sentinel"],"picked":"SKIP","floor":7},{"not_picked":["Combust","Body Slam"],"picked":"Thunderclap","floor":10},{"not_picked":["Thunderclap","Clash","Clothesline"],"picked":"SKIP","floor":11},{"not_picked":["Perfected Strike","Sword Boomerang"],"picked":"Feed","floor":13},{"not_picked":["Dark Embrace","Impervious"],"picked":"Demon Form","floor":16},{"not_picked":["Twin Strike","Heavy Blade"],"picked":"True Grit+1","floor":18},{"not_picked":["Sword Boomerang","Fire Breathing"],"picked":"Warcry","floor":19},{"not_picked":["Headbutt+1","Entrench"],"picked":"Shrug It Off","floor":20},{"not_picked":["Sever Soul","Headbutt","Spot Weakness"],"picked":"SKIP","floor":21}],"player_experience":1118596,"relics_obtained":[{"floor":9,"key":"Shuriken"},{"floor":26,"key":"Sundial"}],"event_choices":[{"cards_removed":["Strike_R"],"damage_healed":0,"gold_gain":0,"player_choice":"Card Removal","damage_taken":7,"max_hp_gain":0,"max_hp_loss":0,"event_name":"Golden Wing","floor":2,"gold_loss":0},{"damage_healed":0,"gold_gain":0,"player_choice":"Donut","damage_taken":0,"max_hp_gain":5,"max_hp_loss":0,"event_name":"Big Fish","floor":3,"gold_loss":0},{"damage_healed":0,"gold_gain":0,"player_choice":"Ignored","damage_taken":0,"max_hp_gain":0,"max_hp_loss":0,"event_name":"NoteForYourself","floor":5,"gold_loss":0},{"cards_removed":["Exhume"],"damage_healed":0,"gold_gain":0,"player_choice":"Purged","damage_taken":0,"max_hp_gain":0,"max_hp_loss":0,"event_name":"Purifier","floor":14,"gold_loss":0},{"damage_healed":0,"gold_gain":90,"player_choice":"GOLD CARD ","damage_taken":27,"max_hp_gain":0,"max_hp_loss":0,"event_name":"Knowing Skull","floor":24,"potions_obtained":[],"gold_loss":0,"cards_obtained":["Panacea"]}],"is_beta":false,"boss_relics":[{"not_picked":["White Beast Statue","Runic Cube"],"picked":"Sozu"}],"items_purged_floors":[22],"is_endless":false,"potions_floor_spawned":[1,16,21],"killed_by":"Cultist and Chosen","ascension_level":0}