{"gold_per_floor":[109,122,87,12,12,44,44,54,108,124,142,42,42,62,62,62],"floor_reached":16,"playtime":1064,"items_purged":["Strike_R","Limit Break"],"score":168,"play_id":"7dca7a7a-ea5f-4707-bc74-469a83354651","local_time":"20190427103944","is_ascension_mode":true,"campfire_choices":[{"data":"Searing Blow","floor":7,"key":"SMITH"},{"data":"Searing Blow+2","floor":15,"key":"SMITH"}],"neow_cost":"PERCENT_DAMAGE","seed_source_timestamp":592539677586316,"circlet_count":0,"master_deck":["AscendersBane","Strike_R","Strike_R","Strike_R","Strike_R","Defend_R","Defend_R","Defend_R","Defend_R","Bash","Pommel Strike","Searing Blow+3","Headbutt"],"relics":["Burning Blood","Bag of Preparation","Ancient Tea Set"],"potions_floor_usage":[11,11,16],"damage_taken":[{"damage":3,"enemies":"2 Louse","floor":1,"turns":4},{"damage":9,"enemies":"Jaw Worm","floor":2,"turns":3},{"damage":45,"enemies":"3 Sentries","floor":6,"turns":10},{"damage":1,"enemies":"Cultist","floor":8,"turns":3},{"damage":11,"enemies":"Blue Slaver","floor":10,"turns":3},{"damage":10,"enemies":"Lots of Slimes","floor":11,"turns":3},{"damage":9,"enemies":"2 Fungi Beasts","floor":14,"turns":3},{"damage":41,"enemies":"Slime Boss","floor":16,"turns":7}],"seed_played":"-8060311630705779489","potions_obtained":[{"floor":1,"key":"Poison Potion"},{"floor":10,"key":"SteroidPotion"},{"floor":14,"key":"SteroidPotion"}],"is_trial":false,"path_per_floor":["M","M","?","$","?","E","R","M","T","M","M","$","?","M","R","B"],"character_chosen":"IRONCLAD","items_purchased":[],"campfire_rested":0,"item_purchase_floors":[],"current_hp_per_floor":[54,51,71,71,71,32,32,37,37,32,28,28,28,25,25,0],"gold":62,"neow_bonus":"THREE_RARE_CARDS","is_prod":false,"is_daily":false,"chose_seed":false,"campfire_upgraded":2,"win_rate":0,"timestamp":1556375984,"path_taken":["M","M","?","$","?","E","R","?","T","M","M","$","?","?","R","BOSS"],"build_version":"2019-01-23","purchased_purges":2,"victory":false,"max_hp_per_floor":[80,80,80,80,80,80,80,80,80,80,80,80,80,80,80,80],"card_choices":[{"not_picked":["Exhume","Juggernaut"],"picked":"Limit Break","floor":0},{"not_picked":["Intimidate","Flex"],"picked":"Pommel Strike","floor":1},{"not_picked":["Cleave","Sword Boomerang"],"picked":"Searing Blow","floor":2},{"not_picked":["Warcry","Whirlwind"],"picked":"Headbutt","floor":6},{"not_picked":["Twin Strike","Thunderclap","Sever Soul"],"picked":"SKIP","floor":8},{"not_picked":["Immolate","Wild Strike","Warcry"],"picked":"SKIP","floor":10},{"not_picked":["Pommel Strike","Rupture","Sentinel"],"picked":"SKIP","floor":11},{"not_picked":["Heavy Blade","Shrug It Off","Twin Strike"],"picked":"SKIP","floor":14}],"player_experience":324872,"relics_obtained":[{"floor":6,"key":"Bag of Preparation"},{"floor":9,"key":"Ancient Tea Set"}],"event_choices":[{"damage_healed":20,"gold_gain":0,"player_choice":"Healed","damage_taken":0,"max_hp_gain":0,"max_hp_loss":0,"event_name":"The Cleric","floor":3,"gold_loss":35},{"damage_healed":0,"gold_gain":0,"player_choice":"0 cards matched","damage_taken":0,"max_hp_gain":0,"max_hp_loss":0,"event_name":"Match and Keep!","floor":5,"gold_loss":0,"cards_obtained":[]},{"damage_healed":0,"gold_gain":0,"player_choice":"Upgraded","damage_taken":0,"max_hp_gain":0,"max_hp_loss":0,"event_name":"Upgrade Shrine","floor":13,"gold_loss":0,"cards_upgraded":["Searing Blow"]}],"is_beta":false,"boss_relics":[],"items_purged_floors":[4,12],"is_endless":false,"potions_floor_spawned":[1,10,14],"killed_by":"Slime Boss","ascension_level":13}