{"gold_per_floor":[109,120,70,81,47,74,74,99,123,123,135,135,152,216,216,318,318,338,338,355,355],"floor_reached":21,"playtime":1917,"items_purged":[],"score":189,"play_id":"da1d2b2c-39a3-46e3-ab74-637a13cef5c6","local_time":"20190605031744","is_ascension_mode":false,"campfire_choices":[{"floor":7.0,"key":"REST"},{"floor":12.0,"key":"REST"},{"floor":15.0,"key":"REST"}],"neow_cost":"NONE","seed_source_timestamp":0,"circlet_count":0,"master_deck":["Strike_B","Strike_B","Strike_B","Strike_B","Defend_B","Defend_B","Defend_B","Zap","Dualcast","Dramatic Entrance","Storm","Cold Snap","Lockon","Glacier","Darkness","Loop","Melter","Stack","Self Repair","Biased Cognition","Genetic Algorithm","Echo Form","Redo+1","Creative AI","Barrage","Coolheaded"],"special_seed":0,"relics":["Cracked Core","Dream Catcher","Lantern","Bag of Preparation","Inserter"],"potions_floor_usage":[],"damage_taken":[{"damage":1.0,"enemies":"Cultist","floor":1.0,"turns":3.0},{"damage":6.0,"enemies":"2 Louse","floor":2.0,"turns":2.0},{"damage":0.0,"enemies":"Jaw Worm","floor":4.0,"turns":3.0},{"damage":45.0,"enemies":"Gremlin Nob","floor":6.0,"turns":6.0},{"damage":24.0,"enemies":"3 Sentries","floor":8.0,"turns":8.0},{"damage":0.0,"enemies":"Blue Slaver","floor":11.0,"turns":3.0},{"damage":0.0,"enemies":"Lots of Slimes","floor":13.0,"turns":2.0},{"damage":60.0,"enemies":"The Guardian","floor":16.0,"turns":14.0},{"damage":22.0,"enemies":"2 Thieves","floor":18.0,"turns":4.0},{"damage":45.0,"enemies":"3 Byrds","floor":20.0,"turns":6.0},{"damage":36,"enemies":"3 Cultists","floor":21,"turns":3}],"seed_played":"8957242273201156407","potions_obtained":[{"floor":1.0,"key":"Poison Potion"},{"floor":4.0,"key":"AttackPotion"},{"floor":6.0,"key":"FearPotion"}],"is_trial":false,"path_per_floor":["M","M","?","M","$","E","R","E","T","?","M","R","M","?","R","B",null,"M","?","M","M"],"character_chosen":"DEFECT","items_purchased":["Glacier"],"campfire_rested":3,"item_purchase_floors":[5],"current_hp_per_floor":[74,68,68,68,68,23,45,21,21,21,21,43,43,43,65,12,75,67,67,29,0],"gold":355,"neow_bonus":"RANDOM_COLORLESS","is_prod":false,"is_daily":false,"chose_seed":false,"campfire_upgraded":0,"win_rate":0.0,"timestamp":1559719064,"path_taken":["M","M","?","M","$","E","R","E","T","?","?","R","M","?","R","BOSS","M","?","?","M"],"build_version":"2019-01-23","purchased_purges":0,"victory":false,"max_hp_per_floor":[75,75,75,75,75,75,75,75,75,75,75,75,75,75,75,75,75,75,75,75,75],"card_choices":[{"not_picked":["Chaos","Conserve Battery"],"picked":"Storm","floor":1.0},{"not_picked":["Sweeping Beam","Gash"],"picked":"Cold Snap","floor":2.0},{"not_picked":["Steam","Gash"],"picked":"Lockon","floor":4.0},{"not_picked":["Ball Lightning","Rebound"],"picked":"Darkness","floor":6.0},{"not_picked":["Streamline","Turbo"],"picked":"Loop","floor":7.0},{"not_picked":["Compile Driver","Aggregate"],"picked":"Melter","floor":8.0},{"not_picked":["Consume","Melter"],"picked":"Stack","floor":11.0},{"not_picked":["Auto Shields","Hello World"],"picked":"Self Repair","floor":12.0},{"not_picked":["Genetic Algorithm","Rip and Tear"],"picked":"Biased Cognition","floor":13.0},{"not_picked":["Gash","Steam"],"picked":"Genetic Algorithm","floor":15.0},{"not_picked":["Core Surge","Seek"],"picked":"Echo Form","floor":16.0},{"not_picked":["Ball Lightning+1","Rebound"],"picked":"Redo+1","floor":18.0},{"not_picked":["Sweeping Beam","Barrage"],"picked":"Coolheaded","floor":20}],"player_experience":65397,"relics_obtained":[{"floor":6.0,"key":"Dream Catcher"},{"floor":8.0,"key":"Lantern"},{"floor":9.0,"key":"Bag of Preparation"}],"event_choices":[{"cards_removed":["Defend_B"],"damage_healed":0.0,"max_hp_gain":0.0,"max_hp_loss":0.0,"gold_gain":0.0,"event_name":"The Cleric","player_choice":"Card Removal","floor":3.0,"gold_loss":50.0,"damage_taken":0.0},{"damage_healed":0.0,"max_hp_gain":0.0,"max_hp_loss":0.0,"gold_gain":0.0,"event_name":"Match and Keep!","player_choice":"0 cards matched","floor":10.0,"gold_loss":0.0,"damage_taken":0.0,"cards_obtained":[]},{"damage_healed":0.0,"max_hp_gain":0.0,"max_hp_loss":0.0,"gold_gain":64.0,"event_name":"Golden Wing","player_choice":"Gained Gold","floor":14.0,"gold_loss":0.0,"damage_taken":0.0},{"damage_healed":0.0,"max_hp_gain":0.0,"max_hp_loss":0.0,"gold_gain":0.0,"event_name":"Match and Keep!","player_choice":"2 cards matched","floor":19.0,"gold_loss":0.0,"damage_taken":0.0,"cards_obtained":["Creative AI","Barrage"]}],"is_beta":false,"boss_relics":[{"not_picked":["Black Star","Calling Bell"],"picked":"Inserter"}],"items_purged_floors":[],"is_endless":false,"potions_floor_spawned":[1,4,6],"killed_by":"3 Cultists","ascension_level":0}