{"gold_per_floor":[112,128,142,158,168,182,67,94,141,161,161,178,240,240,240,345,345,360,5,5,5,15,15,32,32,100,100,126,144,159,174,174,274,324,343,343,123,134,134,134],"floor_reached":40,"playtime":2631,"items_purged":[],"score":407,"play_id":"3eb824a3-2c82-4d51-a128-21ede71ba176","local_time":"20190602232311","is_ascension_mode":false,"campfire_choices":[{"floor":11,"key":"REST"},{"floor":15,"key":"REST"},{"floor":23,"key":"REST"},{"floor":25,"key":"REST"},{"floor":32,"key":"REST"}],"neow_cost":"NONE","seed_source_timestamp":6716954051731,"circlet_count":0,"master_deck":["Strike_R","Strike_R","Strike_R","Strike_R","Strike_R","Defend_R","Defend_R","Defend_R","Defend_R","Bash","Brutality","Dual Wield+1","Headbutt","Infernal Blade","Flex","Wild Strike","Reaper","Rampage","Seeing Red+1","Headbutt","Burning Pact","Bludgeon","Metallicize","Wild Strike","Impervious","Warcry","Feel No Pain","Cleave+1","Necronomicurse","Clothesline+1","Hemokinesis+1","Shrug It Off+1","Blood for Blood","Carnage","Shrug It Off+1","Demon Form","Heavy Blade","Twin Strike+1","Carnage","Heavy Blade+1"],"relics":["Burning Blood","Bronze Scales","Orichalcum","Fusion Hammer","Necronomicon","Meat on the Bone","Red Mask","Tiny House","GremlinMask","Lantern"],"potions_floor_usage":[40,40,40],"damage_taken":[{"damage":18,"enemies":"Cultist","floor":1,"turns":6},{"damage":8,"enemies":"Small Slimes","floor":2,"turns":3},{"damage":5,"enemies":"2 Louse","floor":3,"turns":3},{"damage":3,"enemies":"Large Slime","floor":4,"turns":5},{"damage":15,"enemies":"3 Louse","floor":5,"turns":2},{"damage":16,"enemies":"Blue Slaver","floor":6,"turns":3},{"damage":19,"enemies":"Exordium Thugs","floor":10,"turns":4},{"damage":6,"enemies":"Looter","floor":12,"turns":3},{"damage":21,"enemies":"Slime Boss","floor":16,"turns":10},{"damage":4,"enemies":"Spheric Guardian","floor":18,"turns":3},{"damage":4,"enemies":"Shell Parasite","floor":22,"turns":2},{"damage":30,"enemies":"Shelled Parasite and Fungi","floor":24,"turns":4},{"damage":9,"enemies":"Masked Bandits","floor":28,"turns":3},{"damage":15,"enemies":"Snake Plant","floor":29,"turns":3},{"damage":3,"enemies":"Sentry and Sphere","floor":30,"turns":3},{"damage":3,"enemies":"Cultist and Chosen","floor":31,"turns":4},{"damage":54,"enemies":"Automaton","floor":33,"turns":10},{"damage":1,"enemies":"Orb Walker","floor":35,"turns":2},{"damage":16,"enemies":"3 Shapes","floor":38,"turns":3},{"damage":111,"enemies":"Donu and Deca","floor":40,"turns":6}],"seed_played":"-383041279994047958","potions_obtained":[{"floor":1,"key":"GamblersBrew"},{"floor":3,"key":"Dexterity Potion"},{"floor":6,"key":"Strength Potion"},{"floor":10,"key":"Dexterity Potion"},{"floor":29,"key":"Poison Potion"},{"floor":30,"key":"EssenceOfSteel"}],"is_trial":false,"path_per_floor":["M","M","M","M","M","M","$","T","T","M","R","M","?","?","R","B",null,"M","$","?","?","M","R","M","R","T","?","?","M","M","M","R","B",null,"M","?","$","M","?","B"],"character_chosen":"IRONCLAD","items_purchased":["Rampage","Seeing Red","Wild Strike","Impervious","Warcry","Feel No Pain","Cleave","Carnage","Lantern"],"campfire_rested":5,"item_purchase_floors":[7,7,19,19,19,19,19,37,37],"current_hp_per_floor":[68,66,67,70,61,51,51,51,51,50,74,74,74,58,80,72,80,80,80,80,64,66,80,64,80,80,65,64,55,66,69,85,49,90,90,90,90,83,83,0],"gold":134,"neow_bonus":"ONE_RANDOM_RARE_CARD","is_prod":false,"is_daily":false,"chose_seed":false,"campfire_upgraded":0,"win_rate":0,"timestamp":1559535791,"path_taken":["M","M","M","?","?","M","$","?","T","M","R","M","?","?","R","BOSS","M","$","?","?","M","R","M","R","T","?","?","M","?","M","R","BOSS","M","?","?","M","?","BOSS"],"build_version":"2019-01-23","purchased_purges":0,"victory":false,"max_hp_per_floor":[80,80,80,80,80,80,80,80,80,80,80,80,80,80,80,80,80,80,80,80,80,80,80,80,80,80,85,85,85,85,85,85,85,90,90,90,90,90,90,90],"card_choices":[{"not_picked":["Searing Blow","Fire Breathing"],"picked":"Dual Wield","floor":1},{"not_picked":["Perfected Strike","Rage"],"picked":"Headbutt","floor":2},{"not_picked":["True Grit","Sever Soul"],"picked":"Infernal Blade","floor":3},{"not_picked":["Searing Blow","Disarm"],"picked":"Flex","floor":4},{"not_picked":["Warcry","Armaments"],"picked":"Wild Strike","floor":5},{"not_picked":["Shrug It Off","Evolve"],"picked":"Reaper","floor":6},{"not_picked":["Heavy Blade","Second Wind"],"picked":"Headbutt","floor":10},{"not_picked":["Corruption","Dropkick"],"picked":"Burning Pact","floor":12},{"not_picked":["Double Tap","Dark Embrace"],"picked":"Bludgeon","floor":16},{"not_picked":["Rage+1","Rupture+1"],"picked":"Metallicize","floor":18},{"not_picked":["Thunderclap+1","Reckless Charge"],"picked":"Clothesline+1","floor":22},{"not_picked":["Shockwave","Thunderclap"],"picked":"Hemokinesis+1","floor":24},{"not_picked":["Intimidate+1","Hemokinesis"],"picked":"Shrug It Off+1","floor":28},{"not_picked":["Clash","Corruption"],"picked":"Blood for Blood","floor":29},{"not_picked":["Perfected Strike","Clash"],"picked":"Carnage","floor":30},{"not_picked":["Twin Strike+1","Rage+1"],"picked":"Shrug It Off+1","floor":31},{"not_picked":["Fiend Fire","Impervious"],"picked":"Demon Form","floor":33},{"not_picked":["Searing Blow+1","Corruption"],"picked":"Heavy Blade","floor":34},{"not_picked":["Iron Wave","Anger"],"picked":"Twin Strike+1","floor":35},{"not_picked":["Metallicize+1","Blood for Blood+1"],"picked":"Heavy Blade+1","floor":38}],"player_experience":46004,"relics_obtained":[{"floor":8,"key":"Bronze Scales"},{"floor":9,"key":"Orichalcum"},{"floor":21,"key":"Necronomicon"},{"floor":26,"key":"Meat on the Bone"},{"floor":28,"key":"Red Mask"}],"event_choices":[{"damage_healed":0,"gold_gain":62,"player_choice":"Gained Gold","damage_taken":0,"max_hp_gain":0,"max_hp_loss":0,"event_name":"Golden Wing","floor":13,"gold_loss":0},{"damage_healed":0,"gold_gain":0,"player_choice":"Entered Light","damage_taken":16,"max_hp_gain":0,"max_hp_loss":0,"event_name":"Shining Light","floor":14,"gold_loss":0,"cards_upgraded":["Seeing Red","Dual Wield"]},{"damage_healed":0,"gold_gain":0,"player_choice":"Ignored","damage_taken":0,"max_hp_gain":0,"max_hp_loss":0,"event_name":"Beggar","floor":20,"gold_loss":0},{"damage_healed":0,"gold_gain":0,"player_choice":"Obtained Book","damage_taken":16,"max_hp_gain":0,"max_hp_loss":0,"event_name":"Cursed Tome","floor":21,"gold_loss":0},{"damage_healed":0,"gold_gain":0,"player_choice":"Shed Blood","damage_taken":20,"max_hp_gain":5,"max_hp_loss":0,"event_name":"Forgotten Altar","floor":27,"gold_loss":0},{"damage_healed":0,"gold_gain":0,"player_choice":"Fought Bandits","damage_taken":0,"max_hp_gain":0,"max_hp_loss":0,"event_name":"Masked Bandits","floor":28,"gold_loss":0},{"damage_healed":0,"gold_gain":0,"player_choice":"Trade","damage_taken":0,"relics_obtained":["GremlinMask"],"max_hp_gain":0,"max_hp_loss":0,"event_name":"FaceTrader","floor":36,"gold_loss":0},{"damage_healed":0,"gold_gain":0,"player_choice":"Took Portal","damage_taken":0,"max_hp_gain":0,"max_hp_loss":0,"event_name":"SecretPortal","floor":39,"gold_loss":0}],"is_beta":false,"boss_relics":[{"not_picked":["Busted Crown","Black Blood"],"picked":"Fusion Hammer"},{"not_picked":["Lizard Tail","Black Star"],"picked":"Tiny House"}],"items_purged_floors":[],"is_endless":false,"potions_floor_spawned":[1,3,6,10,16,18,24,29,30,31],"killed_by":"Donu and Deca","ascension_level":0}