{"gold_per_floor":[115,115,133,145,156,156,191,191,191,191,226,21,46,57,57,153,153,141,6,26,26,125,153,169,169,199,219,219,234,59,59,59,159,159,170,187,187,0,0,26,26,51,51,51,69,96,111,130,130,130],"floor_reached":51,"playtime":4412,"items_purged":["Strike_G","Strike_G"],"score":891,"play_id":"7156f9aa-0216-4ad8-b5a8-21de28ea7222","local_time":"20190509135501","is_ascension_mode":true,"campfire_choices":[{"data":"Accuracy","floor":6,"key":"SMITH"},{"data":"Infinite Blades","floor":8,"key":"SMITH"},{"data":"Neutralize","floor":10,"key":"SMITH"},{"floor":15,"key":"REST"},{"floor":25,"key":"REST"},{"floor":28,"key":"REST"},{"floor":32,"key":"REST"},{"data":"After Image","floor":41,"key":"SMITH"},{"floor":44,"key":"DIG"},{"floor":49,"key":"REST"}],"neow_cost":"NONE","seed_source_timestamp":675303240061839,"circlet_count":0,"master_deck":["Defend_G","Defend_G","Defend_G","Defend_G","Defend_G","Strike_G","Strike_G","Strike_G","Survivor","Neutralize+1","Blade Dance","Finisher","Accuracy+1","Infinite Blades+1","Backflip","After Image+1","Dagger Throw","Cloak And Dagger","Masterful Stab","Sucker Punch+1","Accuracy+1","Backflip+1","Die Die Die","Shame","Normality","Cloak And Dagger+1","Adrenaline","Escape Plan","Blur","Expertise+1","Blade Dance+1","Accuracy"],"relics":["WristBlade","Omamori","Mummified Hand","Incense Burner","Membership Card","Pen Nib","Sozu","Bag of Marbles","Enchiridion","Art of War","Tiny Chest","Pear","WarpedTongs","Calling Bell","Potion Belt","Sundial","Shovel","Ginger","Red Mask","Dream Catcher","Centennial Puzzle","Pocketwatch","Vajra","Shuriken"],"potions_floor_usage":[11,50,50],"damage_taken":[{"damage":0,"enemies":"2 Louse","floor":1,"turns":3},{"damage":1,"enemies":"Cultist","floor":3,"turns":4},{"damage":2,"enemies":"Jaw Worm","floor":4,"turns":4},{"damage":12,"enemies":"Blue Slaver","floor":5,"turns":4},{"damage":12,"enemies":"Lagavulin","floor":7,"turns":7},{"damage":3,"enemies":"Gremlin Nob","floor":11,"turns":3},{"damage":10,"enemies":"3 Sentries","floor":13,"turns":5},{"damage":0,"enemies":"Exordium Wildlife","floor":14,"turns":3},{"damage":1,"enemies":"Slime Boss","floor":16,"turns":7},{"damage":5,"enemies":"2 Thieves","floor":18,"turns":4},{"damage":3,"enemies":"Shell Parasite","floor":20,"turns":3},{"damage":38,"enemies":"Slavers","floor":23,"turns":6},{"damage":7,"enemies":"Centurion and Healer","floor":24,"turns":3},{"damage":0,"enemies":"Chosen and Byrds","floor":27,"turns":3},{"damage":14,"enemies":"Snake Plant","floor":29,"turns":3},{"damage":1,"enemies":"Collector","floor":33,"turns":6},{"damage":0,"enemies":"3 Shapes","floor":35,"turns":1},{"damage":0,"enemies":"Orb Walker","floor":36,"turns":1},{"damage":23,"enemies":"Reptomancer","floor":40,"turns":4},{"damage":0,"enemies":"Giant Head","floor":42,"turns":6},{"damage":4,"enemies":"Spire Growth","floor":45,"turns":3},{"damage":0,"enemies":"Nemesis","floor":46,"turns":3},{"damage":1,"enemies":"Writhing Mass","floor":47,"turns":4},{"damage":0,"enemies":"3 Darklings","floor":48,"turns":4},{"damage":18,"enemies":"Donu and Deca","floor":50,"turns":7}],"seed_played":"2985250883280489539","potions_obtained":[{"floor":1,"key":"SkillPotion"},{"floor":4,"key":"Strength Potion"},{"floor":5,"key":"FearPotion"}],"is_trial":false,"path_per_floor":["M","?","M","M","M","R","E","R","T","R","E","$","E","M","R","B",null,"M","$","M","?","?","E","M","R","T","M","R","M","$","?","R","B",null,"M","M","T","?","?","E","R","E","T","R","M","E","M","M","R","B",null],"character_chosen":"THE_SILENT","items_purchased":["Membership Card","Dagger Throw","Bag of Marbles","Pear"],"campfire_rested":5,"item_purchase_floors":[12,19,19,30],"current_hp_per_floor":[70,70,69,67,55,55,43,43,43,43,40,40,30,30,51,50,70,65,65,62,46,46,8,1,22,22,22,43,29,39,39,63,62,80,80,80,80,80,80,57,57,57,57,57,53,53,52,52,76,58],"gold":130,"neow_bonus":"BOSS_RELIC","is_prod":false,"is_daily":false,"chose_seed":false,"campfire_upgraded":4,"win_rate":0,"timestamp":1557431701,"path_taken":["M","?","M","M","?","R","E","R","T","R","E","$","E","M","R","BOSS","M","?","M","?","?","E","?","R","T","M","R","M","$","?","R","BOSS","M","M","?","?","?","E","R","E","T","R","M","E","M","M","R","BOSS"],"build_version":"2019-01-23","purchased_purges":2,"victory":true,"max_hp_per_floor":[70,70,70,70,70,70,70,70,70,70,70,70,70,70,70,70,70,70,70,70,70,70,70,70,70,70,70,70,70,80,80,80,80,80,80,80,80,80,80,80,80,80,80,80,80,80,80,80,80,80],"card_choices":[{"not_picked":["Distraction","Slice"],"picked":"Blade Dance","floor":1},{"not_picked":["Backflip","Deadly Poison"],"picked":"Finisher","floor":3},{"not_picked":["Flying Knee","PiercingWail","Outmaneuver"],"picked":"SKIP","floor":4},{"not_picked":["Unload","Heel Hook"],"picked":"Accuracy","floor":5},{"not_picked":["Riddle With Holes","Skewer"],"picked":"Infinite Blades","floor":7},{"not_picked":["Choke","Deadly Poison","Skewer"],"picked":"SKIP","floor":11},{"not_picked":["Poisoned Stab","Reflex"],"picked":"Backflip","floor":13},{"not_picked":["Poisoned Stab","Eviscerate","Reflex"],"picked":"SKIP","floor":14},{"not_picked":["Tools of the Trade","Wraith Form v2"],"picked":"After Image","floor":16},{"not_picked":["Skewer+1","Acrobatics"],"picked":"Cloak And Dagger","floor":18},{"not_picked":["Slice","Sucker Punch+1"],"picked":"Cloak And Dagger","floor":20},{"not_picked":["Glass Knife","Backstab"],"picked":"Masterful Stab","floor":23},{"not_picked":["Quick Slash","Cloak And Dagger"],"picked":"Sucker Punch+1","floor":24},{"not_picked":["Prepared","Noxious Fumes"],"picked":"Accuracy+1","floor":27},{"not_picked":["Sucker Punch","Underhanded Strike"],"picked":"Backflip+1","floor":29},{"not_picked":["Doppelganger","Glass Knife"],"picked":"Die Die Die","floor":33},{"not_picked":["Dash+1","Prepared"],"picked":"Cloak And Dagger+1","floor":35},{"not_picked":["Predator","Calculated Gamble+1","Bane+1"],"picked":"SKIP","floor":36},{"not_picked":["Skewer","Flechettes+1"],"picked":"Adrenaline","floor":40},{"not_picked":["Endless Agony","Dodge and Roll"],"picked":"Escape Plan","floor":42},{"not_picked":["Deadly Poison+1","All Out Attack","Flying Knee"],"picked":"SKIP","floor":45},{"not_picked":["Well Laid Plans+1","Calculated Gamble+1"],"picked":"Blur","floor":46},{"not_picked":["Bane","Outmaneuver+1"],"picked":"Expertise+1","floor":47},{"not_picked":["Heel Hook+1","PiercingWail+1"],"picked":"Blade Dance+1","floor":48},{"not_picked":["Crippling Poison+1","Endless Agony+1"],"picked":"Accuracy","floor":49}],"player_experience":263904,"relics_obtained":[{"floor":7,"key":"Omamori"},{"floor":9,"key":"Mummified Hand"},{"floor":11,"key":"Incense Burner"},{"floor":13,"key":"Pen Nib"},{"floor":21,"key":"Enchiridion"},{"floor":23,"key":"Art of War"},{"floor":26,"key":"Tiny Chest"},{"floor":34,"key":"Potion Belt"},{"floor":34,"key":"Sundial"},{"floor":34,"key":"Shovel"},{"floor":37,"key":"Ginger"},{"floor":40,"key":"Dream Catcher"},{"floor":42,"key":"Centennial Puzzle"},{"floor":43,"key":"Pocketwatch"},{"floor":44,"key":"Vajra"},{"floor":46,"key":"Shuriken"}],"event_choices":[{"damage_healed":0,"gold_gain":0,"player_choice":"Bought 0 Potions","damage_taken":0,"max_hp_gain":0,"max_hp_loss":0,"event_name":"The Woman in Blue","floor":2,"gold_loss":0},{"damage_healed":0,"gold_gain":0,"player_choice":"Obtained Book","damage_taken":16,"max_hp_gain":0,"max_hp_loss":0,"event_name":"Cursed Tome","floor":21,"gold_loss":0},{"damage_healed":0,"gold_gain":99,"player_choice":"Stole From Cult","damage_taken":0,"max_hp_gain":0,"max_hp_loss":0,"event_name":"Nest","floor":22,"gold_loss":0},{"damage_healed":0,"gold_gain":0,"player_choice":"Rummage","damage_taken":0,"relics_obtained":["WarpedTongs"],"max_hp_gain":0,"max_hp_loss":0,"event_name":"Accursed Blacksmith","floor":31,"gold_loss":0,"cards_obtained":["Pain"]},{"damage_healed":0,"gold_gain":0,"player_choice":"Paid","damage_taken":0,"relics_obtained":["Red Mask"],"max_hp_gain":0,"max_hp_loss":0,"event_name":"Tomb of Lord Red Mask","floor":38,"gold_loss":187},{"cards_removed":["Cloak And Dagger"],"damage_healed":0,"gold_gain":0,"player_choice":"Removed Skill","damage_taken":0,"max_hp_gain":0,"max_hp_loss":0,"event_name":"Falling","floor":39,"gold_loss":0}],"is_beta":false,"boss_relics":[{"not_picked":["Orrery","Coffee Dripper"],"picked":"Sozu"},{"not_picked":["Tiny House","White Beast Statue"],"picked":"Calling Bell"}],"items_purged_floors":[19,30],"is_endless":false,"potions_floor_spawned":[1,4,5,20,23,29,36,48],"ascension_level":3}