{"gold_per_floor":[115,115,128,27,43,71,71,104,131,131,131,131,172,191,191,191],"floor_reached":16,"playtime":1296,"items_purged":["Strike_B"],"score":186,"play_id":"8bbc387b-89c6-40ce-93fd-703a6d1f6e26","local_time":"20190513154924","is_ascension_mode":true,"campfire_choices":[{"data":"Zap","floor":7,"key":"SMITH"},{"data":"Storm","floor":15,"key":"SMITH"}],"neow_cost":"NONE","seed_source_timestamp":826511868563523,"circlet_count":0,"master_deck":["Strike_B+1","Strike_B+1","Strike_B","Defend_B+1","Defend_B+1","Defend_B","Zap+1","Dualcast+1","Compile Driver","Self Repair","Ball Lightning+1","Cold Snap","BootSequence","Turbo","Parasite","Storm+1","Self Repair"],"relics":["Cracked Core","Art of War","War Paint","Bird Faced Urn","Golden Idol","Whetstone"],"potions_floor_usage":[8,8,13],"damage_taken":[{"damage":8,"enemies":"Small Slimes","floor":1,"turns":2},{"damage":0,"enemies":"Jaw Worm","floor":3,"turns":3},{"damage":0,"enemies":"Cultist","floor":5,"turns":3},{"damage":48,"enemies":"3 Sentries","floor":6,"turns":10},{"damage":0,"enemies":"Lagavulin","floor":8,"turns":5},{"damage":13,"enemies":"3 Sentries","floor":13,"turns":5},{"damage":9,"enemies":"Exordium Thugs","floor":14,"turns":4},{"damage":30,"enemies":"Slime Boss","floor":16,"turns":9}],"seed_played":"2912651768680350133","potions_obtained":[{"floor":3,"key":"PowerPotion"},{"floor":5,"key":"Weak Potion"},{"floor":6,"key":"AttackPotion"}],"is_trial":false,"path_per_floor":["M","?","M","$","M","E","R","E","T","?","?","?","E","M","R","B"],"character_chosen":"DEFECT","items_purchased":["Ball Lightning"],"campfire_rested":0,"item_purchase_floors":[4],"current_hp_per_floor":[60,45,45,45,52,11,11,18,18,11,29,29,25,18,18,0],"gold":191,"neow_bonus":"REMOVE_CARD","is_prod":false,"is_daily":false,"chose_seed":false,"campfire_upgraded":2,"win_rate":0,"timestamp":1557784164,"path_taken":["M","?","M","$","M","E","R","E","T","?","?","?","E","M","R","BOSS"],"build_version":"2019-01-23","purchased_purges":1,"victory":false,"max_hp_per_floor":[75,75,75,75,75,75,75,75,75,75,75,69,69,69,69,69],"card_choices":[{"not_picked":["Steam","Fusion"],"picked":"Compile Driver","floor":1},{"not_picked":["Hologram","Recycle"],"picked":"Self Repair","floor":3},{"not_picked":["Streamline","Sunder"],"picked":"Cold Snap","floor":5},{"not_picked":["Barrage","Reinforced Body"],"picked":"BootSequence","floor":6},{"not_picked":["Beam Cell","Cold Snap"],"picked":"Turbo","floor":8},{"not_picked":["Lockon","Ball Lightning"],"picked":"Storm","floor":13},{"not_picked":["Static Discharge","Lockon"],"picked":"Self Repair","floor":14}],"player_experience":320791,"relics_obtained":[{"floor":6,"key":"Art of War"},{"floor":8,"key":"War Paint"},{"floor":13,"key":"Whetstone"}],"event_choices":[{"damage_healed":0,"gold_gain":0,"player_choice":"Entered Light","damage_taken":15,"max_hp_gain":0,"max_hp_loss":0,"event_name":"Shining Light","floor":2,"gold_loss":0,"cards_upgraded":["Strike_B","Defend_B"]},{"damage_healed":0,"gold_gain":0,"player_choice":"Success","damage_taken":7,"relics_obtained":["Bird Faced Urn"],"max_hp_gain":0,"max_hp_loss":0,"event_name":"Scrap Ooze","floor":10,"gold_loss":0},{"damage_healed":18,"gold_gain":0,"player_choice":"Healed and dodged fight","damage_taken":0,"max_hp_gain":0,"max_hp_loss":0,"event_name":"Mushrooms","floor":11,"gold_loss":0,"cards_obtained":["Parasite"]},{"damage_healed":0,"gold_gain":0,"player_choice":"Lose Max HP","damage_taken":0,"relics_obtained":["Golden Idol"],"max_hp_gain":0,"max_hp_loss":6,"event_name":"Golden Idol","floor":12,"gold_loss":0}],"is_beta":false,"boss_relics":[],"items_purged_floors":[4],"is_endless":false,"potions_floor_spawned":[3,5,6],"killed_by":"Slime Boss","ascension_level":6}