{"gold_per_floor":[114,124,124,8,22,54,68,68,68,96,111,85,96,114,114,214,214,232,207,191,46,63,63,78,78,78,111,0,0,27,45,45,147,147,160,160,179,179,63,63,81,92,92,92],"floor_reached":44,"playtime":3974,"items_purged":["Shame"],"score":537,"play_id":"b133d2cc-d83e-4880-b707-62eb30bb58be","local_time":"20190602044748","is_ascension_mode":false,"campfire_choices":[{"floor":8,"key":"REST"},{"floor":15,"key":"REST"},{"data":"Infinite Blades","floor":23,"key":"SMITH"},{"floor":25,"key":"REST"},{"floor":32,"key":"REST"},{"data":"Blade Dance","floor":40,"key":"SMITH"}],"neow_cost":"NONE","seed_source_timestamp":29446475004785,"circlet_count":0,"master_deck":["Defend_G","Defend_G","Defend_G","Defend_G","Defend_G+1","Strike_G","Strike_G","Strike_G","Strike_G","Strike_G","Survivor","Neutralize","Leg Sweep+1","Blade Dance+1","Prepared+1","Underhanded Strike","Infinite Blades+1","PiercingWail","Bouncing Flask","Bullet Time","Poisoned Stab","Acrobatics","Backflip","Accuracy","Tools of the Trade","Poisoned Stab","Prepared","Bane","Poisoned Stab","Infinite Blades","Deflect","Bouncing Flask","Noxious Fumes","Dagger Spray","Terror","Crippling Poison","Accuracy","Poisoned Stab","After Image","Well Laid Plans","Infinite Blades","Backflip+1","Blade Dance+1","Night Terror","Accuracy+1","PiercingWail+1","Writhe","Well Laid Plans","Distraction+1","Crippling Poison+1"],"relics":["Ring of the Snake","NeowsBlessing","Mercury Hourglass","Kunai","Sundial","Philosopher\u0027s Stone","War Paint","Bag of Preparation","Torii","Pantograph","Orrery","Frozen Egg 2"],"potions_floor_usage":[6,16,24,27,33,33,42],"damage_taken":[{"damage":0,"enemies":"Small Slimes","floor":1,"turns":1},{"damage":0,"enemies":"Jaw Worm","floor":2,"turns":1},{"damage":0,"enemies":"Cultist","floor":5,"turns":1},{"damage":32,"enemies":"Gremlin Nob","floor":6,"turns":5},{"damage":0,"enemies":"Lots of Slimes","floor":7,"turns":3},{"damage":16,"enemies":"3 Sentries","floor":10,"turns":7},{"damage":0,"enemies":"Blue Slaver","floor":11,"turns":3},{"damage":0,"enemies":"3 Louse","floor":13,"turns":2},{"damage":4,"enemies":"Gremlin Gang","floor":14,"turns":4},{"damage":39,"enemies":"The Guardian","floor":16,"turns":10},{"damage":8,"enemies":"Spheric Guardian","floor":18,"turns":5},{"damage":12,"enemies":"2 Thieves","floor":20,"turns":4},{"damage":7,"enemies":"Snecko","floor":22,"turns":5},{"damage":24,"enemies":"3 Cultists","floor":24,"turns":5},{"damage":24,"enemies":"Slavers","floor":27,"turns":5},{"damage":5,"enemies":"Gremlin Leader","floor":30,"turns":6},{"damage":1,"enemies":"Snake Plant","floor":31,"turns":4},{"damage":30,"enemies":"Automaton","floor":33,"turns":8},{"damage":9,"enemies":"Orb Walker","floor":35,"turns":4},{"damage":19,"enemies":"3 Darklings","floor":37,"turns":4},{"damage":25,"enemies":"Transient","floor":41,"turns":5},{"damage":26,"enemies":"Writhing Mass","floor":42,"turns":6},{"damage":15,"enemies":"Maw","floor":44,"turns":2}],"seed_played":"4146245943582360493","potions_obtained":[{"floor":2,"key":"AttackPotion"},{"floor":6,"key":"Ancient Potion"},{"floor":13,"key":"Strength Potion"},{"floor":16,"key":"Fire Potion"},{"floor":27,"key":"Block Potion"},{"floor":30,"key":"Dexterity Potion"},{"floor":31,"key":"Poison Potion"},{"floor":33,"key":"Energy Potion"},{"floor":37,"key":"Ancient Potion"},{"floor":42,"key":"LiquidBronze"}],"is_trial":false,"path_per_floor":["M","M","?","$","M","E","M","R","T","E","M","$","M","M","R","B",null,"M","$","M","$","M","R","M","R","T","E","$","?","E","M","R","B",null,"M","?","M","?","$","R","M","M","T","M"],"character_chosen":"THE_SILENT","items_purchased":["Blade Dance","Prepared","Underhanded Strike","Acrobatics","Prepared","Poisoned Stab","Infinite Blades","Deflect","Terror","Crippling Poison","Well Laid Plans"],"campfire_rested":4,"item_purchase_floors":[4,4,4,12,19,21,21,21,28,28,39],"current_hp_per_floor":[70,70,70,70,70,38,38,59,59,43,43,43,43,39,60,21,70,62,62,50,50,43,43,19,40,40,16,16,16,11,10,31,26,70,61,61,42,60,60,60,35,9,9,0],"gold":92,"neow_bonus":"THREE_ENEMY_KILL","is_prod":false,"is_daily":false,"chose_seed":false,"campfire_upgraded":2,"win_rate":0.0,"timestamp":1559468868,"path_taken":["M","M","?","?","?","E","M","R","T","E","M","$","?","M","R","BOSS","M","$","M","$","M","R","M","R","T","E","?","?","E","M","R","BOSS","M","?","?","?","$","R","M","M","T","M"],"build_version":"2019-01-23","purchased_purges":1,"victory":false,"max_hp_per_floor":[70,70,70,70,70,70,70,70,70,70,70,70,70,70,70,70,70,70,70,70,70,70,70,70,70,70,70,70,70,70,70,70,70,70,70,70,70,70,70,70,70,70,70,70],"card_choices":[{"not_picked":["Prepared","Caltrops"],"picked":"Leg Sweep","floor":1},{"not_picked":["Flying Knee","Dagger Throw"],"picked":"Calculated Gamble","floor":2},{"not_picked":["Deflect","Escape Plan"],"picked":"Infinite Blades","floor":5},{"not_picked":["Glass Knife","Outmaneuver"],"picked":"PiercingWail","floor":6},{"not_picked":["Acrobatics","Infinite Blades"],"picked":"Bouncing Flask","floor":7},{"not_picked":["Deadly Poison","Calculated Gamble"],"picked":"Bullet Time","floor":10},{"not_picked":["Distraction","PiercingWail"],"picked":"Poisoned Stab","floor":11},{"not_picked":["Blur","Reflex"],"picked":"Backflip","floor":13},{"not_picked":["Blade Dance","Eviscerate"],"picked":"Accuracy","floor":14},{"not_picked":["A Thousand Cuts","Unload"],"picked":"Tools of the Trade","floor":16},{"not_picked":["Prepared","Crippling Poison"],"picked":"Poisoned Stab","floor":18},{"not_picked":["Backflip","Tactician"],"picked":"Bane","floor":20},{"not_picked":["Slice","Outmaneuver"],"picked":"Bouncing Flask","floor":22},{"not_picked":["Poisoned Stab","Bane"],"picked":"Noxious Fumes","floor":24},{"not_picked":["Wraith Form v2","Acrobatics+1"],"picked":"Dagger Spray","floor":27},{"not_picked":["Poisoned Stab","Blur+1"],"picked":"Accuracy","floor":30},{"not_picked":["Acrobatics+1","Flying Knee"],"picked":"Poisoned Stab","floor":31},{"not_picked":["Venomology","Wraith Form v2"],"picked":"After Image","floor":33},{"not_picked":["Deadly Poison","Slice"],"picked":"Well Laid Plans","floor":34},{"not_picked":["Riddle With Holes","Crippling Poison"],"picked":"Infinite Blades","floor":34},{"not_picked":["Quick Slash","Flying Knee"],"picked":"Backflip+1","floor":34},{"not_picked":["Slice+1","Escape Plan"],"picked":"Blade Dance+1","floor":34},{"not_picked":["Outmaneuver","Slice+1"],"picked":"Night Terror","floor":34},{"not_picked":["Bouncing Flask+1","Acrobatics"],"picked":"Accuracy+1","floor":35},{"not_picked":["Bouncing Flask","Backflip+1"],"picked":"PiercingWail+1","floor":37},{"not_picked":["Flying Knee","Tactician"],"picked":"Distraction+1","floor":41},{"not_picked":["Predator+1","Blur+1"],"picked":"Crippling Poison+1","floor":42}],"player_experience":26679,"relics_obtained":[{"floor":6,"key":"Mercury Hourglass"},{"floor":9,"key":"Kunai"},{"floor":10,"key":"Sundial"},{"floor":26,"key":"War Paint"},{"floor":27,"key":"Bag of Preparation"},{"floor":30,"key":"Pantograph"},{"floor":43,"key":"Frozen Egg 2"}],"event_choices":[{"damage_healed":0,"gold_gain":0,"player_choice":"Grow","damage_taken":0,"max_hp_gain":0,"max_hp_loss":0,"event_name":"Living Wall","floor":3,"gold_loss":0,"cards_upgraded":["Leg Sweep"]},{"damage_healed":0,"gold_gain":0,"player_choice":"Stole Relic","damage_taken":0,"relics_obtained":["Torii"],"max_hp_gain":0,"max_hp_loss":0,"event_name":"Addict","floor":29,"gold_loss":0,"cards_obtained":["Shame"]},{"cards_removed":["Calculated Gamble"],"damage_healed":0,"gold_gain":0,"player_choice":"Purged","damage_taken":0,"max_hp_gain":0,"max_hp_loss":0,"event_name":"Purifier","floor":36,"gold_loss":0},{"damage_healed":18,"gold_gain":0,"player_choice":"Writhe","damage_taken":0,"max_hp_gain":0,"max_hp_loss":0,"event_name":"Winding Halls","floor":38,"gold_loss":0,"cards_obtained":["Writhe"]}],"is_beta":false,"boss_relics":[{"not_picked":["Tiny House","Sozu"],"picked":"Philosopher\u0027s Stone"},{"not_picked":["Coffee Dripper","Cursed Key"],"picked":"Orrery"}],"items_purged_floors":[39],"is_endless":false,"potions_floor_spawned":[2,6,13,16,27,30,31,33,37,42],"killed_by":"Maw","ascension_level":0}