{"gold_per_floor":[111,128,140,140,155,155,168,168,168,168,197,197,211,227,227,330,330],"floor_reached":17,"playtime":1227,"items_purged":[],"score":159,"play_id":"931c50a5-4825-4293-bb1a-28a49255cc3d","local_time":"20190526174856","is_ascension_mode":false,"campfire_choices":[{"data":"Battle Trance","floor":6.0,"key":"SMITH"},{"data":"Pommel Strike","floor":8.0,"key":"SMITH"},{"data":"Bash","floor":12.0,"key":"SMITH"},{"data":"Armaments","floor":15,"key":"SMITH"}],"neow_cost":"NONE","seed_source_timestamp":0,"circlet_count":0,"master_deck":["Strike_R","Strike_R","Strike_R","Strike_R","Strike_R","Defend_R","Defend_R","Defend_R","Defend_R+1","Bash+1","Pommel Strike+1","Body Slam+1","Battle Trance+1","Cleave","Armaments+1","Demon Form"],"special_seed":0,"relics":["Burning Blood","Dream Catcher","Shuriken","Self Forming Clay","Matryoshka","Coffee Dripper"],"potions_floor_usage":[16],"damage_taken":[{"damage":5.0,"enemies":"2 Louse","floor":1.0,"turns":4.0},{"damage":0.0,"enemies":"Small Slimes","floor":2.0,"turns":4.0},{"damage":6.0,"enemies":"Jaw Worm","floor":3.0,"turns":3.0},{"damage":8.0,"enemies":"2 Fungi Beasts","floor":5.0,"turns":4.0},{"damage":2.0,"enemies":"Looter","floor":7.0,"turns":3.0},{"damage":25.0,"enemies":"Gremlin Nob","floor":11.0,"turns":4.0},{"damage":0,"enemies":"Large Slime","floor":13,"turns":5},{"damage":2,"enemies":"Blue Slaver","floor":14,"turns":4},{"damage":19,"enemies":"Slime Boss","floor":16,"turns":8}],"seed_played":"4685157628770748307","potions_obtained":[{"floor":1.0,"key":"BloodPotion"},{"floor":7.0,"key":"SkillPotion"},{"floor":13,"key":"EssenceOfSteel"}],"is_trial":false,"path_per_floor":["M","M","M","?","M","R","M","R","T","?","E","R","M","M","R","B",null],"character_chosen":"IRONCLAD","items_purchased":[],"campfire_rested":0,"item_purchase_floors":[],"current_hp_per_floor":[80,80,80,64,62,62,66,66,66,41,22,22,28,32,32,19,80],"gold":330,"neow_bonus":"RANDOM_COMMON_RELIC","is_prod":false,"is_daily":false,"chose_seed":false,"campfire_upgraded":4,"win_rate":0,"timestamp":1558907336,"path_taken":["M","M","M","?","M","R","M","R","T","?","E","R","?","M","R","BOSS"],"build_version":"2019-01-23","purchased_purges":0,"victory":false,"max_hp_per_floor":[80,80,80,80,80,80,80,80,80,80,80,80,80,80,80,80,80],"card_choices":[{"not_picked":["Entrench","Thunderclap","Heavy Blade"],"picked":"SKIP","floor":1.0},{"not_picked":["Warcry","Havoc"],"picked":"Pommel Strike","floor":2.0},{"not_picked":["Rupture","Sword Boomerang"],"picked":"Body Slam","floor":3.0},{"not_picked":["Combust","Headbutt"],"picked":"Battle Trance","floor":5.0},{"not_picked":["Spot Weakness","Uppercut","Infernal Blade"],"picked":"SKIP","floor":7.0},{"not_picked":["Power Through","Clash","Barricade"],"picked":"SKIP","floor":11.0},{"not_picked":["Body Slam","Pummel"],"picked":"Cleave","floor":13},{"not_picked":["Spot Weakness","Flex"],"picked":"Armaments","floor":14},{"not_picked":["Impervious","Fiend Fire"],"picked":"Demon Form","floor":16}],"player_experience":928401,"relics_obtained":[{"floor":9.0,"key":"Shuriken"},{"floor":11.0,"key":"Matryoshka"}],"event_choices":[{"damage_healed":0.0,"max_hp_gain":0.0,"max_hp_loss":0.0,"gold_gain":0.0,"event_name":"Shining Light","player_choice":"Entered Light","floor":4.0,"gold_loss":0.0,"damage_taken":16.0,"cards_upgraded":["Defend_R","Body Slam"]},{"damage_healed":0.0,"max_hp_gain":0.0,"max_hp_loss":0.0,"gold_gain":0.0,"event_name":"Scrap Ooze","player_choice":"Success","floor":10.0,"gold_loss":0.0,"damage_taken":25.0,"relics_obtained":["Self Forming Clay"]}],"is_beta":false,"boss_relics":[{"not_picked":["Snecko Eye","White Beast Statue"],"picked":"Coffee Dripper"}],"items_purged_floors":[],"is_endless":false,"potions_floor_spawned":[1,7,13,14],"ascension_level":0}