{"gold_per_floor":[15,15,15,34,46,46,46,46,46,46,63,94,104,123,123,198,198,198,198,123,123,123,123,48,48,48,48,48,48,48,48,48,48,48,48,48,0,0,0,0,0,0,0,0,0,0,0,0,0,0,0],"floor_reached":51,"playtime":1734,"items_purged":["Strike_R"],"score":1394,"play_id":"a96f41d9-6717-48db-baaf-24a902946c80","local_time":"20190527211236","is_ascension_mode":true,"campfire_choices":[{"data":"Whirlwind","floor":6,"key":"SMITH"},{"data":"Inflame","floor":8,"key":"SMITH"},{"data":"Bash","floor":10,"key":"SMITH"},{"data":"1","floor":15,"key":"LIFT"},{"data":"Limit Break","floor":23,"key":"SMITH"},{"data":"Whirlwind","floor":30,"key":"SMITH"},{"data":"2","floor":32,"key":"LIFT"},{"floor":40,"key":"REST"},{"data":"3","floor":42,"key":"LIFT"},{"floor":44,"key":"REST"},{"floor":49,"key":"RECALL"}],"neow_cost":"NO_GOLD","seed_source_timestamp":1611460135347371,"circlet_count":0,"master_deck":["AscendersBane","Strike_R","Strike_R","Strike_R","Defend_R+1","Defend_R+1","Defend_R","Defend_R","Bash+1","Whirlwind+1","Double Tap","Spot Weakness","Limit Break+1","Whirlwind+1","Headbutt","Shockwave","True Grit","Shrug It Off+1","Heavy Blade","Secret Weapon"],"relics":["Burning Blood","Thread and Needle","War Paint","Mercury Hourglass","Girya","Ectoplasm","Enchiridion","Dream Catcher","Fusion Hammer","Red Mask","Gremlin Horn","StoneCalendar"],"potions_floor_usage":[12,16,22,25,28,33,45,45],"damage_taken":[{"damage":2,"enemies":"2 Louse","floor":1,"turns":4},{"damage":0,"enemies":"Jaw Worm","floor":4,"turns":4},{"damage":2,"enemies":"Cultist","floor":5,"turns":4},{"damage":5,"enemies":"Red Slaver","floor":11,"turns":3},{"damage":0,"enemies":"Gremlin Nob","floor":12,"turns":2},{"damage":4,"enemies":"Lots of Slimes","floor":13,"turns":3},{"damage":4,"enemies":"Blue Slaver","floor":14,"turns":4},{"damage":17,"enemies":"Slime Boss","floor":16,"turns":6},{"damage":0,"enemies":"Chosen","floor":18,"turns":3},{"damage":8,"enemies":"3 Byrds","floor":19,"turns":4},{"damage":0,"enemies":"Centurion and Healer","floor":22,"turns":3},{"damage":0,"enemies":"Chosen and Byrds","floor":25,"turns":2},{"damage":14,"enemies":"Cultist and Chosen","floor":27,"turns":4},{"damage":14,"enemies":"Gremlin Leader","floor":28,"turns":4},{"damage":46,"enemies":"Collector","floor":33,"turns":5},{"damage":2,"enemies":"Orb Walker","floor":35,"turns":2},{"damage":0,"enemies":"3 Darklings","floor":36,"turns":2},{"damage":63,"enemies":"Sphere and 2 Shapes","floor":38,"turns":4},{"damage":0,"enemies":"Transient","floor":39,"turns":6},{"damage":0,"enemies":"Maw","floor":41,"turns":6},{"damage":9,"enemies":"Nemesis","floor":45,"turns":5},{"damage":39,"enemies":"Awakened One","floor":50,"turns":6},{"damage":49,"enemies":"Donu and Deca","floor":51,"turns":3}],"seed_played":"270477779551534027","potions_obtained":[{"floor":1,"key":"SkillPotion"},{"floor":11,"key":"Explosive Potion"},{"floor":12,"key":"LiquidBronze"},{"floor":16,"key":"SkillPotion"},{"floor":19,"key":"AttackPotion"},{"floor":25,"key":"Regen Potion"},{"floor":28,"key":"Energy Potion"},{"floor":35,"key":"Strength Potion"},{"floor":41,"key":"AttackPotion"}],"is_trial":false,"path_per_floor":["M","?","?","M","M","R","$","R","T","R","M","E","M","M","R","B",null,"M","M","?","?","M","R","$","M","T","M","E","$","R","?","R","B",null,"M","M","?","M","M","R","M","R","T","R","E","?","?","?","R","B","B"],"character_chosen":"IRONCLAD","items_purchased":[],"campfire_rested":2,"item_purchase_floors":[],"current_hp_per_floor":[72,46,46,52,56,56,56,56,56,56,57,63,65,67,67,56,70,75,73,73,52,58,58,58,64,64,56,60,60,60,75,75,35,65,69,75,75,18,24,46,52,52,52,74,71,71,71,71,71,38,0],"gold":0,"neow_bonus":"ONE_RARE_RELIC","is_prod":false,"is_daily":false,"chose_seed":false,"campfire_upgraded":5,"win_rate":0,"timestamp":1559005956,"path_taken":["M","?","?","?","M","R","?","R","T","R","M","E","?","M","R","BOSS","M","M","?","?","M","R","$","M","T","M","E","?","R","?","R","BOSS","M","M","?","M","M","R","M","R","T","R","E","?","?","?","R","BOSS","BOSS"],"build_version":"2019-01-23","purchased_purges":1,"victory":false,"max_hp_per_floor":[75,75,75,75,75,75,75,75,75,75,75,75,75,75,75,75,75,75,75,75,75,75,75,75,75,75,75,75,75,75,75,75,75,75,75,75,75,75,75,75,75,75,75,75,75,75,75,75,75,75,75],"card_choices":[{"not_picked":["Headbutt","Sword Boomerang"],"picked":"Inflame","floor":1},{"not_picked":["Twin Strike","Havoc"],"picked":"Whirlwind","floor":4},{"not_picked":["Sword Boomerang","Armaments","Anger"],"picked":"SKIP","floor":5},{"not_picked":["Fire Breathing","Infernal Blade"],"picked":"Double Tap","floor":11},{"not_picked":["Hemokinesis","Dropkick"],"picked":"Spot Weakness","floor":12},{"not_picked":["Warcry","Sever Soul","Combust"],"picked":"SKIP","floor":13},{"not_picked":["Dropkick","Armaments","Sword Boomerang"],"picked":"SKIP","floor":14},{"not_picked":["Offering","Dark Embrace"],"picked":"Limit Break","floor":16},{"not_picked":["Armaments","Burning Pact","Hemokinesis"],"picked":"SKIP","floor":18},{"not_picked":["Clash","Uppercut"],"picked":"Whirlwind","floor":19},{"not_picked":["Twin Strike","Clash"],"picked":"Headbutt","floor":22},{"not_picked":["Fiend Fire","Spot Weakness","Iron Wave"],"picked":"SKIP","floor":25},{"not_picked":["Cleave","Clothesline+1","Evolve"],"picked":"SKIP","floor":27},{"not_picked":["Anger+1","Uppercut+1","Blood for Blood+1"],"picked":"SKIP","floor":28},{"not_picked":["Cleave","Thunderclap"],"picked":"Shockwave","floor":35},{"not_picked":["Anger","Heavy Blade","Havoc"],"picked":"SKIP","floor":36},{"not_picked":["Whirlwind","Entrench","Seeing Red"],"picked":"SKIP","floor":38},{"not_picked":["Warcry+1","Pommel Strike"],"picked":"True Grit","floor":39},{"not_picked":["Wild Strike","True Grit","Immolate"],"picked":"SKIP","floor":41},{"not_picked":["Warcry","Headbutt+1"],"picked":"Shrug It Off+1","floor":44},{"not_picked":["Wild Strike","Burning Pact"],"picked":"Heavy Blade","floor":45},{"not_picked":["Trip","PanicButton"],"picked":"Secret Weapon","floor":47}],"player_experience":517139,"relics_obtained":[{"floor":9,"key":"Mercury Hourglass"},{"floor":12,"key":"Girya"},{"floor":21,"key":"Enchiridion"},{"floor":28,"key":"Dream Catcher"},{"floor":43,"key":"Gremlin Horn"},{"floor":45,"key":"StoneCalendar"}],"event_choices":[{"damage_healed":0,"gold_gain":0,"player_choice":"Success","damage_taken":26,"relics_obtained":["War Paint"],"max_hp_gain":0,"max_hp_loss":0,"event_name":"Scrap Ooze","floor":2,"gold_loss":0},{"damage_healed":0,"gold_gain":0,"player_choice":"Leave","damage_taken":0,"max_hp_gain":0,"max_hp_loss":0,"event_name":"FaceTrader","floor":3,"gold_loss":0},{"cards_removed":["Strike_R"],"damage_healed":0,"gold_gain":0,"player_choice":"Gave Gold","damage_taken":0,"max_hp_gain":0,"max_hp_loss":0,"event_name":"Beggar","floor":20,"gold_loss":75},{"damage_healed":0,"gold_gain":0,"player_choice":"Obtained Book","damage_taken":21,"max_hp_gain":0,"max_hp_loss":0,"event_name":"Cursed Tome","floor":21,"gold_loss":0},{"damage_healed":15,"gold_gain":0,"player_choice":"Heal","damage_taken":0,"max_hp_gain":0,"max_hp_loss":0,"event_name":"The Library","floor":31,"gold_loss":0},{"damage_healed":0,"gold_gain":0,"player_choice":"Paid","damage_taken":0,"relics_obtained":["Red Mask"],"max_hp_gain":0,"max_hp_loss":0,"event_name":"Tomb of Lord Red Mask","floor":37,"gold_loss":48},{"cards_removed":["Inflame"],"damage_healed":0,"gold_gain":0,"player_choice":"Removed Power","damage_taken":0,"max_hp_gain":0,"max_hp_loss":0,"event_name":"Falling","floor":46,"gold_loss":0},{"damage_healed":0,"gold_gain":0,"player_choice":"Memory 1","damage_taken":0,"max_hp_gain":0,"max_hp_loss":0,"event_name":"SensoryStone","floor":47,"gold_loss":0},{"damage_healed":0,"gold_gain":0,"player_choice":"Ignored","damage_taken":0,"max_hp_gain":0,"max_hp_loss":0,"event_name":"Mysterious Sphere","floor":48,"gold_loss":0}],"is_beta":false,"boss_relics":[{"not_picked":["White Beast Statue","Runic Dome"],"picked":"Ectoplasm"},{"not_picked":["Eternal Feather","Coffee Dripper"],"picked":"Fusion Hammer"}],"items_purged_floors":[24],"is_endless":false,"potions_floor_spawned":[1,11,12,16,18,19,25,28,35,41],"killed_by":"Donu and Deca","ascension_level":20}