{"gold_per_floor":[109,109,122,122,146,177,200,200,223,223,242,140,140,176,176,295,295,318,228,228,247,260,304,96,96,96,112,127,27,60,78,78,203,203,227,251,251,270,1269,1310,1345,1345,1345,1345,1365,1383,384,400,400,400],"floor_reached":50,"playtime":7662,"items_purged":["Strike_B","Pain","Normality"],"score":765,"play_id":"79ac95c7-19b1-43d2-ac26-7da0731b0efc","local_time":"20181001182755","is_ascension_mode":true,"campfire_choices":[{"data":"Zap","floor":8,"key":"SMITH"},{"data":"Dualcast","floor":10,"key":"SMITH"},{"floor":15,"key":"REST"},{"floor":32,"key":"REST"},{"floor":42,"key":"REST"},{"floor":49,"key":"REST"}],"neow_cost":"","seed_source_timestamp":216504911011745,"circlet_count":0,"master_deck":["Strike_B","Strike_B","Defend_B","Defend_B","Defend_B","Defend_B","Zap+1","Dualcast+1","Sweeping Beam","Hello World","Ball Lightning","Core Surge","Go for the Eyes","Turbo","Ball Lightning+1","Self Repair","Creative AI","Turbo","Skim+1","Coolheaded","White Noise+1","Capacitor","Discovery","Ball Lightning","Compile Driver+1","Go for the Eyes+1","Streamline+1","Buffer","Redo","Normality","Force Field+1","White Noise+1","Conserve Battery+1","BootSequence","Heatsinks","Secret Technique","Ball Lightning+1"],"relics":["Cracked Core","Golden Idol","Strawberry","Regal Pillow","PreservedInsect","Shuriken","Ornamental Fan","Black Star","MutagenicStrength","Potion Belt","Vajra","WarpedTongs","Happy Flower","FossilizedHelix","WingedGreaves","Sozu","Molten Egg 2","Symbiotic Virus","Omamori","Anchor","Bag of Preparation","Pantograph","Centennial Puzzle","HandDrill"],"potions_floor_usage":[7,16,16,23,28,35],"damage_taken":[{"damage":0,"enemies":"Small Slimes","floor":1,"turns":3},{"damage":1,"enemies":"2 Louse","floor":3,"turns":3},{"damage":10,"enemies":"Cultist","floor":5,"turns":4},{"damage":7,"enemies":"Lagavulin","floor":6,"turns":7},{"damage":10,"enemies":"Lots of Slimes","floor":7,"turns":2},{"damage":0,"enemies":"Exordium Wildlife","floor":11,"turns":3},{"damage":2,"enemies":"Gremlin Nob","floor":14,"turns":3},{"damage":51,"enemies":"The Guardian","floor":16,"turns":8},{"damage":9,"enemies":"3 Byrds","floor":18,"turns":4},{"damage":3,"enemies":"Chosen","floor":21,"turns":6},{"damage":26,"enemies":"Snecko","floor":22,"turns":4},{"damage":12,"enemies":"Slavers","floor":23,"turns":3},{"damage":45,"enemies":"Shelled Parasite and Fungi","floor":27,"turns":6},{"damage":1,"enemies":"Snake Plant","floor":28,"turns":2},{"damage":12,"enemies":"Gremlin Leader","floor":30,"turns":3},{"damage":7,"enemies":"3 Cultists","floor":31,"turns":6},{"damage":50,"enemies":"Automaton","floor":33,"turns":8},{"damage":24,"enemies":"3 Darklings","floor":35,"turns":5},{"damage":9,"enemies":"3 Shapes","floor":36,"turns":5},{"damage":0,"enemies":"Transient","floor":38,"turns":5},{"damage":23,"enemies":"Nemesis","floor":40,"turns":7},{"damage":22,"enemies":"2 Orb Walkers","floor":41,"turns":4},{"damage":0,"enemies":"Maw","floor":45,"turns":8},{"damage":14,"enemies":"Sphere and 2 Shapes","floor":46,"turns":5},{"damage":18,"enemies":"Spire Growth","floor":48,"turns":4},{"damage":83,"enemies":"Time Eater","floor":50,"turns":12}],"seed_played":"-2334159490620301866","potions_obtained":[{"floor":1,"key":"Fire Potion"},{"floor":3,"key":"Swift Potion"},{"floor":7,"key":"FairyPotion"},{"floor":11,"key":"Swift Potion"},{"floor":22,"key":"SkillPotion"},{"floor":27,"key":"GamblersBrew"},{"floor":33,"key":"Block Potion"}],"is_trial":false,"path_per_floor":["M","?","M","?","M","E","M","R","T","R","M","$","T","E","R","B",null,"M","?","?","M","M","E","$","?","T","M","M","$","E","M","R","B",null,"M","M","$","M","?","E","E","R","T","?","M","M","$","M","R"],"character_chosen":"DEFECT","items_purchased":["Ball Lightning","Capacitor","Discovery","Ball Lightning","Pantograph","Centennial Puzzle","Heatsinks","HandDrill","Secret Technique"],"campfire_rested":4,"item_purchase_floors":[12,24,24,24,47,47,47,47,47],"current_hp_per_floor":[75,69,68,50,40,33,23,23,23,23,23,23,23,21,58,14,76,67,67,67,71,52,47,47,47,47,2,11,11,14,14,51,11,76,52,43,43,43,43,30,8,45,45,45,52,45,45,34,71,0],"gold":400,"neow_bonus":"","is_prod":false,"is_daily":false,"chose_seed":false,"campfire_upgraded":2,"win_rate":0,"timestamp":1538440075,"path_taken":["M","?","?","?","M","E","?","R","T","R","M","?","?","E","R","BOSS","M","?","?","?","M","E","$","?","T","?","M","$","E","M","R","BOSS","M","M","$","?","?","E","E","R","T","?","?","?","$","M","R","BOSS"],"build_version":"2018-09-27","purchased_purges":3,"victory":false,"max_hp_per_floor":[75,69,69,76,76,76,76,76,76,76,76,76,76,76,76,76,76,76,76,76,76,76,76,76,76,76,76,76,76,76,76,76,76,76,76,76,76,76,76,76,76,76,76,76,76,76,76,76,76,76],"card_choices":[{"not_picked":["Hologram","Consume"],"picked":"Sweeping Beam","floor":1},{"not_picked":["Rebound","Compile Driver"],"picked":"Hello World","floor":3},{"not_picked":["Gash","Steam"],"picked":"Ball Lightning","floor":5},{"not_picked":["Auto Shields","Streamline"],"picked":"Core Surge","floor":6},{"not_picked":["Reprogram","Fusion"],"picked":"Go for the Eyes","floor":7},{"not_picked":["Gash","Hologram"],"picked":"Turbo","floor":11},{"not_picked":["Auto Shields","All For One"],"picked":"Self Repair","floor":14},{"not_picked":["Machine Learning","Multi-Cast"],"picked":"Creative AI","floor":16},{"not_picked":["Cold Snap","Leap"],"picked":"Turbo","floor":18},{"not_picked":["BootSequence+1","Gash"],"picked":"Skim+1","floor":21},{"not_picked":["Conserve Battery","Consume+1"],"picked":"Coolheaded","floor":22},{"not_picked":["Cold Snap","Consume"],"picked":"White Noise+1","floor":23},{"not_picked":["Glacier","Streamline"],"picked":"Compile Driver+1","floor":27},{"not_picked":["Rip and Tear","Doom and Gloom"],"picked":"Go for the Eyes+1","floor":28},{"not_picked":["Rebound","All For One","Steam"],"picked":"SKIP","floor":30},{"not_picked":["Ball Lightning","Barrage"],"picked":"Streamline+1","floor":31},{"not_picked":["Reboot","Biased Cognition"],"picked":"Buffer","floor":33},{"not_picked":["Steam","Undo+1","Reinforced Body+1"],"picked":"SKIP","floor":35},{"not_picked":["Storm","Ball Lightning+1"],"picked":"Redo","floor":36},{"not_picked":["Barrage","Steam+1","Fusion"],"picked":"SKIP","floor":38},{"not_picked":["Stack","Beam Cell+1"],"picked":"Force Field+1","floor":40},{"not_picked":["Glacier+1","Lockon+1"],"picked":"White Noise+1","floor":41},{"not_picked":["Hologram","Heatsinks"],"picked":"Conserve Battery+1","floor":45},{"not_picked":["Coolheaded","Barrage+1"],"picked":"BootSequence","floor":46},{"not_picked":["Gash+1","Go for the Eyes+1"],"picked":"Ball Lightning+1","floor":48}],"player_experience":139744,"relics_obtained":[{"floor":6,"key":"Regal Pillow"},{"floor":9,"key":"PreservedInsect"},{"floor":13,"key":"Shuriken"},{"floor":14,"key":"Ornamental Fan"},{"floor":23,"key":"Potion Belt"},{"floor":23,"key":"Vajra"},{"floor":26,"key":"Happy Flower"},{"floor":30,"key":"FossilizedHelix"},{"floor":30,"key":"WingedGreaves"},{"floor":40,"key":"Molten Egg 2"},{"floor":40,"key":"Symbiotic Virus"},{"floor":41,"key":"Omamori"},{"floor":41,"key":"Anchor"},{"floor":43,"key":"Bag of Preparation"}],"event_choices":[{"event_name":"Golden Idol","player_choice":"Lose Max HP","floor":2,"damage_taken":0},{"event_name":"Scrap Ooze","player_choice":"success","floor":4,"damage_taken":25},{"event_name":"Designer","player_choice":"Full Service","floor":19,"damage_taken":0},{"event_name":"Drug Dealer","player_choice":"Inject Mutagens","floor":20,"damage_taken":0},{"event_name":"Accursed Blacksmith","player_choice":"Rummage","floor":25,"damage_taken":0},{"event_name":"MindBloom","player_choice":"Gold","floor":39,"damage_taken":0},{"event_name":"Tomb of Lord Red Mask","player_choice":"Ignored","floor":44,"damage_taken":0}],"is_beta":false,"boss_relics":[{"not_picked":["Snecko Eye","Velvet Choker"],"picked":"Black Star"},{"not_picked":["Runic Dome","Calling Bell"],"picked":"Sozu"}],"items_purged_floors":[12,29,47],"is_endless":false,"potions_floor_spawned":[1,3,7,11,22,27,33,35,41,45,48],"killed_by":"Time Eater","ascension_level":4}