{"gold_per_floor":[116,126,126,146,159,159,170,46,46,66,66,66,78,78,78,78],"floor_reached":16,"playtime":24158,"items_purged":["Strike_G"],"score":94,"play_id":"ad49548b-a950-421d-9ca0-f64b75cf0930","local_time":"20190603204308","is_ascension_mode":false,"campfire_choices":[{"data":"Night Terror","floor":6,"key":"SMITH"},{"data":"Neutralize","floor":12,"key":"SMITH"},{"data":"Cloak And Dagger","floor":15,"key":"SMITH"}],"neow_cost":"NONE","seed_source_timestamp":1550710493040100,"circlet_count":0,"master_deck":["Defend_G","Defend_G","Defend_G","Defend_G","Strike_G","Survivor","Neutralize+1","Footwork+1","Tactician+1","Backflip+1","Dagger Throw","Blade Dance","Dagger Spray","Night Terror+1","Cloak And Dagger+1","Dodge and Roll"],"relics":["Astrolabe"],"potions_floor_usage":[],"damage_taken":[{"damage":0,"enemies":"2 Louse","floor":1,"turns":4},{"damage":0,"enemies":"Jaw Worm","floor":2,"turns":4},{"damage":0,"enemies":"Cultist","floor":4,"turns":4},{"damage":0,"enemies":"Blue Slaver","floor":5,"turns":5},{"damage":4,"enemies":"Exordium Thugs","floor":7,"turns":8},{"damage":2,"enemies":"3 Louse","floor":10,"turns":5},{"damage":0,"enemies":"Blue Slaver","floor":13,"turns":5},{"damage":64,"enemies":"Hexaghost","floor":16,"turns":16}],"seed_played":"-8390695081682033434","potions_obtained":[{"floor":4,"key":"Strength Potion"},{"floor":5,"key":"SpeedPotion"}],"is_trial":false,"path_per_floor":["M","M","?","M","M","R","M","$","T","M","?","R","M","?","R","B"],"character_chosen":"THE_SILENT","items_purchased":["Cloak And Dagger"],"campfire_rested":0,"item_purchase_floors":[8],"current_hp_per_floor":[70,70,63,63,63,63,59,59,59,57,62,62,62,62,62,0],"gold":78,"neow_bonus":"BOSS_RELIC","is_prod":false,"is_daily":false,"chose_seed":false,"campfire_upgraded":3,"win_rate":0,"timestamp":1559608988,"path_taken":["M","M","?","M","M","R","M","$","T","M","?","R","M","?","R","BOSS"],"build_version":"2019-01-23","purchased_purges":1,"victory":false,"max_hp_per_floor":[70,70,70,70,70,70,70,70,70,70,75,75,75,75,75,75],"card_choices":[{"not_picked":["Poisoned Stab","Quick Slash"],"picked":"Dagger Throw","floor":1},{"not_picked":["Backflip","Bane"],"picked":"Blade Dance","floor":2},{"not_picked":["Acrobatics","Flying Knee"],"picked":"Dagger Spray","floor":4},{"not_picked":["Slice","Finisher"],"picked":"Night Terror","floor":5},{"not_picked":["Deadly Poison","Deflect","Poisoned Stab"],"picked":"SKIP","floor":7},{"not_picked":["Acrobatics","Quick Slash"],"picked":"Dodge and Roll","floor":10},{"not_picked":["Backflip","Outmaneuver","Quick Slash"],"picked":"SKIP","floor":13}],"player_experience":1053866,"relics_obtained":[],"event_choices":[{"cards_removed":["Defend_G"],"damage_healed":0,"gold_gain":0,"player_choice":"Card Removal","damage_taken":7,"max_hp_gain":0,"max_hp_loss":0,"event_name":"Golden Wing","floor":3,"gold_loss":0},{"damage_healed":0,"gold_gain":0,"player_choice":"Donut","damage_taken":0,"max_hp_gain":5,"max_hp_loss":0,"event_name":"Big Fish","floor":11,"gold_loss":0},{"damage_healed":0,"gold_gain":0,"player_choice":"Searched \u00270\u0027 times","damage_taken":0,"max_hp_gain":0,"max_hp_loss":0,"event_name":"Dead Adventurer","floor":14,"gold_loss":0}],"is_beta":false,"boss_relics":[],"items_purged_floors":[8],"is_endless":false,"potions_floor_spawned":[4,5],"killed_by":"Hexaghost","ascension_level":0}