{"gold_per_floor":[114,132,132,57,67,67,78,94,94,169,169,169,119,150,150,253,253,267,281,281,291,291],"floor_reached":22,"playtime":1770,"items_purged":["Strike_R"],"score":304,"play_id":"fe589a33-1375-4822-90b8-36c74d0942cb","local_time":"20190609161442","is_ascension_mode":true,"campfire_choices":[{"data":"Armaments","floor":6,"key":"SMITH"},{"floor":12,"key":"REST"},{"data":"Bash","floor":15,"key":"SMITH"}],"neow_cost":"NONE","seed_source_timestamp":870986229681180,"circlet_count":0,"master_deck":["AscendersBane","Strike_R+1","Strike_R","Strike_R","Strike_R","Defend_R","Defend_R+1","Defend_R","Defend_R","Bash+1","Iron Wave","Clothesline","Shrug It Off","Pommel Strike","Armaments+1","Shrug It Off","Impervious","Disarm","Pommel Strike"],"relics":["Burning Blood","Strawberry","Smiling Mask","Frozen Egg 2","Mark of Pain"],"potions_floor_usage":[14,16,19],"damage_taken":[{"damage":14,"enemies":"Jaw Worm","floor":1,"turns":3},{"damage":7,"enemies":"Small Slimes","floor":2,"turns":4},{"damage":8,"enemies":"2 Louse","floor":5,"turns":3},{"damage":18,"enemies":"Exordium Wildlife","floor":7,"turns":6},{"damage":15,"enemies":"Large Slime","floor":8,"turns":5},{"damage":9,"enemies":"3 Sentries","floor":14,"turns":10},{"damage":40,"enemies":"The Guardian","floor":16,"turns":18},{"damage":28,"enemies":"Spheric Guardian","floor":18,"turns":7},{"damage":6,"enemies":"Chosen","floor":19,"turns":6},{"damage":14,"enemies":"Snecko","floor":21,"turns":7},{"damage":47,"enemies":"Centurion and Healer","floor":22,"turns":7}],"seed_played":"-5887954433269414547","potions_obtained":[{"floor":1,"key":"EssenceOfSteel"},{"floor":7,"key":"Fire Potion"},{"floor":18,"key":"Fire Potion"},{"floor":19,"key":"Explosive Potion"}],"is_trial":false,"path_per_floor":["M","M","?","$","M","R","M","M","T","?","?","R","$","E","R","B",null,"M","M","?","M","M"],"character_chosen":"IRONCLAD","items_purchased":["Shrug It Off","Pommel Strike"],"campfire_rested":1,"item_purchase_floors":[4,4],"current_hp_per_floor":[72,71,75,75,73,73,61,52,52,41,22,50,50,47,47,13,75,53,53,53,45,0],"gold":291,"neow_bonus":"TEN_PERCENT_HP_BONUS","is_prod":false,"is_daily":false,"chose_seed":false,"campfire_upgraded":2,"win_rate":0,"timestamp":1560111282,"path_taken":["M","M","?","$","M","R","M","M","T","?","?","R","$","E","R","BOSS","M","M","?","M","M"],"build_version":"2019-01-23","purchased_purges":1,"victory":false,"max_hp_per_floor":[88,88,95,95,95,95,95,95,95,95,95,95,95,95,95,95,95,95,95,95,95,95],"card_choices":[{"not_picked":["Reckless Charge","Headbutt"],"picked":"Iron Wave","floor":1},{"not_picked":["Headbutt","Havoc"],"picked":"Clothesline","floor":2},{"not_picked":["True Grit","Brutality"],"picked":"Armaments","floor":5},{"not_picked":["Twin Strike","Dropkick","Headbutt"],"picked":"SKIP","floor":7},{"not_picked":["Thunderclap","Clash"],"picked":"Shrug It Off","floor":8},{"not_picked":["Burning Pact","Reckless Charge","Clothesline"],"picked":"SKIP","floor":14},{"not_picked":["Berserk+1","Fiend Fire"],"picked":"Impervious","floor":16},{"not_picked":["Havoc","Heavy Blade","Warcry"],"picked":"SKIP","floor":18},{"not_picked":["Inflame+1","Clothesline"],"picked":"Disarm","floor":19},{"not_picked":["Limit Break","Combust+1"],"picked":"Pommel Strike","floor":21}],"player_experience":431020,"relics_obtained":[{"floor":9,"key":"Smiling Mask"},{"floor":14,"key":"Frozen Egg 2"}],"event_choices":[{"damage_healed":0,"gold_gain":0,"player_choice":"Success","damage_taken":3,"relics_obtained":["Strawberry"],"max_hp_gain":0,"max_hp_loss":0,"event_name":"Scrap Ooze","floor":3,"gold_loss":0},{"damage_healed":0,"gold_gain":75,"player_choice":"Gather Gold","damage_taken":11,"max_hp_gain":0,"max_hp_loss":0,"event_name":"World of Goop","floor":10,"gold_loss":0},{"damage_healed":0,"gold_gain":0,"player_choice":"Entered Light","damage_taken":19,"max_hp_gain":0,"max_hp_loss":0,"event_name":"Shining Light","floor":11,"gold_loss":0,"cards_upgraded":["Strike_R","Defend_R"]},{"damage_healed":0,"gold_gain":0,"player_choice":"Ignored","damage_taken":0,"max_hp_gain":0,"max_hp_loss":0,"event_name":"Ghosts","floor":20,"gold_loss":0}],"is_beta":false,"boss_relics":[{"not_picked":["Runic Pyramid","Velvet Choker"],"picked":"Mark of Pain"}],"items_purged_floors":[13],"is_endless":false,"potions_floor_spawned":[1,7,18,19],"killed_by":"Centurion and Healer","ascension_level":10}