{"gold_per_floor":[117,129,45,45,45,73,87,104,104,104,134,12,12,46,46,151,151,151,76,76,76,76,76,76,76,76,76,76,76,76,76,76,76,76,76,76,0,0,0,0,0,0,0,0,0,0,0,0,0,0],"floor_reached":51,"playtime":5265,"items_purged":["Strike_G"],"score":1139,"play_id":"74057162-de3f-4ec6-9998-7f4dbf22640d","local_time":"20190507214307","is_ascension_mode":true,"campfire_choices":[{"data":"Noxious Fumes","floor":10.0,"key":"SMITH"},{"data":"Neutralize","floor":13.0,"key":"SMITH"},{"data":"Dodge and Roll","floor":15.0,"key":"SMITH"},{"data":"Poisoned Stab","floor":23.0,"key":"SMITH"},{"data":"Defend_G","floor":32.0,"key":"SMITH"},{"data":"Wraith Form v2","floor":40,"key":"SMITH"},{"floor":42,"key":"REST"},{"floor":49,"key":"REST"}],"neow_cost":"NONE","seed_source_timestamp":0,"circlet_count":0,"master_deck":["AscendersBane","Survivor+1","Neutralize+1","Flying Knee+1","Noxious Fumes+1","Dodge and Roll+1","Poisoned Stab+1","Well Laid Plans","Deadly Poison+1","Blur+1","Venomology+1","Catalyst+1","Bouncing Flask+1","Corpse Explosion+1","Night Terror+1","Tactician+1","Blur+1","PiercingWail+1","Bouncing Flask+1","Endless Agony","Wraith Form v2+1","Dodge and Roll+1","Escape Plan+1","Catalyst+1"],"special_seed":0,"relics":["Ring of the Snake","NeowsBlessing","Blood Vial","War Paint","Toxic Egg 2","Bottled Tornado","Ectoplasm","Kunai","Mercury Hourglass","Pantograph","Whetstone","Pandora\u0027s Box","Red Mask","Gambling Chip","Paper Crane"],"potions_floor_usage":[39,41,41,45,47,50,50],"damage_taken":[{"damage":0.0,"enemies":"Jaw Worm","floor":1.0,"turns":1.0},{"damage":0.0,"enemies":"2 Louse","floor":2.0,"turns":1.0},{"damage":0.0,"enemies":"Lagavulin","floor":6.0,"turns":2.0},{"damage":2.0,"enemies":"Cultist","floor":7.0,"turns":3.0},{"damage":4.0,"enemies":"Looter","floor":8.0,"turns":4.0},{"damage":16.0,"enemies":"Gremlin Nob","floor":11.0,"turns":5.0},{"damage":7.0,"enemies":"Lagavulin","floor":14.0,"turns":8.0},{"damage":32.0,"enemies":"Slime Boss","floor":16.0,"turns":10.0},{"damage":0.0,"enemies":"Chosen","floor":18.0,"turns":6.0},{"damage":0.0,"enemies":"Spheric Guardian","floor":20.0,"turns":4.0},{"damage":27.0,"enemies":"Slavers","floor":24.0,"turns":5.0},{"damage":3.0,"enemies":"3 Cultists","floor":27.0,"turns":4.0},{"damage":2.0,"enemies":"Book of Stabbing","floor":28.0,"turns":4.0},{"damage":0.0,"enemies":"Shelled Parasite and Fungi","floor":29.0,"turns":4.0},{"damage":0.0,"enemies":"Sentry and Sphere","floor":30.0,"turns":3.0},{"damage":50.0,"enemies":"Automaton","floor":33.0,"turns":7.0},{"damage":11.0,"enemies":"3 Shapes","floor":35.0,"turns":4.0},{"damage":1.0,"enemies":"Orb Walker","floor":38.0,"turns":4.0},{"damage":6,"enemies":"Maw","floor":39,"turns":5},{"damage":15,"enemies":"Reptomancer","floor":41,"turns":6},{"damage":0,"enemies":"Sphere and 2 Shapes","floor":44,"turns":3},{"damage":7,"enemies":"Writhing Mass","floor":45,"turns":4},{"damage":0,"enemies":"4 Shapes","floor":47,"turns":3},{"damage":32,"enemies":"Awakened One","floor":50,"turns":10}],"seed_played":"-1554208426574507293","potions_obtained":[{"floor":6.0,"key":"EssenceOfSteel"},{"floor":7.0,"key":"SteroidPotion"},{"floor":14.0,"key":"Energy Potion"},{"floor":44,"key":"PowerPotion"},{"floor":47,"key":"Block Potion"}],"is_trial":false,"path_per_floor":["M","M","$","?","?","E","M","M","T","R","E","$","R","E","R","B",null,"M","?","M","$","?","R","E","T","T","M","E","M","M","$","R","B",null,"M","?","?","M","M","R","E","R","T","M","M","?","M","?","R","B",null],"character_chosen":"THE_SILENT","items_purchased":["Noxious Fumes","Dodge and Roll","Deadly Poison+1"],"campfire_rested":2,"item_purchase_floors":[3,3,12],"current_hp_per_floor":[63,63,63,68,61,61,61,59,59,59,45,45,45,40,40,10,59,61,61,63,63,63,63,38,38,38,37,37,39,41,41,41,18,61,52,52,52,53,49,49,36,57,57,59,54,54,56,56,71,39],"gold":0,"neow_bonus":"THREE_ENEMY_KILL","is_prod":false,"is_daily":false,"chose_seed":false,"campfire_upgraded":6,"win_rate":0,"timestamp":1557279787,"path_taken":["M","M","$","?","?","E","M","?","T","R","E","$","R","E","R","BOSS","M","?","M","$","?","R","E","?","T","M","E","M","?","$","R","BOSS","M","?","?","M","M","R","E","R","T","M","M","?","?","?","R","BOSS"],"build_version":"2019-01-23","purchased_purges":1,"victory":true,"max_hp_per_floor":[70,70,70,75,75,75,75,75,75,75,75,75,75,75,75,75,75,75,75,75,75,75,75,75,75,75,75,75,75,75,75,75,75,75,75,71,71,71,71,71,71,71,71,71,71,71,71,71,71,71],"card_choices":[{"not_picked":["Slice","Blade Dance"],"picked":"Flying Knee","floor":1.0},{"not_picked":["Distraction","Caltrops","Tactician"],"picked":"SKIP","floor":2.0},{"not_picked":["Tactician","Terror"],"picked":"Poisoned Stab","floor":6.0},{"not_picked":["Escape Plan","Skewer"],"picked":"Well Laid Plans","floor":7.0},{"not_picked":["Slice","Choke","A Thousand Cuts"],"picked":"SKIP","floor":8.0},{"not_picked":["Blade Dance","Caltrops","Expertise"],"picked":"SKIP","floor":11.0},{"not_picked":["Concentrate+1","Bane"],"picked":"Blur+1","floor":14.0},{"not_picked":["Glass Knife","Phantasmal Killer+1"],"picked":"Venomology+1","floor":16.0},{"not_picked":["Dagger Spray","Leg Sweep+1"],"picked":"Catalyst+1","floor":18.0},{"not_picked":["Deadly Poison+1","Sucker Punch"],"picked":"Bouncing Flask+1","floor":20.0},{"not_picked":["Wraith Form v2","Prepared+1","Blur+1"],"picked":"SKIP","floor":24.0},{"not_picked":["Riddle With Holes","Slice","Bane+1"],"picked":"SKIP","floor":27.0},{"not_picked":["Blade Dance+1","Cloak And Dagger+1","Quick Slash"],"picked":"SKIP","floor":28.0},{"not_picked":["Dagger Throw+1","Sucker Punch+1"],"picked":"Corpse Explosion+1","floor":29.0},{"not_picked":["Underhanded Strike","Dagger Throw","Heel Hook"],"picked":"SKIP","floor":30.0},{"not_picked":["Venomology+1","Die Die Die"],"picked":"Night Terror+1","floor":33.0},{"not_picked":["Poisoned Stab","Riddle With Holes","Underhanded Strike+1"],"picked":"SKIP","floor":35.0},{"not_picked":["Dagger Spray+1","Infinite Blades+1"],"picked":"Dodge and Roll+1","floor":38},{"not_picked":["Deflect+1","Concentrate+1","Dagger Spray+1"],"picked":"SKIP","floor":39},{"not_picked":["Deflect+1","Concentrate+1","Dagger Spray+1"],"picked":"SKIP","floor":39},{"not_picked":["Grand Finale","Tools of the Trade","Underhanded Strike+1"],"picked":"SKIP","floor":41},{"not_picked":["PiercingWail+1","Acrobatics+1","Dodge and Roll+1"],"picked":"SKIP","floor":44},{"not_picked":["Cloak And Dagger+1","Deadly Poison+1"],"picked":"Escape Plan+1","floor":45},{"not_picked":["Eviscerate","Dagger Spray+1"],"picked":"Catalyst+1","floor":47}],"player_experience":377598,"relics_obtained":[{"floor":6.0,"key":"Blood Vial"},{"floor":9.0,"key":"War Paint"},{"floor":11.0,"key":"Toxic Egg 2"},{"floor":14.0,"key":"Bottled Tornado"},{"floor":24.0,"key":"Kunai"},{"floor":25.0,"key":"Mercury Hourglass"},{"floor":26.0,"key":"Pantograph"},{"floor":28.0,"key":"Whetstone"},{"floor":41,"key":"Gambling Chip"},{"floor":43,"key":"Paper Crane"}],"event_choices":[{"damage_healed":0.0,"max_hp_gain":5.0,"max_hp_loss":0.0,"gold_gain":0.0,"event_name":"Big Fish","player_choice":"Donut","floor":4.0,"gold_loss":0.0,"damage_taken":0.0},{"cards_removed":["Strike_G"],"damage_healed":0.0,"max_hp_gain":0.0,"max_hp_loss":0.0,"gold_gain":0.0,"event_name":"Golden Wing","player_choice":"Card Removal","floor":5.0,"gold_loss":0.0,"damage_taken":7.0},{"cards_removed":["Strike_G"],"damage_healed":0.0,"max_hp_gain":0.0,"max_hp_loss":0.0,"gold_gain":0.0,"event_name":"Beggar","player_choice":"Gave Gold","floor":19.0,"gold_loss":75.0,"damage_taken":0.0},{"damage_healed":0.0,"max_hp_gain":0.0,"max_hp_loss":0.0,"gold_gain":99.0,"event_name":"Nest","player_choice":"Stole From Cult","floor":22.0,"gold_loss":0.0,"damage_taken":0.0},{"damage_healed":0.0,"max_hp_gain":0.0,"max_hp_loss":4.0,"gold_gain":0.0,"event_name":"Winding Halls","player_choice":"Max HP","floor":36.0,"gold_loss":0.0,"damage_taken":0.0},{"damage_healed":0.0,"max_hp_gain":0.0,"max_hp_loss":0.0,"gold_gain":0.0,"event_name":"Tomb of Lord Red Mask","player_choice":"Paid","floor":37.0,"gold_loss":76.0,"damage_taken":0.0,"relics_obtained":["Red Mask"]},{"damage_healed":0,"gold_gain":0,"player_choice":"Leave","damage_taken":0,"max_hp_gain":0,"max_hp_loss":0,"event_name":"FaceTrader","floor":46,"gold_loss":0},{"cards_removed":["Predator"],"damage_healed":0,"gold_gain":0,"player_choice":"Purged","damage_taken":0,"max_hp_gain":0,"max_hp_loss":0,"event_name":"Purifier","floor":48,"gold_loss":0}],"is_beta":false,"boss_relics":[{"not_picked":["Calling Bell","Snecko Eye"],"picked":"Ectoplasm"},{"not_picked":["Astrolabe","Philosopher\u0027s Stone"],"picked":"Pandora\u0027s Box"}],"items_purged_floors":[12],"is_endless":false,"potions_floor_spawned":[6,7,14,16,20,24,29,44,47],"ascension_level":11}