{"gold_per_floor":[110,110,110,120,120,151,226,241,241,299,59,71,118,130,142,154],"floor_reached":16,"playtime":690,"items_purged":[],"score":117,"play_id":"238bd069-81dd-4707-b3c8-f3569033503e","local_time":"20181027175055","is_ascension_mode":true,"campfire_choices":[{"floor":12,"key":"REST"},{"floor":15,"key":"REST"}],"neow_cost":"PERCENT_DAMAGE","seed_source_timestamp":314947556881349,"circlet_count":0,"master_deck":["Strike_R","Strike_R","Strike_R","Strike_R","Strike_R","Bash","Uppercut","Pummel","Perfected Strike","Flex"],"relics":["Burning Blood","Mummified Hand","The Courier","Juzu Bracelet","Happy Flower","Blood Vial","MawBank","Paper Frog","Potion Belt"],"potions_floor_usage":[10,16],"damage_taken":[{"damage":0,"enemies":"2 Louse","floor":1,"turns":2},{"damage":0,"enemies":"Cultist","floor":4,"turns":2},{"damage":36,"enemies":"3 Sentries","floor":6,"turns":6},{"damage":0,"enemies":"Small Slimes","floor":8,"turns":3},{"damage":6,"enemies":"Gremlin Nob","floor":10,"turns":3},{"damage":31,"enemies":"Lagavulin","floor":13,"turns":4},{"damage":42,"enemies":"Hexaghost","floor":16,"turns":7}],"seed_played":"6646917553547840908","potions_obtained":[{"floor":6,"key":"Swift Potion"},{"floor":8,"key":"Energy Potion"}],"is_trial":false,"path_per_floor":["M","?","?","M","?","E","?","M","T","?","$","R","E","T","R"],"character_chosen":"IRONCLAD","items_purchased":["Blood Vial","MawBank"],"campfire_rested":2,"item_purchase_floors":[11,11],"current_hp_per_floor":[62,62,55,61,49,19,8,14,14,14,14,38,15,15,39,0],"gold":154,"neow_bonus":"TRANSFORM_TWO_CARDS","is_prod":false,"is_daily":false,"chose_seed":false,"campfire_upgraded":0,"win_rate":0,"timestamp":1540684255,"path_taken":["M","?","?","M","?","E","?","M","T","?","$","R","E","?","R","BOSS"],"build_version":"2018-10-25v2","purchased_purges":0,"victory":false,"max_hp_per_floor":[80,80,80,80,80,80,80,80,80,80,80,80,80,80,80,80],"card_choices":[{"not_picked":["Battle Trance","Corruption"],"picked":"Perfected Strike","floor":1},{"not_picked":["Sword Boomerang","Rage"],"picked":"Flex","floor":4},{"not_picked":["Rage","Second Wind","Reckless Charge"],"picked":"SKIP","floor":6},{"not_picked":["Evolve","Corruption","Body Slam"],"picked":"SKIP","floor":8},{"not_picked":["Corruption","Fire Breathing","Havoc"],"picked":"SKIP","floor":13}],"player_experience":199326,"relics_obtained":[{"floor":6,"key":"The Courier"},{"floor":9,"key":"Juzu Bracelet"},{"floor":10,"key":"Happy Flower"},{"floor":13,"key":"Paper Frog"},{"floor":14,"key":"Potion Belt"}],"event_choices":[{"cards_removed":["Defend_R"],"damage_healed":0,"gold_gain":0,"player_choice":"Offered Basic","damage_taken":0,"max_hp_gain":0,"max_hp_loss":0,"event_name":"Bonfire Elementals","floor":2,"gold_loss":0},{"cards_removed":["Defend_R"],"damage_healed":0,"gold_gain":0,"player_choice":"Card Removal","damage_taken":7,"max_hp_gain":0,"max_hp_loss":0,"event_name":"Golden Wing","floor":3,"gold_loss":0},{"damage_healed":0,"gold_gain":0,"player_choice":"Success","damage_taken":12,"relics_obtained":["Mummified Hand"],"max_hp_gain":0,"max_hp_loss":0,"event_name":"Scrap Ooze","floor":5,"gold_loss":0},{"damage_healed":0,"gold_gain":75,"player_choice":"Gather Gold","damage_taken":11,"max_hp_gain":0,"max_hp_loss":0,"event_name":"World of Goop","floor":7,"gold_loss":0},{"damage_healed":0,"gold_gain":0,"player_choice":"Searched \u00271\u0027 times","damage_taken":0,"max_hp_gain":0,"max_hp_loss":0,"event_name":"Dead Adventurer","floor":10,"gold_loss":0}],"is_beta":false,"boss_relics":[],"items_purged_floors":[],"is_endless":false,"potions_floor_spawned":[6,8],"killed_by":"Hexaghost","ascension_level":2}