{"gold_per_floor":[113,128,138,150,168,168,200,210,282,282,315,325,325],"floor_reached":13,"playtime":965,"items_purged":[],"score":149,"play_id":"50f003de-e54b-4ad0-8cae-cc1d739e9736","local_time":"20190513165432","is_ascension_mode":true,"campfire_choices":[{"data":"Venomology","floor":6,"key":"SMITH"},{"floor":10,"key":"REST"}],"neow_cost":"NONE","seed_source_timestamp":828961946490364,"circlet_count":0,"master_deck":["Defend_G","Defend_G","Defend_G","Defend_G","Defend_G","Strike_G","Strike_G","Strike_G","Strike_G","Strike_G","Survivor","Neutralize","Writhe","Parasite","Parasite","Deadly Poison","Venomology+1","Bane","Dagger Throw","Acrobatics","Deadly Poison","Catalyst"],"relics":["Calling Bell","Omamori","Question Card","Calipers","Dodecahedron","Pantograph","Regal Pillow"],"potions_floor_usage":[4,7,7,7,8,11,11,11,12],"damage_taken":[{"damage":11,"enemies":"Cultist","floor":1,"turns":6},{"damage":1,"enemies":"Jaw Worm","floor":2,"turns":5},{"damage":1,"enemies":"Small Slimes","floor":3,"turns":6},{"damage":5,"enemies":"2 Fungi Beasts","floor":4,"turns":4},{"damage":6,"enemies":"Red Slaver","floor":5,"turns":3},{"damage":22,"enemies":"Lagavulin","floor":7,"turns":6},{"damage":20,"enemies":"Large Slime","floor":8,"turns":5},{"damage":0,"enemies":"Gremlin Nob","floor":11,"turns":2},{"damage":23,"enemies":"Exordium Wildlife","floor":12,"turns":4},{"damage":5,"enemies":"3 Sentries","floor":13,"turns":2}],"seed_played":"6184660665842123844","potions_obtained":[{"floor":1,"key":"SteroidPotion"},{"floor":2,"key":"SmokeBomb"},{"floor":5,"key":"AttackPotion"},{"floor":7,"key":"AttackPotion"},{"floor":8,"key":"SteroidPotion"},{"floor":12,"key":"SpeedPotion"}],"is_trial":false,"path_per_floor":["M","M","M","M","M","R","E","M","T","R","E","M","E"],"character_chosen":"THE_SILENT","items_purchased":[],"campfire_rested":1,"item_purchase_floors":[],"current_hp_per_floor":[59,58,57,52,46,46,24,4,4,25,25,2,0],"gold":325,"neow_bonus":"BOSS_RELIC","is_prod":false,"is_daily":false,"chose_seed":false,"campfire_upgraded":1,"win_rate":0,"timestamp":1557788072,"path_taken":["M","M","M","?","M","R","E","M","T","R","E","M","E"],"build_version":"2019-01-23","purchased_purges":0,"victory":false,"max_hp_per_floor":[70,70,70,70,70,70,70,70,70,70,70,70,70],"card_choices":[{"not_picked":["Sucker Punch","Setup","Leg Sweep"],"picked":"Deadly Poison","floor":1},{"not_picked":["Deadly Poison","PiercingWail","Caltrops"],"picked":"Venomology","floor":2},{"not_picked":["Deflect","Well Laid Plans","PiercingWail"],"picked":"Bane","floor":3},{"not_picked":["Dodge and Roll","Masterful Stab","Distraction"],"picked":"Dagger Throw","floor":4},{"not_picked":["Prepared","Bane","Eviscerate"],"picked":"Acrobatics","floor":5},{"not_picked":["Calculated Gamble","Dagger Spray","Crippling Poison"],"picked":"Deadly Poison","floor":7},{"not_picked":["Riddle With Holes","Reflex","Flying Knee","Flechettes"],"picked":"SKIP","floor":8},{"not_picked":["Dagger Throw","Outmaneuver","Dash"],"picked":"Catalyst","floor":11},{"not_picked":["Reflex","Dagger Spray","Well Laid Plans","Eviscerate"],"picked":"SKIP","floor":12}],"player_experience":323135,"relics_obtained":[{"floor":0,"key":"Omamori"},{"floor":0,"key":"Question Card"},{"floor":0,"key":"Calipers"},{"floor":7,"key":"Dodecahedron"},{"floor":9,"key":"Pantograph"},{"floor":11,"key":"Regal Pillow"}],"event_choices":[],"is_beta":false,"boss_relics":[],"items_purged_floors":[],"is_endless":false,"potions_floor_spawned":[1,2,5,7,8,12],"killed_by":"3 Sentries","ascension_level":4}