{"gold_per_floor":[109,34,50,50,121,165,180,180,180,180,214,214,238,4,4,133,133,146,146,21,35,160,160,85,85,135,160,183,183,201,201],"floor_reached":31,"playtime":1611,"items_purged":["Strike_G"],"score":389,"play_id":"0228b461-1821-4d18-b121-49a7838bc771","local_time":"20190425140300","is_ascension_mode":true,"campfire_choices":[{"data":"Neutralize","floor":8.0,"key":"SMITH"},{"data":"Leg Sweep","floor":10.0,"key":"SMITH"},{"data":"Deadly Poison","floor":12.0,"key":"SMITH"},{"data":"Noxious Fumes","floor":15.0,"key":"SMITH"},{"data":"Footwork","floor":23,"key":"SMITH"},{"data":"Malaise","floor":25,"key":"SMITH"}],"neow_cost":"NONE","seed_source_timestamp":0,"circlet_count":0,"master_deck":["Defend_G","Defend_G","Defend_G","Defend_G","Defend_G","Survivor","Neutralize+1","Deadly Poison+1","Catalyst","Crippling Poison","PiercingWail","Leg Sweep+1","Deadly Poison","Backstab+1","Well Laid Plans","Footwork","Noxious Fumes+1","Malaise+1","Tactician+1","Deadly Poison+1","Slice+1","Footwork+1","After Image","Decay"],"special_seed":0,"relics":["Ring of the Snake","NeowsBlessing","Golden Idol","Mummified Hand","Molten Egg 2","The Courier","Astrolabe","Nloth\u0027s Gift","Turnip","Question Card","Art of War"],"potions_floor_usage":[],"damage_taken":[{"damage":0.0,"enemies":"Cultist","floor":1.0,"turns":1.0},{"damage":0.0,"enemies":"Small Slimes","floor":3.0,"turns":1.0},{"damage":0.0,"enemies":"Gremlin Nob","floor":6.0,"turns":1.0},{"damage":4.0,"enemies":"Jaw Worm","floor":7.0,"turns":4.0},{"damage":5.0,"enemies":"Lagavulin","floor":11.0,"turns":9.0},{"damage":3.0,"enemies":"Looter","floor":13.0,"turns":4.0},{"damage":27.0,"enemies":"Slime Boss","floor":16.0,"turns":11.0},{"damage":0.0,"enemies":"Chosen","floor":18.0,"turns":4.0},{"damage":10.0,"enemies":"3 Byrds","floor":21.0,"turns":4.0},{"damage":0.0,"enemies":"Colosseum Slavers","floor":22.0,"turns":4.0},{"damage":14.0,"enemies":"Colosseum Nobs","floor":22.0,"turns":5.0},{"damage":0,"enemies":"Snake Plant","floor":27,"turns":5},{"damage":5,"enemies":"Snecko","floor":28,"turns":5},{"damage":19,"enemies":"Cultist and Chosen","floor":30,"turns":8},{"damage":13,"enemies":"3 Cultists","floor":31,"turns":4}],"seed_played":"4399554268677271972","potions_obtained":[{"floor":6.0,"key":"Ancient Potion"},{"floor":7.0,"key":"SteroidPotion"},{"floor":13.0,"key":"Weak Potion"},{"floor":18.0,"key":"Swift Potion"},{"floor":28,"key":"FearPotion"}],"is_trial":false,"path_per_floor":["M","$","M","?","T","E","M","R","T","R","E","R","M","$","R","B",null,"M","?","$","M","?","R","?","R","T","M","M","?","M","M"],"character_chosen":"THE_SILENT","items_purchased":["Catalyst","Backstab+1","Well Laid Plans","Footwork","Noxious Fumes","Footwork"],"campfire_rested":0,"item_purchase_floors":[2,14,14,14,14,20],"current_hp_per_floor":[63,63,63,63,63,63,59,59,59,59,54,54,51,51,51,24,55,55,55,55,45,31,31,31,31,31,31,26,26,7,0],"gold":201,"neow_bonus":"THREE_ENEMY_KILL","is_prod":false,"is_daily":false,"chose_seed":false,"campfire_upgraded":6,"win_rate":0,"timestamp":1556215380,"path_taken":["M","$","?","?","?","E","M","R","T","R","E","R","M","$","R","BOSS","M","?","?","?","?","R","?","R","T","M","M","?","?","M"],"build_version":"2019-01-23","purchased_purges":1,"victory":false,"max_hp_per_floor":[70,70,70,65,65,65,65,65,65,65,65,65,65,65,65,65,65,65,65,65,65,65,65,65,65,65,65,65,65,65,65],"card_choices":[{"not_picked":["Acrobatics","Predator"],"picked":"Deadly Poison","floor":1.0},{"not_picked":["Flechettes","Sucker Punch"],"picked":"Crippling Poison","floor":3.0},{"not_picked":["Blade Dance","Slice"],"picked":"PiercingWail","floor":6.0},{"not_picked":["PiercingWail","Blade Dance"],"picked":"Leg Sweep","floor":7.0},{"not_picked":["Quick Slash+1","Eviscerate+1","Finisher+1"],"picked":"SKIP","floor":11.0},{"not_picked":["Underhanded Strike+1","Blade Dance"],"picked":"Deadly Poison","floor":13.0},{"not_picked":["Tools of the Trade","Glass Knife+1"],"picked":"Malaise","floor":16.0},{"not_picked":["Escape Plan","Acrobatics+1","Flechettes+1"],"picked":"SKIP","floor":18.0},{"not_picked":["Setup","Crippling Poison","Bane+1"],"picked":"SKIP","floor":21.0},{"not_picked":["Deflect","Outmaneuver","PiercingWail+1","Well Laid Plans"],"picked":"SKIP","floor":27},{"not_picked":["Finisher+1","Dagger Throw+1","Prepared"],"picked":"After Image","floor":28},{"not_picked":["PiercingWail","Outmaneuver+1","Quick Slash+1","Dagger Spray+1"],"picked":"SKIP","floor":30}],"player_experience":301834,"relics_obtained":[{"floor":5.0,"key":"Mummified Hand"},{"floor":6.0,"key":"Molten Egg 2"},{"floor":9.0,"key":"Paper Crane"},{"floor":11.0,"key":"The Courier"},{"floor":22.0,"key":"Turnip"},{"floor":22.0,"key":"Question Card"},{"floor":26,"key":"Art of War"}],"event_choices":[{"damage_healed":0.0,"max_hp_gain":0.0,"max_hp_loss":5.0,"gold_gain":0.0,"event_name":"Golden Idol","player_choice":"Lose Max HP","floor":4.0,"gold_loss":0.0,"damage_taken":0.0,"relics_obtained":["Golden Idol"]},{"damage_healed":0.0,"max_hp_gain":0.0,"max_hp_loss":0.0,"gold_gain":0.0,"event_name":"N\u0027loth","player_choice":"Traded Relic","floor":19.0,"relics_lost":["Paper Crane"],"gold_loss":0.0,"damage_taken":0.0,"relics_obtained":["Nloth\u0027s Gift"]},{"damage_healed":0.0,"max_hp_gain":0.0,"max_hp_loss":0.0,"gold_gain":0.0,"event_name":"Colosseum","player_choice":"Fight","floor":22.0,"gold_loss":0.0,"damage_taken":0.0},{"damage_healed":0.0,"max_hp_gain":0.0,"max_hp_loss":0.0,"gold_gain":0.0,"event_name":"Colosseum","player_choice":"Fought Nobs","floor":22.0,"gold_loss":0.0,"damage_taken":0.0},{"cards_removed":["Strike_G"],"damage_healed":0,"gold_gain":0,"player_choice":"Gave Gold","damage_taken":0,"max_hp_gain":0,"max_hp_loss":0,"event_name":"Beggar","floor":24,"gold_loss":75},{"damage_healed":0,"gold_gain":0,"player_choice":"Cursed","damage_taken":0,"max_hp_gain":0,"max_hp_loss":0,"event_name":"Wheel of Change","floor":29,"gold_loss":0,"cards_obtained":["Decay"]}],"is_beta":false,"boss_relics":[{"not_picked":["Orrery","Empty Cage"],"picked":"Astrolabe"}],"items_purged_floors":[20],"is_endless":false,"potions_floor_spawned":[6,7,13,18,28],"killed_by":"3 Cultists","ascension_level":9}