{"gold_per_floor":[118,43,57,57,75,75,90,116,116,133,149,169,196,216,216,293,293,310,329,88,101,101,130,130,159,159,189,203,203,203,221,221,294,294,306,306,321,338,355,385,385,205,229,229,244,258,258,271,271,271],"floor_reached":51,"playtime":1985,"items_purged":["Strike_R","Strike_R","Strike_R+1"],"score":1675,"play_id":"d8b97295-c2e8-4c5f-8d6b-676642f0b893","local_time":"20190607171615","is_ascension_mode":true,"campfire_choices":[{"data":"Armaments","floor":6,"key":"SMITH"},{"data":"Rage","floor":15,"key":"SMITH"},{"floor":24,"key":"REST"},{"data":"Heavy Blade","floor":29,"key":"SMITH"},{"floor":32,"key":"REST"},{"floor":41,"key":"DIG"},{"floor":44,"key":"DIG"},{"floor":47,"key":"DIG"},{"floor":49,"key":"DIG"}],"neow_cost":"NONE","seed_source_timestamp":115175103122800,"circlet_count":0,"master_deck":["AscendersBane","Strike_R+1","Defend_R+1","Defend_R+1","Defend_R+1","Defend_R+1","Bash","Thunderclap","Carnage","Bludgeon","Armaments+1","Disarm","Cleave","Sword Boomerang","Battle Trance","Rage+1","Shrug It Off","Evolve","Demon Form","Blood for Blood+1","Heavy Blade+1","Impervious","Impervious","Corruption","Thunderclap","Battle Trance","Necronomicurse","Shockwave+1","Immolate","Flame Barrier+1","Sword Boomerang+1","Carnage+1","Heavy Blade","Flame Barrier"],"relics":["Burning Blood","NeowsBlessing","Torii","Kunai","Blue Candle","Snecko Eye","Shovel","Matryoshka","Anchor","Du-Vu Doll","FossilizedHelix","Necronomicon","Fusion Hammer","Pen Nib","War Paint","Blood Vial","Bronze Scales","Happy Flower","Nunchaku","Bag of Marbles"],"potions_floor_usage":[8,10,13,16,21,50],"damage_taken":[{"damage":0,"enemies":"Small Slimes","floor":1,"turns":1},{"damage":0,"enemies":"Cultist","floor":3,"turns":1},{"damage":0,"enemies":"Jaw Worm","floor":5,"turns":1},{"damage":8,"enemies":"Blue Slaver","floor":7,"turns":3},{"damage":34,"enemies":"3 Sentries","floor":8,"turns":9},{"damage":8,"enemies":"Lots of Slimes","floor":10,"turns":4},{"damage":9,"enemies":"Exordium Thugs","floor":11,"turns":6},{"damage":10,"enemies":"2 Fungi Beasts","floor":12,"turns":3},{"damage":2,"enemies":"Lagavulin","floor":13,"turns":7},{"damage":18,"enemies":"Gremlin Gang","floor":14,"turns":3},{"damage":6,"enemies":"Hexaghost","floor":16,"turns":11},{"damage":0,"enemies":"Spheric Guardian","floor":18,"turns":1},{"damage":10,"enemies":"Chosen","floor":19,"turns":4},{"damage":29,"enemies":"Centurion and Healer","floor":21,"turns":5},{"damage":25,"enemies":"Book of Stabbing","floor":23,"turns":6},{"damage":26,"enemies":"Gremlin Leader","floor":25,"turns":5},{"damage":0,"enemies":"Book of Stabbing","floor":27,"turns":3},{"damage":0,"enemies":"Sentry and Sphere","floor":28,"turns":4},{"damage":0,"enemies":"Snecko","floor":31,"turns":3},{"damage":0,"enemies":"Collector","floor":33,"turns":5},{"damage":0,"enemies":"Orb Walker","floor":35,"turns":2},{"damage":11,"enemies":"3 Darklings","floor":37,"turns":3},{"damage":23,"enemies":"Spire Growth","floor":38,"turns":3},{"damage":0,"enemies":"Sphere and 2 Shapes","floor":39,"turns":2},{"damage":0,"enemies":"Reptomancer","floor":40,"turns":2},{"damage":0,"enemies":"Jaw Worm Horde","floor":45,"turns":2},{"damage":0,"enemies":"Transient","floor":46,"turns":6},{"damage":0,"enemies":"Sphere and 2 Shapes","floor":48,"turns":2},{"damage":0,"enemies":"Donu and Deca","floor":50,"turns":6}],"seed_played":"-1176329233166744420","potions_obtained":[{"floor":1,"key":"AttackPotion"},{"floor":8,"key":"Block Potion"},{"floor":10,"key":"Regen Potion"},{"floor":12,"key":"FearPotion"},{"floor":14,"key":"FearPotion"},{"floor":25,"key":"Energy Potion"},{"floor":27,"key":"Energy Potion"}],"is_trial":false,"path_per_floor":["M","$","M","?","M","R","M","E","T","M","M","M","E","M","R","B",null,"M","M","$","M","?","E","R","E","T","E","M","R","?","M","R","B",null,"M","?","M","M","M","E","R","$","T","R","M","M","R","M","R","B",null],"character_chosen":"IRONCLAD","items_purchased":["Heavy Blade","Impervious","PowerPotion"],"campfire_rested":2,"item_purchase_floors":[20,20,42],"current_hp_per_floor":[74,74,75,75,75,75,73,45,45,43,40,36,54,42,42,42,67,73,69,69,46,46,27,49,29,29,35,41,41,20,26,48,54,70,75,75,70,53,59,65,65,65,65,65,73,75,75,75,75,75],"gold":271,"neow_bonus":"THREE_ENEMY_KILL","is_prod":false,"is_daily":false,"chose_seed":false,"campfire_upgraded":3,"win_rate":0,"timestamp":1559920575,"path_taken":["M","$","M","?","?","R","M","E","T","M","M","M","E","M","R","BOSS","M","M","$","M","?","E","R","E","T","E","M","R","?","M","R","BOSS","M","?","?","M","M","E","R","$","T","R","M","M","R","M","R","BOSS"],"build_version":"2019-01-23","purchased_purges":3,"victory":true,"max_hp_per_floor":[75,75,75,75,75,75,75,75,75,75,75,75,75,75,75,75,75,75,75,75,75,75,75,75,75,75,75,75,75,75,75,75,75,75,75,75,75,75,75,75,75,75,75,75,75,75,75,75,75,75],"card_choices":[{"not_picked":["Metallicize","Sword Boomerang"],"picked":"Thunderclap","floor":1},{"not_picked":["Combust","Wild Strike"],"picked":"Carnage","floor":3},{"not_picked":["Thunderclap","Clash"],"picked":"Armaments","floor":5},{"not_picked":["Iron Wave","Flex"],"picked":"Disarm","floor":7},{"not_picked":["Berserk","Headbutt"],"picked":"Cleave","floor":8},{"not_picked":["Burning Pact","Sever Soul"],"picked":"Sword Boomerang","floor":10},{"not_picked":["Pommel Strike","Clothesline"],"picked":"Battle Trance","floor":11},{"not_picked":["Sword Boomerang","Power Through"],"picked":"Rage","floor":12},{"not_picked":["Searing Blow","Metallicize"],"picked":"Shrug It Off","floor":13},{"not_picked":["Clothesline","Pummel"],"picked":"Evolve","floor":14},{"not_picked":["Fiend Fire","Offering"],"picked":"Demon Form","floor":16},{"not_picked":["Twin Strike","Rampage"],"picked":"Blood for Blood+1","floor":18},{"not_picked":["Anger","Wild Strike","Havoc"],"picked":"SKIP","floor":19},{"not_picked":["Flex","Blood for Blood"],"picked":"Impervious","floor":21},{"not_picked":["Rupture","Metallicize"],"picked":"Corruption","floor":23},{"not_picked":["Pommel Strike","Anger","Dark Embrace"],"picked":"SKIP","floor":25},{"not_picked":["Headbutt","Perfected Strike"],"picked":"Thunderclap","floor":27},{"not_picked":["Corruption+1","Heavy Blade"],"picked":"Battle Trance","floor":28},{"not_picked":["Sword Boomerang","Perfected Strike"],"picked":"Shockwave","floor":31},{"not_picked":["Exhume","Brutality"],"picked":"Immolate","floor":33},{"not_picked":["Power Through","Second Wind+1","Body Slam"],"picked":"SKIP","floor":35},{"not_picked":["Headbutt","Twin Strike"],"picked":"Flame Barrier","floor":37},{"not_picked":["Pummel","Clothesline+1"],"picked":"Sword Boomerang+1","floor":38},{"not_picked":["Pummel","Armaments","Perfected Strike+1"],"picked":"SKIP","floor":39},{"not_picked":["Flex","Bloodletting"],"picked":"Carnage+1","floor":40},{"not_picked":["True Grit+1","Headbutt"],"picked":"Heavy Blade","floor":45},{"not_picked":["Berserk","Body Slam"],"picked":"Flame Barrier","floor":46},{"not_picked":["Sword Boomerang","Clothesline+1","Iron Wave"],"picked":"SKIP","floor":48}],"player_experience":674939,"relics_obtained":[{"floor":8,"key":"Torii"},{"floor":9,"key":"Kunai"},{"floor":13,"key":"Blue Candle"},{"floor":23,"key":"Shovel"},{"floor":25,"key":"Matryoshka"},{"floor":26,"key":"Anchor"},{"floor":26,"key":"Du-Vu Doll"},{"floor":27,"key":"FossilizedHelix"},{"floor":30,"key":"Necronomicon"},{"floor":40,"key":"Pen Nib"},{"floor":41,"key":"War Paint"},{"floor":43,"key":"Blood Vial"},{"floor":43,"key":"Bronze Scales"},{"floor":44,"key":"Happy Flower"},{"floor":47,"key":"Nunchaku"},{"floor":49,"key":"Bag of Marbles"}],"event_choices":[{"damage_healed":0,"gold_gain":0,"cards_transformed":["Strike_R"],"player_choice":"Transformed","damage_taken":0,"max_hp_gain":0,"max_hp_loss":0,"event_name":"Transmorgrifier","floor":4,"gold_loss":0,"cards_obtained":["Bludgeon"]},{"damage_healed":0,"gold_gain":0,"player_choice":"Simplicity","damage_taken":0,"max_hp_gain":0,"max_hp_loss":0,"event_name":"Back to Basics","floor":22,"gold_loss":0,"cards_upgraded":["Strike_R","Strike_R","Defend_R","Defend_R","Defend_R","Defend_R"]},{"damage_healed":0,"gold_gain":0,"player_choice":"Obtained Book","damage_taken":21,"max_hp_gain":0,"max_hp_loss":0,"event_name":"Cursed Tome","floor":30,"gold_loss":0},{"damage_healed":0,"gold_gain":0,"player_choice":"Ignored","damage_taken":0,"max_hp_gain":0,"max_hp_loss":0,"event_name":"SecretPortal","floor":36,"gold_loss":0}],"is_beta":false,"boss_relics":[{"not_picked":["Cursed Key","White Beast Statue"],"picked":"Snecko Eye"},{"not_picked":["Pandora\u0027s Box","Runic Dome"],"picked":"Fusion Hammer"}],"items_purged_floors":[2,20,42],"is_endless":false,"potions_floor_spawned":[1,8,10,12,14,25,27,33,38,39,40,48],"ascension_level":18}