{"gold_per_floor":[118,118,218,236,249,269,282,292,292,12,12,12,12,31,31,160,160,183,199,199,212,44,44,59,75,75,89,107,122,122,133,133,235,235,255,180,180,190,207,207],"floor_reached":40,"playtime":3501,"items_purged":["Strike_G"],"score":413,"play_id":"2ddf9fdd-5789-4b14-a623-ca160e9d0ab9","local_time":"20181024032224","is_ascension_mode":false,"campfire_choices":[{"floor":12,"key":"REST"},{"data":"Corpse Explosion","floor":15,"key":"SMITH"},{"data":"Noxious Fumes","floor":23,"key":"SMITH"},{"floor":32,"key":"REST"}],"neow_cost":"NONE","seed_source_timestamp":79251027896308,"circlet_count":0,"master_deck":["Defend_G","Defend_G","Defend_G","Strike_G","Strike_G","Strike_G","Survivor","Neutralize","Deadly Poison","Corpse Explosion+1","Leg Sweep","Noxious Fumes+1","Bane","Backflip","Dodge and Roll+1","Prepared+1","Adrenaline+1","Prepared+1","Backflip+1","Deadly Poison+1","Cloak And Dagger+1","Deadly Poison+1","Dodge and Roll+1","Footwork+1","Blade Dance+1","Apotheosis+1","Blade Dance+1","Well Laid Plans","Cloak And Dagger+1","Dodge and Roll+1","Terror+1","Quick Slash+1","Adrenaline+1","Skewer+1","Flying Knee+1","Quick Slash+1","Accuracy+1","Madness+1","Madness+1","Bane"],"relics":["Ring of the Snake","Happy Flower","Oddly Smooth Stone","Toxic Egg 2","Bloody Idol","Bag of Marbles","Orrery","Kunai","Astrolabe"],"potions_floor_usage":[6,27,31,33,33,40],"damage_taken":[{"damage":0,"enemies":"Cultist","floor":1,"turns":4},{"damage":0,"enemies":"Jaw Worm","floor":4,"turns":4},{"damage":0,"enemies":"2 Louse","floor":5,"turns":2},{"damage":14,"enemies":"Lots of Slimes","floor":6,"turns":2},{"damage":0,"enemies":"2 Fungi Beasts","floor":7,"turns":3},{"damage":2,"enemies":"Blue Slaver","floor":8,"turns":4},{"damage":0,"enemies":"3 Louse","floor":14,"turns":3},{"damage":13,"enemies":"Slime Boss","floor":16,"turns":10},{"damage":0,"enemies":"3 Byrds","floor":18,"turns":2},{"damage":1,"enemies":"Shell Parasite","floor":19,"turns":4},{"damage":1,"enemies":"Centurion and Healer","floor":21,"turns":8},{"damage":5,"enemies":"3 Cultists","floor":24,"turns":4},{"damage":0,"enemies":"Snake Plant","floor":25,"turns":5},{"damage":4,"enemies":"Chosen and Byrds","floor":27,"turns":5},{"damage":8,"enemies":"Shelled Parasite and Fungi","floor":28,"turns":4},{"damage":5,"enemies":"Snake Plant","floor":29,"turns":3},{"damage":5,"enemies":"Centurion and Healer","floor":31,"turns":6},{"damage":44,"enemies":"Automaton","floor":33,"turns":10},{"damage":9,"enemies":"3 Shapes","floor":35,"turns":5},{"damage":12,"enemies":"3 Darklings","floor":38,"turns":3},{"damage":12,"enemies":"Maw","floor":39,"turns":6},{"damage":59,"enemies":"Reptomancer","floor":40,"turns":6}],"seed_played":"-3168691018179511775","potions_obtained":[{"floor":1,"key":"Dexterity Potion"},{"floor":6,"key":"Block Potion"},{"floor":14,"key":"Block Potion"},{"floor":21,"key":"SpeedPotion"},{"floor":27,"key":"GhostInAJar"},{"floor":31,"key":"PowerPotion"},{"floor":33,"key":"Strength Potion"},{"floor":38,"key":"FearPotion"}],"is_trial":false,"path_per_floor":["M","?","?","M","M","M","M","M","T","$","?","R","T","M","R","B",null,"M","M","?","M","$","R","M","M","T","M","M","M","?","M","R","B",null,"M","$","?","M","M"],"character_chosen":"THE_SILENT","items_purchased":["Toxic Egg 2","Dodge and Roll+1","Apotheosis+1"],"campfire_rested":2,"item_purchase_floors":[10,10,22],"current_hp_per_floor":[70,70,70,70,70,56,56,54,54,54,37,58,58,58,58,45,70,70,69,70,69,69,69,64,64,64,60,52,47,47,47,68,29,70,66,66,57,50,43,0],"gold":207,"neow_bonus":"RANDOM_COMMON_RELIC","is_prod":false,"is_daily":false,"chose_seed":false,"campfire_upgraded":2,"win_rate":0,"timestamp":1540340544,"path_taken":["M","?","?","M","M","M","M","?","T","$","?","R","?","M","R","BOSS","M","M","?","M","$","R","M","M","T","M","?","M","?","M","R","BOSS","M","?","?","M","M","E"],"build_version":"2018-10-18","purchased_purges":1,"victory":false,"max_hp_per_floor":[70,70,70,70,70,70,70,70,70,70,70,70,70,70,70,70,70,70,70,70,70,70,70,70,70,70,70,70,70,70,70,70,70,70,70,70,70,70,70,70],"card_choices":[{"not_picked":["Setup","Quick Slash"],"picked":"Deadly Poison","floor":1},{"not_picked":["Tactician","Deflect"],"picked":"Leg Sweep","floor":4},{"not_picked":["Leg Sweep","Underhanded Strike","Expertise"],"picked":"SKIP","floor":5},{"not_picked":["Deadly Poison","Concentrate"],"picked":"Noxious Fumes","floor":6},{"not_picked":["Outmaneuver","Dagger Throw"],"picked":"Bane","floor":7},{"not_picked":["Blade Dance","Corpse Explosion"],"picked":"Backflip","floor":8},{"not_picked":["Backflip+1","Expertise+1"],"picked":"Prepared+1","floor":14},{"not_picked":["Unload","Bullet Time+1"],"picked":"Adrenaline+1","floor":16},{"not_picked":["Sucker Punch","Acrobatics+1"],"picked":"Prepared+1","floor":17},{"not_picked":["Noxious Fumes","Prepared+1"],"picked":"Backflip+1","floor":17},{"not_picked":["Deflect+1","Poisoned Stab"],"picked":"Deadly Poison+1","floor":17},{"not_picked":["Bane","Finisher"],"picked":"Cloak And Dagger+1","floor":17},{"not_picked":["Bullet Time+1","Flying Knee"],"picked":"Deadly Poison+1","floor":17},{"not_picked":["Noxious Fumes","Outmaneuver+1"],"picked":"Dodge and Roll+1","floor":18},{"not_picked":["Outmaneuver+1","Dagger Spray"],"picked":"Footwork+1","floor":19},{"not_picked":["Slice","Storm of Steel+1"],"picked":"Blade Dance+1","floor":21},{"not_picked":["Slice","Caltrops"],"picked":"Blade Dance+1","floor":24},{"not_picked":["Prepared+1","Outmaneuver+1"],"picked":"Well Laid Plans","floor":25},{"not_picked":["Dagger Throw","Dodge and Roll+1"],"picked":"Cloak And Dagger+1","floor":27},{"not_picked":["Sucker Punch+1","All Out Attack"],"picked":"Dodge and Roll+1","floor":28},{"not_picked":["Dagger Spray","Outmaneuver+1"],"picked":"Terror+1","floor":29},{"not_picked":["Slice","Flying Knee"],"picked":"Quick Slash+1","floor":31},{"not_picked":["Wraith Form v2","Grand Finale"],"picked":"Adrenaline+1","floor":33},{"not_picked":["Quick Slash+1","Masterful Stab+1"],"picked":"Accuracy+1","floor":35},{"not_picked":["All Out Attack+1","Flying Knee+1"],"picked":"Bane","floor":38},{"not_picked":["Flying Knee+1","Reflex+1","Backflip+1"],"picked":"SKIP","floor":39}],"player_experience":202314,"relics_obtained":[{"floor":9,"key":"Oddly Smooth Stone"},{"floor":13,"key":"Bag of Marbles"},{"floor":26,"key":"Kunai"}],"event_choices":[{"damage_healed":0,"gold_gain":0,"player_choice":"1 cards matched","damage_taken":0,"max_hp_gain":0,"max_hp_loss":0,"event_name":"Match and Keep!","floor":2,"gold_loss":0,"cards_obtained":["Corpse Explosion"]},{"damage_healed":0,"gold_gain":0,"player_choice":"1 cards matched","damage_taken":0,"max_hp_gain":0,"max_hp_loss":0,"event_name":"Match and Keep!","floor":2,"gold_loss":0,"cards_obtained":["Corpse Explosion"]},{"damage_healed":0,"gold_gain":100,"player_choice":"Pray","damage_taken":0,"max_hp_gain":0,"max_hp_loss":0,"event_name":"Golden Shrine","floor":3,"gold_loss":0},{"damage_healed":0,"gold_gain":0,"player_choice":"Take Damage","damage_taken":17,"relics_obtained":["Golden Idol"],"max_hp_gain":0,"max_hp_loss":0,"event_name":"Golden Idol","floor":11,"gold_loss":0},{"damage_healed":23,"gold_gain":0,"player_choice":"Heal","damage_taken":0,"max_hp_gain":0,"max_hp_loss":0,"event_name":"The Library","floor":20,"gold_loss":0},{"damage_healed":0,"gold_gain":0,"player_choice":"Gave Idol","damage_taken":0,"relics_obtained":["Bloody Idol"],"max_hp_gain":0,"max_hp_loss":0,"event_name":"Forgotten Altar","floor":30,"relics_lost":["Golden Idol"],"gold_loss":0},{"damage_healed":0,"gold_gain":0,"player_choice":"Embrace Madness","damage_taken":9,"max_hp_gain":0,"max_hp_loss":0,"event_name":"Winding Halls","floor":37,"gold_loss":0,"cards_obtained":["Madness","Madness"]}],"is_beta":false,"boss_relics":[{"not_picked":["Fusion Hammer","Ring of the Serpent"],"picked":"Orrery"},{"not_picked":["Cursed Key","Eternal Feather"],"picked":"Astrolabe"}],"items_purged_floors":[36],"is_endless":false,"potions_floor_spawned":[1,6,14,21,27,29,31,33,38],"killed_by":"Reptomancer","ascension_level":0}