{"gold_per_floor":[117,128,138,63,81,81,115,115,415,432,432,252,270,270,270,368,368,385,403,418,45,55,82,82,42,65,65],"floor_reached":27,"playtime":1796,"items_purged":["Strike_R","Strike_R","Sever Soul"],"score":260,"play_id":"7d68ef33-205c-46a3-a49e-89f60b51a0d8","local_time":"20190526132925","is_ascension_mode":false,"campfire_choices":[{"data":"Limit Break","floor":6,"key":"SMITH"},{"data":"Bash","floor":8,"key":"SMITH"},{"data":"Armaments","floor":11,"key":"SMITH"},{"data":"Heavy Blade","floor":15,"key":"SMITH"},{"data":"Demon Form","floor":24,"key":"SMITH"}],"neow_cost":"NONE","seed_source_timestamp":909465287067300,"circlet_count":0,"master_deck":["Bash+1","Headbutt","Limit Break+1","Armaments+1","Inflame","Heavy Blade+1","Demon Form+1","Spot Weakness","Inflame","Double Tap","Power Through+1","Sword Boomerang","Shrug It Off"],"relics":["Burning Blood","The Courier","Old Coin","Pandora\u0027s Box","Lee\u0027s Waffle","Juzu Bracelet","Shovel","Omamori"],"potions_floor_usage":[16,20,27],"damage_taken":[{"damage":3,"enemies":"Small Slimes","floor":1,"turns":4},{"damage":6,"enemies":"Cultist","floor":2,"turns":3},{"damage":6,"enemies":"Jaw Worm","floor":3,"turns":3},{"damage":11,"enemies":"Red Slaver","floor":5,"turns":3},{"damage":42,"enemies":"Lagavulin","floor":7,"turns":7},{"damage":7,"enemies":"3 Louse","floor":10,"turns":5},{"damage":1,"enemies":"Exordium Wildlife","floor":13,"turns":5},{"damage":29,"enemies":"The Guardian","floor":16,"turns":7},{"damage":25,"enemies":"2 Thieves","floor":18,"turns":4},{"damage":51,"enemies":"3 Byrds","floor":19,"turns":6},{"damage":0,"enemies":"Snecko","floor":20,"turns":4},{"damage":11,"enemies":"Centurion and Healer","floor":22,"turns":4},{"damage":74,"enemies":"Slavers","floor":23,"turns":7},{"damage":19,"enemies":"3 Cultists","floor":27,"turns":3}],"seed_played":"-2680508093918424632","potions_obtained":[{"floor":3,"key":"Swift Potion"},{"floor":10,"key":"AttackPotion"},{"floor":16,"key":"Poison Potion"},{"floor":20,"key":"Energy Potion"},{"floor":23,"key":"Weak Potion"}],"is_trial":false,"path_per_floor":["M","M","M","$","M","R","E","R","T","M","R","$","M","?","R","B",null,"M","M","M","$","M","E","R","?","T","M"],"character_chosen":"IRONCLAD","items_purchased":["Inflame","Heavy Blade","Lee\u0027s Waffle","Juzu Bracelet"],"campfire_rested":0,"item_purchase_floors":[12,12,21,21],"current_hp_per_floor":[80,80,80,80,75,75,39,39,39,38,38,38,43,80,80,57,80,61,16,22,87,82,14,14,14,14,0],"gold":65,"neow_bonus":"REMOVE_CARD","is_prod":false,"is_daily":false,"chose_seed":false,"campfire_upgraded":5,"win_rate":0,"timestamp":1558891765,"path_taken":["M","M","M","$","M","R","E","R","T","M","R","$","M","?","R","BOSS","M","?","M","$","M","E","R","?","T","M"],"build_version":"2019-01-23","purchased_purges":3,"victory":false,"max_hp_per_floor":[80,80,80,80,80,80,80,80,80,80,80,80,80,80,80,80,80,80,80,80,87,87,87,87,87,87,87],"card_choices":[{"not_picked":["Pommel Strike","Warcry"],"picked":"Headbutt","floor":1},{"not_picked":["Combust","Havoc","Iron Wave"],"picked":"SKIP","floor":2},{"not_picked":["True Grit","Perfected Strike","Sword Boomerang"],"picked":"SKIP","floor":3},{"not_picked":["Twin Strike","True Grit"],"picked":"Limit Break","floor":5},{"not_picked":["Pummel","Whirlwind","Pommel Strike"],"picked":"SKIP","floor":7},{"not_picked":["Infernal Blade","True Grit"],"picked":"Armaments","floor":10},{"not_picked":["Perfected Strike","Intimidate","Fire Breathing"],"picked":"SKIP","floor":13},{"not_picked":["Berserk","Brutality"],"picked":"Demon Form","floor":16},{"not_picked":["Perfected Strike+1","Rupture","Pommel Strike"],"picked":"SKIP","floor":18},{"not_picked":["Fire Breathing+1","Pommel Strike","Hemokinesis"],"picked":"SKIP","floor":19},{"not_picked":["Inflame+1","Anger","Warcry"],"picked":"SKIP","floor":20},{"not_picked":["Iron Wave","Power Through"],"picked":"Shrug It Off","floor":22},{"not_picked":["Inflame","Fiend Fire","Heavy Blade"],"picked":"SKIP","floor":23}],"player_experience":919570,"relics_obtained":[{"floor":7,"key":"The Courier"},{"floor":9,"key":"Old Coin"},{"floor":23,"key":"Shovel"},{"floor":26,"key":"Omamori"}],"event_choices":[{"damage_healed":37,"gold_gain":0,"player_choice":"Full Heal","damage_taken":0,"max_hp_gain":0,"max_hp_loss":0,"event_name":"Wheel of Change","floor":14,"gold_loss":0},{"damage_healed":0,"gold_gain":0,"player_choice":"Upgrade","damage_taken":0,"max_hp_gain":0,"max_hp_loss":0,"event_name":"Designer","floor":25,"gold_loss":40,"cards_upgraded":["Power Through"]}],"is_beta":false,"boss_relics":[{"not_picked":["Fusion Hammer","Calling Bell"],"picked":"Pandora\u0027s Box"}],"items_purged_floors":[4,12,21],"is_endless":false,"potions_floor_spawned":[3,10,16,20,23],"killed_by":"3 Cultists","ascension_level":0}