{"gold_per_floor":[113,129,229,248,258,258,289,307,330,330,330,340,340,340,340,444,444,458,477,490,160,160,193,206,219,273,287,287,298,298,310,310,310],"floor_reached":33,"playtime":1906,"items_purged":[],"score":273,"play_id":"4ef0951d-b33f-455e-8513-c91957f9067b","local_time":"20190316203709","is_ascension_mode":false,"campfire_choices":[{"data":"Warcry","floor":6.0,"key":"SMITH"},{"data":"Pommel Strike","floor":10.0,"key":"SMITH"},{"floor":13.0,"key":"REST"},{"data":"Carnage","floor":15.0,"key":"SMITH"},{"floor":28,"key":"REST"},{"data":"Dark Embrace","floor":32,"key":"SMITH"}],"neow_cost":"NONE","seed_source_timestamp":0,"circlet_count":0,"master_deck":["Strike_R","Strike_R","Strike_R","Strike_R","Strike_R","Defend_R","Defend_R","Defend_R+1","Defend_R","Bash","Cleave","Warcry+1","Thunderclap","Carnage+1","Pommel Strike+1","Dual Wield","Brutality","Rupture+1","Reaper+1","Thinking Ahead+1","Infernal Blade+1","Twin Strike","Pummel","Dark Embrace+1","Perfected Strike+1","Sword Boomerang+1","Wild Strike+1"],"special_seed":0,"relics":["Burning Blood","Bag of Preparation","Pen Nib","Oddly Smooth Stone","Dream Catcher","Mark of Pain","Vajra","Enchiridion","Bag of Marbles","War Paint"],"potions_floor_usage":[25,31,31,33],"damage_taken":[{"damage":1.0,"enemies":"Cultist","floor":1.0,"turns":3.0},{"damage":6.0,"enemies":"Jaw Worm","floor":2.0,"turns":3.0},{"damage":6.0,"enemies":"2 Louse","floor":4.0,"turns":2.0},{"damage":5.0,"enemies":"Lots of Slimes","floor":5.0,"turns":3.0},{"damage":30.0,"enemies":"Lagavulin","floor":7.0,"turns":7.0},{"damage":9.0,"enemies":"Blue Slaver","floor":8.0,"turns":3.0},{"damage":9.0,"enemies":"2 Fungi Beasts","floor":12.0,"turns":3.0},{"damage":30.0,"enemies":"Slime Boss","floor":16.0,"turns":11.0},{"damage":6.0,"enemies":"Chosen","floor":18.0,"turns":3.0},{"damage":9.0,"enemies":"Spheric Guardian","floor":19.0,"turns":4.0},{"damage":27.0,"enemies":"3 Cultists","floor":20.0,"turns":5.0},{"damage":45,"enemies":"Slavers","floor":23,"turns":4},{"damage":36,"enemies":"Shelled Parasite and Fungi","floor":24,"turns":3},{"damage":0,"enemies":"Snecko","floor":25,"turns":3},{"damage":4,"enemies":"Cultist and Chosen","floor":27,"turns":4},{"damage":25,"enemies":"Centurion and Healer","floor":29,"turns":4},{"damage":1,"enemies":"3 Cultists","floor":31,"turns":2},{"damage":77,"enemies":"Automaton","floor":33,"turns":6}],"seed_played":"4249194404910211769","potions_obtained":[{"floor":2.0,"key":"Ancient Potion"},{"floor":4.0,"key":"Weak Potion"},{"floor":8.0,"key":"FairyPotion"},{"floor":16.0,"key":"GamblersBrew"},{"floor":18.0,"key":"Block Potion"},{"floor":19.0,"key":"Dexterity Potion"},{"floor":27,"key":"Fire Potion"},{"floor":29,"key":"Explosive Potion"}],"is_trial":false,"path_per_floor":["M","M","?","M","M","R","E","M","T","R","T","M","R","?","R","B",null,"M","M","M","$","?","E","M","M","T","M","R","M","?","M","R","B"],"character_chosen":"IRONCLAD","items_purchased":["Vajra","Thinking Ahead"],"campfire_rested":2,"item_purchase_floors":[21,21],"current_hp_per_floor":[88,88,88,88,88,88,64,61,61,61,61,58,84,84,84,60,88,88,85,68,68,52,18,14,20,20,27,53,40,40,63,63,0],"gold":310,"neow_bonus":"TEN_PERCENT_HP_BONUS","is_prod":false,"is_daily":false,"chose_seed":false,"campfire_upgraded":4,"win_rate":0.0,"timestamp":1552783029,"path_taken":["M","?","?","?","M","R","E","M","T","R","?","M","R","?","R","BOSS","M","?","M","$","?","E","M","M","T","M","R","M","?","?","R","BOSS"],"build_version":"2019-01-23","purchased_purges":0,"victory":false,"max_hp_per_floor":[88,88,88,88,88,88,88,88,88,88,88,88,88,88,88,88,88,88,88,88,88,88,88,88,88,88,88,88,88,88,88,88,88],"card_choices":[{"not_picked":["True Grit","Twin Strike"],"picked":"Cleave","floor":1.0},{"not_picked":["Flame Barrier","Rupture"],"picked":"Warcry","floor":2.0},{"not_picked":["Whirlwind","Flame Barrier"],"picked":"Thunderclap","floor":4.0},{"not_picked":["Whirlwind","Reckless Charge"],"picked":"Carnage","floor":5.0},{"not_picked":["Metallicize","Flex"],"picked":"Pommel Strike","floor":7.0},{"not_picked":["Hemokinesis","Power Through","Wild Strike"],"picked":"SKIP","floor":8.0},{"not_picked":["Wild Strike","Clash"],"picked":"Dual Wield","floor":12.0},{"not_picked":["Bludgeon","Limit Break"],"picked":"Brutality","floor":16.0},{"not_picked":["Warcry+1","Thunderclap"],"picked":"Rupture+1","floor":18.0},{"not_picked":["Dropkick+1","Pommel Strike"],"picked":"Reaper","floor":19.0},{"not_picked":["Wild Strike","Hemokinesis","Body Slam"],"picked":"SKIP","floor":20.0},{"not_picked":["Body Slam","Wild Strike"],"picked":"Infernal Blade+1","floor":23},{"not_picked":["Perfected Strike","Inflame"],"picked":"Twin Strike","floor":24},{"not_picked":["Spot Weakness","Thunderclap"],"picked":"Pummel","floor":25},{"not_picked":["Warcry","Ghostly Armor"],"picked":"Dark Embrace","floor":27},{"not_picked":["Clash","Iron Wave"],"picked":"Perfected Strike+1","floor":28},{"not_picked":["Intimidate","Carnage"],"picked":"Sword Boomerang+1","floor":29},{"not_picked":["Spot Weakness","Clash"],"picked":"Wild Strike+1","floor":31}],"player_experience":22438,"relics_obtained":[{"floor":7.0,"key":"Bag of Preparation"},{"floor":9.0,"key":"Pen Nib"},{"floor":11.0,"key":"Oddly Smooth Stone"},{"floor":22,"key":"Enchiridion"},{"floor":23,"key":"Bag of Marbles"},{"floor":26,"key":"War Paint"}],"event_choices":[{"damage_healed":0.0,"max_hp_gain":0.0,"max_hp_loss":0.0,"gold_gain":100.0,"event_name":"Golden Shrine","player_choice":"Pray","floor":3.0,"gold_loss":0.0,"damage_taken":0.0},{"damage_healed":0.0,"max_hp_gain":0.0,"max_hp_loss":0.0,"gold_gain":0.0,"event_name":"WeMeetAgain","player_choice":"Gave Potion","floor":14.0,"gold_loss":0.0,"damage_taken":0.0,"relics_obtained":["Dream Catcher"]},{"damage_healed":0,"gold_gain":0,"player_choice":"Obtained Book","damage_taken":16,"max_hp_gain":0,"max_hp_loss":0,"event_name":"Cursed Tome","floor":22,"gold_loss":0},{"damage_healed":0,"gold_gain":0,"player_choice":"Upgraded","damage_taken":0,"max_hp_gain":0,"max_hp_loss":0,"event_name":"Upgrade Shrine","floor":30,"gold_loss":0,"cards_upgraded":["Reaper"]}],"is_beta":false,"boss_relics":[{"not_picked":["Eternal Feather","Sozu"],"picked":"Mark of Pain"}],"items_purged_floors":[],"is_endless":false,"potions_floor_spawned":[2,4,8,16,18,19,23,27,29],"killed_by":"Automaton","ascension_level":0}