{"gold_per_floor":[112,129,54,74,74,74,104,104,104,104,104,117,117,133,133,133],"floor_reached":16,"playtime":616,"items_purged":["Strike_B"],"score":147,"play_id":"9c2e4848-a7a7-40e8-8aac-4dd3ba276800","local_time":"20190517195359","is_ascension_mode":true,"campfire_choices":[{"data":"Zap","floor":6,"key":"SMITH"},{"data":"Cold Snap","floor":8,"key":"SMITH"},{"floor":11,"key":"RECALL"},{"data":"Streamline","floor":13,"key":"SMITH"},{"data":"Go for the Eyes","floor":15,"key":"SMITH"}],"neow_cost":"NONE","seed_source_timestamp":131732958194966,"circlet_count":0,"master_deck":["Strike_B","Strike_B","Strike_B","Defend_B","Defend_B","Defend_B","Defend_B","Zap+1","Dualcast","Cold Snap+1","Regret","Streamline+1","Go for the Eyes+1"],"relics":["Cracked Core","Mango","Omamori"],"potions_floor_usage":[14,16],"damage_taken":[{"damage":0,"enemies":"Cultist","floor":1,"turns":3},{"damage":2,"enemies":"Small Slimes","floor":2,"turns":3},{"damage":7,"enemies":"Jaw Worm","floor":4,"turns":3},{"damage":3,"enemies":"Large Slime","floor":12,"turns":4},{"damage":32,"enemies":"Gremlin Gang","floor":14,"turns":5},{"damage":46,"enemies":"Slime Boss","floor":16,"turns":8}],"seed_played":"-8137727980646319371","potions_obtained":[{"floor":1,"key":"EssenceOfSteel"},{"floor":10,"key":"GamblersBrew"},{"floor":10,"key":"Energy Potion"}],"is_trial":false,"path_per_floor":["M","M","$","M","?","R","?","R","T","?","R","M","R","M","R","B"],"character_chosen":"DEFECT","items_purchased":[],"campfire_rested":0,"item_purchase_floors":[],"current_hp_per_floor":[75,73,73,66,80,80,80,80,80,80,80,77,77,45,45,0],"gold":133,"neow_bonus":"TEN_PERCENT_HP_BONUS","is_prod":false,"is_daily":false,"chose_seed":false,"campfire_upgraded":4,"win_rate":0,"timestamp":1558137239,"path_taken":["M","?","$","M","?","R","?","R","T","?","R","M","R","M","R","BOSS"],"build_version":"2019-01-23","purchased_purges":1,"victory":false,"max_hp_per_floor":[82,82,82,82,96,96,96,96,96,96,96,96,96,96,96,96],"card_choices":[{"not_picked":["Storm","Reprogram","Leap"],"picked":"SKIP","floor":1},{"not_picked":["Hologram","Steam","Compile Driver"],"picked":"SKIP","floor":2},{"not_picked":["Lockon","Blizzard"],"picked":"Cold Snap","floor":4},{"not_picked":["Multi-Cast","Go for the Eyes"],"picked":"Streamline","floor":12},{"not_picked":["Darkness","Self Repair"],"picked":"Go for the Eyes","floor":14}],"player_experience":341831,"relics_obtained":[],"event_choices":[{"damage_healed":0,"gold_gain":0,"player_choice":"Box","damage_taken":0,"relics_obtained":["Mango"],"max_hp_gain":0,"max_hp_loss":0,"event_name":"Big Fish","floor":5,"gold_loss":0,"cards_obtained":["Regret"]},{"damage_healed":0,"gold_gain":30,"player_choice":"Searched \u00273\u0027 times","damage_taken":0,"relics_obtained":["Omamori"],"max_hp_gain":0,"max_hp_loss":0,"event_name":"Dead Adventurer","floor":7,"gold_loss":0},{"damage_healed":0,"gold_gain":0,"player_choice":"Got Potions","damage_taken":0,"max_hp_gain":0,"max_hp_loss":0,"event_name":"Lab","floor":10,"gold_loss":0}],"is_beta":false,"boss_relics":[],"items_purged_floors":[3],"is_endless":false,"potions_floor_spawned":[1],"killed_by":"Slime Boss","ascension_level":7}