{"gold_per_floor":[109,109,128,145,156,156,185,201,201,201,6,18,34,34,34,135,135,150,166,126,146,146],"floor_reached":22,"playtime":867,"items_purged":[],"score":190,"play_id":"51bc471b-8b12-48e7-ac2c-3fb0c944b4a4","local_time":"20190319092448","is_ascension_mode":false,"campfire_choices":[{"data":"Electrodynamics","floor":6,"key":"SMITH"},{"floor":10,"key":"REST"},{"floor":15,"key":"REST"}],"neow_cost":"NONE","seed_source_timestamp":74882877823320,"circlet_count":0,"master_deck":["Strike_B","Strike_B","Strike_B","Defend_B","Defend_B","Defend_B","Zap","Dualcast","Electrodynamics+1","Doom and Gloom","Sweeping Beam","Echo Form","Skim","Coolheaded","Gash","Apotheosis","Ball Lightning","White Noise","Storm","Rainbow","Genetic Algorithm","Defragment"],"relics":["Cracked Core","Boot","Singing Bowl","Inserter"],"potions_floor_usage":[7,16,16,21,22,22],"damage_taken":[{"damage":0,"enemies":"2 Louse","floor":1,"turns":2},{"damage":6,"enemies":"Jaw Worm","floor":3,"turns":2},{"damage":1,"enemies":"Cultist","floor":4,"turns":3},{"damage":7,"enemies":"3 Louse","floor":5,"turns":2},{"damage":18,"enemies":"Lagavulin","floor":7,"turns":5},{"damage":6,"enemies":"Large Slime","floor":8,"turns":4},{"damage":11,"enemies":"Blue Slaver","floor":12,"turns":3},{"damage":8,"enemies":"2 Fungi Beasts","floor":13,"turns":3},{"damage":16,"enemies":"Hexaghost","floor":16,"turns":7},{"damage":15,"enemies":"Shell Parasite","floor":18,"turns":5},{"damage":18,"enemies":"2 Thieves","floor":19,"turns":2},{"damage":41,"enemies":"Shelled Parasite and Fungi","floor":21,"turns":6},{"damage":7,"enemies":"Snecko","floor":22,"turns":2}],"seed_played":"5976839343812592104","potions_obtained":[{"floor":1,"key":"Block Potion"},{"floor":3,"key":"LiquidBronze"},{"floor":4,"key":"PowerPotion"},{"floor":5,"key":"PowerPotion"},{"floor":8,"key":"Block Potion"},{"floor":16,"key":"GamblersBrew"},{"floor":18,"key":"LiquidBronze"},{"floor":21,"key":"PowerPotion"}],"is_trial":false,"path_per_floor":["M","?","M","M","M","R","E","M","T","R","$","M","M","?","R","B",null,"M","M","$","M","M"],"character_chosen":"DEFECT","items_purchased":["Apotheosis","Defragment"],"campfire_rested":2,"item_purchase_floors":[11,20],"current_hp_per_floor":[75,68,62,61,54,54,36,30,30,52,52,41,33,33,55,39,75,62,44,44,5,0],"gold":146,"neow_bonus":"ONE_RANDOM_RARE_CARD","is_prod":false,"is_daily":false,"chose_seed":false,"campfire_upgraded":1,"win_rate":0,"timestamp":1553001888,"path_taken":["M","?","M","M","M","R","E","M","T","R","$","M","M","?","R","BOSS","M","M","?","M","M"],"build_version":"2019-01-23","purchased_purges":0,"victory":false,"max_hp_per_floor":[75,75,75,75,75,75,75,75,75,75,75,75,75,75,75,75,75,77,77,77,79,79],"card_choices":[{"not_picked":["Gash","Conserve Battery"],"picked":"Doom and Gloom","floor":1},{"not_picked":["Barrage","Loop"],"picked":"Sweeping Beam","floor":3},{"not_picked":["Recycle","Turbo"],"picked":"Echo Form","floor":4},{"not_picked":["Auto Shields","Leap"],"picked":"Skim","floor":5},{"not_picked":["Doom and Gloom","Leap"],"picked":"Coolheaded","floor":7},{"not_picked":["Redo","Tempest"],"picked":"Gash","floor":8},{"not_picked":["Turbo","Hologram"],"picked":"Ball Lightning","floor":12},{"not_picked":["Compile Driver","Glacier"],"picked":"White Noise","floor":13},{"not_picked":["Amplify","Biased Cognition"],"picked":"Rainbow","floor":16},{"not_picked":["Stack","Sweeping Beam+1","Storm+1"],"picked":"Singing Bowl","floor":18},{"not_picked":["Barrage","Streamline"],"picked":"Genetic Algorithm","floor":19},{"not_picked":["Self Repair","Creative AI","Rebound"],"picked":"Singing Bowl","floor":21}],"player_experience":49871,"relics_obtained":[{"floor":7,"key":"Boot"},{"floor":9,"key":"Singing Bowl"}],"event_choices":[{"cards_removed":["Defend_B"],"damage_healed":0,"gold_gain":0,"player_choice":"Card Removal","damage_taken":7,"max_hp_gain":0,"max_hp_loss":0,"event_name":"Golden Wing","floor":2,"gold_loss":0},{"damage_healed":0,"gold_gain":0,"cards_transformed":["Strike_B"],"player_choice":"Transformed","damage_taken":0,"max_hp_gain":0,"max_hp_loss":0,"event_name":"Transmorgrifier","floor":14,"gold_loss":0,"cards_obtained":["Storm"]}],"is_beta":false,"boss_relics":[{"not_picked":["Fusion Hammer","Nuclear Battery"],"picked":"Inserter"}],"items_purged_floors":[],"is_endless":false,"potions_floor_spawned":[1,3,4,5,8,16,18,21],"killed_by":"Snecko","ascension_level":0}