{"gold_per_floor":[116,116,135,85,85,85,96,128,179,179,194,37,48,68,68,163,163,175,90,104,186,86,121,121,140,167,185,60,60,74,87,87,185,185,202,202],"floor_reached":36,"playtime":1947,"items_purged":["Strike_B","Doom and Gloom","Strike_B"],"score":386,"play_id":"184c4873-a783-4543-8bc6-ba97e5d88ec5","local_time":"20181031175448","is_ascension_mode":false,"campfire_choices":[{"data":"Zap","floor":6,"key":"SMITH"},{"floor":10,"key":"REST"},{"data":"Dualcast","floor":15,"key":"SMITH"},{"floor":24,"key":"REST"},{"floor":32,"key":"REST"}],"neow_cost":"NONE","seed_source_timestamp":53971981779989,"circlet_count":0,"master_deck":["Strike_B+1","Defend_B","Defend_B","Zap+1","Dualcast+1","Compile Driver","Auto Shields","Capacitor","Barrage","Electrodynamics","Consume+1","Gash+1","Hologram+1","Streamline","Machine Learning","Conserve Battery+1","Reboot","Scrape+1","Double Energy+1","Thunder Strike+1","Hologram+1"],"relics":["Cracked Core","Ancient Tea Set","Blood Vial","DataDisk","Nuclear Battery","Ginger","Letter Opener","Bag of Preparation","Whetstone","Astrolabe"],"potions_floor_usage":[7,16,18,25,30,36],"damage_taken":[{"damage":2,"enemies":"2 Louse","floor":1,"turns":3},{"damage":1,"enemies":"Jaw Worm","floor":3,"turns":3},{"damage":1,"enemies":"Cultist","floor":7,"turns":3},{"damage":21,"enemies":"Lagavulin","floor":8,"turns":5},{"damage":11,"enemies":"3 Louse","floor":11,"turns":3},{"damage":0,"enemies":"2 Fungi Beasts","floor":13,"turns":4},{"damage":5,"enemies":"Large Slime","floor":14,"turns":4},{"damage":23,"enemies":"The Guardian","floor":16,"turns":7},{"damage":2,"enemies":"Shell Parasite","floor":18,"turns":4},{"damage":0,"enemies":"Chosen","floor":20,"turns":4},{"damage":34,"enemies":"Book of Stabbing","floor":23,"turns":5},{"damage":0,"enemies":"Centurion and Healer","floor":25,"turns":3},{"damage":19,"enemies":"Shelled Parasite and Fungi","floor":27,"turns":6},{"damage":5,"enemies":"Cultist and Chosen","floor":30,"turns":4},{"damage":10,"enemies":"Centurion and Healer","floor":31,"turns":5},{"damage":7,"enemies":"Automaton","floor":33,"turns":6},{"damage":8,"enemies":"3 Darklings","floor":35,"turns":3},{"damage":89,"enemies":"2 Orb Walkers","floor":36,"turns":4}],"seed_played":"-1947597111018090273","potions_obtained":[{"floor":1,"key":"Swift Potion"},{"floor":8,"key":"GamblersBrew"},{"floor":11,"key":"SkillPotion"},{"floor":16,"key":"Block Potion"},{"floor":20,"key":"AttackPotion"},{"floor":30,"key":"FearPotion"},{"floor":33,"key":"Strength Potion"},{"floor":35,"key":"PowerPotion"}],"is_trial":false,"path_per_floor":["M","?","M","?","?","R","M","E","T","R","M","$","M","M","R","B",null,"M","?","M","T","$","E","R","M","T","M","$","?","M","M","R","B",null,"M"],"character_chosen":"DEFECT","items_purchased":["Capacitor"],"campfire_rested":3,"item_purchase_floors":[12],"current_hp_per_floor":[73,73,72,72,77,77,76,55,55,79,69,69,71,68,68,47,80,78,78,80,80,80,46,70,72,72,55,55,40,37,29,54,49,85,77,0],"gold":202,"neow_bonus":"RANDOM_COMMON_RELIC","is_prod":false,"is_daily":false,"chose_seed":false,"campfire_upgraded":2,"win_rate":0,"timestamp":1540997688,"path_taken":["M","?","M","?","?","R","M","E","T","R","M","$","M","M","R","BOSS","M","?","M","?","$","E","R","M","T","M","$","?","M","M","R","BOSS","M","?"],"build_version":"2018-10-25v2","purchased_purges":3,"victory":false,"max_hp_per_floor":[75,75,75,75,80,80,80,80,80,80,80,80,80,80,80,80,80,80,80,80,80,80,80,80,80,80,80,80,85,85,85,85,85,85,85,85],"card_choices":[{"not_picked":["Recycle","Rebound"],"picked":"Darkness","floor":1},{"not_picked":["Double Energy","Hologram","Barrage"],"picked":"SKIP","floor":3},{"not_picked":["Redo","Rebound"],"picked":"Compile Driver","floor":7},{"not_picked":["Melter","Hello World","Rebound"],"picked":"SKIP","floor":8},{"not_picked":["All For One","Doom and Gloom"],"picked":"Auto Shields","floor":11},{"not_picked":["Tempest","Sweeping Beam"],"picked":"Doom and Gloom","floor":13},{"not_picked":["Stack","Rebound"],"picked":"Barrage","floor":14},{"not_picked":["Multi-Cast","Rainbow"],"picked":"Electrodynamics","floor":16},{"not_picked":["Beam Cell","Redo"],"picked":"Consume+1","floor":18},{"not_picked":["Fusion","Reinforced Body+1"],"picked":"Gash","floor":20},{"not_picked":["Rebound","Leap"],"picked":"Hologram+1","floor":23},{"not_picked":["Chaos","Capacitor"],"picked":"Streamline","floor":25},{"not_picked":["Skim","Doom and Gloom"],"picked":"Machine Learning","floor":27},{"not_picked":["Go for the Eyes","Compile Driver"],"picked":"Conserve Battery+1","floor":30},{"not_picked":["Chill","Streamline","Beam Cell"],"picked":"SKIP","floor":31},{"not_picked":["Amplify","Fission"],"picked":"Reboot","floor":33},{"not_picked":["Compile Driver+1","Melter+1"],"picked":"Hologram+1","floor":35}],"player_experience":243145,"relics_obtained":[{"floor":8,"key":"Blood Vial"},{"floor":9,"key":"DataDisk"},{"floor":21,"key":"Letter Opener"},{"floor":23,"key":"Bag of Preparation"},{"floor":26,"key":"Whetstone"}],"event_choices":[{"damage_healed":0,"gold_gain":0,"player_choice":"Grow","damage_taken":0,"max_hp_gain":0,"max_hp_loss":0,"event_name":"Living Wall","floor":2,"gold_loss":0,"cards_upgraded":["Darkness"]},{"cards_removed":["Strike_B"],"damage_healed":0,"gold_gain":0,"player_choice":"Card Removal","damage_taken":0,"max_hp_gain":0,"max_hp_loss":0,"event_name":"The Cleric","floor":4,"gold_loss":50},{"damage_healed":0,"gold_gain":0,"player_choice":"Donut","damage_taken":0,"max_hp_gain":5,"max_hp_loss":0,"event_name":"Big Fish","floor":5,"gold_loss":0},{"damage_healed":0,"gold_gain":0,"player_choice":"Obtained Relic","damage_taken":0,"relics_obtained":["Ginger"],"max_hp_gain":0,"max_hp_loss":0,"event_name":"Addict","floor":19,"gold_loss":85},{"damage_healed":0,"gold_gain":0,"player_choice":"Shed Blood","damage_taken":20,"max_hp_gain":5,"max_hp_loss":0,"event_name":"Forgotten Altar","floor":29,"gold_loss":0},{"damage_healed":0,"gold_gain":0,"player_choice":"Fight","damage_taken":0,"max_hp_gain":0,"max_hp_loss":0,"event_name":"Mysterious Sphere","floor":36,"gold_loss":0}],"is_beta":false,"boss_relics":[{"not_picked":["Orrery","Philosopher\u0027s Stone"],"picked":"Nuclear Battery"},{"not_picked":["Cursed Key","Calling Bell"],"picked":"Astrolabe"}],"items_purged_floors":[12,22,28],"is_endless":false,"potions_floor_spawned":[1,8,11,16,20,30,33,35],"killed_by":"2 Orb Walkers","ascension_level":0}