{"gold_per_floor":[18,30,50,69,79,79,93,110,134,161,172,11,29,61,61,157,157,177,190,209,209,219,219,248,260,322,334,364,404,416,428,440,551,563,585,597,218,493,512,512,545,557,557,657,34,34,34,67,67,67,67,67,17,46,46],"floor_reached":55,"playtime":4576,"items_purged":["Defend_R","Strike_R","Regret"],"score":1252,"play_id":"1fc578d2-4d0f-412b-a489-5ae612ddad35","local_time":"20190609140817","is_ascension_mode":true,"campfire_choices":[{"data":"Bludgeon","floor":6.0,"key":"SMITH"},{"data":"Bash","floor":15.0,"key":"SMITH"},{"data":"Armaments","floor":23.0,"key":"SMITH"},{"data":"Shockwave","floor":25.0,"key":"SMITH"},{"data":"Shrug It Off","floor":27.0,"key":"SMITH"},{"data":"Heavy Blade","floor":30.0,"key":"SMITH"},{"data":"Shrug It Off","floor":32.0,"key":"SMITH"},{"data":"Feed","floor":40.0,"key":"SMITH"},{"floor":46.0,"key":"RECALL"},{"floor":49,"key":"REST"},{"data":"Impervious","floor":52,"key":"SMITH"}],"neow_cost":"NO_GOLD","seed_source_timestamp":860415404402289,"circlet_count":0,"master_deck":["Strike_R","Strike_R","Strike_R","Defend_R","Defend_R","Defend_R+1","Bash+1","Bludgeon+1","Clash","Shrug It Off+1","Clash","Shrug It Off+1","Shockwave+1","Impervious+1","True Grit+1","Reaper","Demon Form+1","Armaments+1","Iron Wave","Battle Trance+1","Heavy Blade+1","Ghostly","Ghostly","Ghostly","Ghostly","Ghostly","Feed+1","Disarm+1","Madness","Madness","Cleave","Twin Strike+1","Corruption"],"special_seed":0,"relics":["Burning Blood","PreservedInsect","Paper Frog","War Paint","Runic Dome","MawBank","Smiling Mask","Lizard Tail","Brimstone","Strawberry","Blue Candle","Letter Opener","Ginger","Bottled Lightning","Potion Belt","Orichalcum","Champion Belt"],"potions_floor_usage":[48,50,50,50,50],"damage_taken":[{"damage":7.0,"enemies":"Jaw Worm","floor":1.0,"turns":2.0},{"damage":0.0,"enemies":"Cultist","floor":2.0,"turns":2.0},{"damage":4.0,"enemies":"Small Slimes","floor":3.0,"turns":2.0},{"damage":3.0,"enemies":"Blue Slaver","floor":4.0,"turns":3.0},{"damage":0.0,"enemies":"2 Fungi Beasts","floor":5.0,"turns":2.0},{"damage":20.0,"enemies":"Exordium Thugs","floor":7.0,"turns":5.0},{"damage":0.0,"enemies":"Blue Slaver","floor":8.0,"turns":5.0},{"damage":0.0,"enemies":"Lagavulin","floor":10.0,"turns":2.0},{"damage":1.0,"enemies":"2 Fungi Beasts","floor":11.0,"turns":3.0},{"damage":10.0,"enemies":"Exordium Wildlife","floor":13.0,"turns":4.0},{"damage":26.0,"enemies":"3 Sentries","floor":14.0,"turns":8.0},{"damage":10.0,"enemies":"Hexaghost","floor":16.0,"turns":8.0},{"damage":26.0,"enemies":"Shell Parasite","floor":18.0,"turns":6.0},{"damage":11.0,"enemies":"Chosen","floor":19.0,"turns":6.0},{"damage":0.0,"enemies":"Snecko","floor":20.0,"turns":3.0},{"damage":28.0,"enemies":"Chosen and Byrds","floor":22.0,"turns":6.0},{"damage":11.0,"enemies":"Slavers","floor":24.0,"turns":6.0},{"damage":0.0,"enemies":"3 Cultists","floor":28.0,"turns":5.0},{"damage":9.0,"enemies":"Book of Stabbing","floor":29.0,"turns":4.0},{"damage":37.0,"enemies":"Automaton","floor":33.0,"turns":12.0},{"damage":13.0,"enemies":"Orb Walker","floor":35.0,"turns":5.0},{"damage":1.0,"enemies":"3 Darklings","floor":39.0,"turns":5.0},{"damage":2.0,"enemies":"Reptomancer","floor":41.0,"turns":6.0},{"damage":15.0,"enemies":"4 Shapes","floor":42.0,"turns":5.0},{"damage":1.0,"enemies":"Mind Bloom Boss Battle","floor":44.0,"turns":5.0},{"damage":32,"enemies":"Nemesis","floor":48,"turns":7},{"damage":1,"enemies":"Donu and Deca","floor":50,"turns":7},{"damage":67,"enemies":"Shield and Spear","floor":54,"turns":6},{"damage":72,"enemies":"The Heart","floor":55,"turns":8}],"seed_played":"-6387155345830798814","potions_obtained":[{"floor":2.0,"key":"Explosive Potion"},{"floor":5.0,"key":"SteroidPotion"},{"floor":8.0,"key":"EssenceOfSteel"},{"floor":11.0,"key":"EssenceOfSteel"},{"floor":19.0,"key":"Energy Potion"},{"floor":20.0,"key":"Strength Potion"},{"floor":33.0,"key":"Block Potion"},{"floor":39.0,"key":"SpeedPotion"},{"floor":44.0,"key":"Strength Potion"},{"floor":48,"key":"Poison Potion"}],"is_trial":false,"path_per_floor":["M","M","M","M","M","R","M","M","T","E","M","$","M","E","R","B",null,"M","M","M","?","M","R","E","R","T","R","M","E","R","?","R","B",null,"M","?","$","?","M","R","E","M","T","?","$","R","?","E","R","B",null,"R","$","E","B"],"character_chosen":"IRONCLAD","items_purchased":["Impervious","Brimstone","Strawberry","Bottled Lightning","Corruption","Potion Belt","Dexterity Potion","Weak Potion"],"campfire_rested":1,"item_purchase_floors":[12,37,37,45,45,45,45,45],"current_hp_per_floor":[71,77,79,80,80,80,66,72,72,78,80,80,76,56,56,59,75,55,54,60,60,60,60,79,79,79,79,80,80,80,40,40,40,40,40,35,42,42,47,47,47,51,51,51,51,51,51,26,41,46,50,50,50,51,0],"gold":46,"neow_bonus":"THREE_RARE_CARDS","is_prod":false,"is_daily":false,"chose_seed":false,"campfire_upgraded":9,"win_rate":0,"timestamp":1560103697,"path_taken":["M","M","M","M","M","R","M","M","T","E","M","$","M","E","R","BOSS","M","M","M","?","?","R","E","R","T","R","M","E","R","?","R","BOSS","M","?","$","?","?","R","E","M","T","?","$","R","?","E","R","BOSS","R","$","E","BOSS"],"build_version":"2019-01-23","purchased_purges":3,"victory":false,"max_hp_per_floor":[80,80,80,80,80,80,80,80,80,80,80,80,80,80,80,80,80,80,80,80,80,80,80,80,80,80,80,80,80,80,40,40,40,40,40,40,47,47,47,47,47,51,51,51,51,51,51,51,51,51,51,51,51,51,51],"card_choices":[{"not_picked":["Limit Break","Brutality"],"picked":"Bludgeon","floor":0.0},{"not_picked":["Sword Boomerang","Feel No Pain","Thunderclap"],"picked":"SKIP","floor":1.0},{"not_picked":["True Grit","Body Slam"],"picked":"Clash","floor":2.0},{"not_picked":["Brutality","Whirlwind"],"picked":"Shrug It Off","floor":3.0},{"not_picked":["Heavy Blade","Thunderclap"],"picked":"Clash","floor":4.0},{"not_picked":["Dual Wield","Flex"],"picked":"Shrug It Off","floor":5.0},{"not_picked":["Evolve","Corruption","Searing Blow"],"picked":"SKIP","floor":7.0},{"not_picked":["Sword Boomerang","Sentinel","Whirlwind"],"picked":"SKIP","floor":8.0},{"not_picked":["Wild Strike","Heavy Blade","Rampage"],"picked":"SKIP","floor":10.0},{"not_picked":["Heavy Blade","Juggernaut"],"picked":"Shockwave","floor":11.0},{"not_picked":["Cleave","Shockwave"],"picked":"True Grit","floor":13.0},{"not_picked":["Body Slam","Twin Strike"],"picked":"Reaper","floor":14.0},{"not_picked":["Juggernaut","Double Tap"],"picked":"Demon Form","floor":16.0},{"not_picked":["Havoc","Fire Breathing"],"picked":"Armaments","floor":18.0},{"not_picked":["Armaments","Carnage"],"picked":"Iron Wave","floor":19.0},{"not_picked":["Searing Blow","Twin Strike","Perfected Strike"],"picked":"SKIP","floor":20.0},{"not_picked":["Double Tap","Flex"],"picked":"Battle Trance+1","floor":22.0},{"not_picked":["Armaments","Warcry","Iron Wave"],"picked":"SKIP","floor":24.0},{"not_picked":["Pommel Strike","Intimidate+1"],"picked":"Heavy Blade","floor":28.0},{"not_picked":["Thunderclap+1","True Grit","Armaments"],"picked":"SKIP","floor":29.0},{"not_picked":["Bludgeon","Barricade"],"picked":"Feed","floor":33.0},{"not_picked":["Intimidate+1","Thunderclap"],"picked":"Disarm+1","floor":35.0},{"not_picked":["Anger","Wild Strike"],"picked":"Cleave","floor":39.0},{"not_picked":["Warcry","Iron Wave"],"picked":"Twin Strike+1","floor":41.0},{"not_picked":["Intimidate","Flex","Ghostly Armor"],"picked":"SKIP","floor":42.0},{"not_picked":["Intimidate","Searing Blow+1","Shrug It Off"],"picked":"SKIP","floor":48},{"not_picked":["True Grit+1","Whirlwind","Body Slam"],"picked":"SKIP","floor":54}],"player_experience":421015,"relics_obtained":[{"floor":9.0,"key":"PreservedInsect"},{"floor":10.0,"key":"Paper Frog"},{"floor":14.0,"key":"War Paint"},{"floor":24.0,"key":"MawBank"},{"floor":29.0,"key":"Smiling Mask"},{"floor":41.0,"key":"Blue Candle"},{"floor":43.0,"key":"Letter Opener"},{"floor":44.0,"key":"Ginger"},{"floor":48,"key":"Orichalcum"},{"floor":54,"key":"Champion Belt"}],"event_choices":[{"damage_healed":0.0,"max_hp_gain":0.0,"max_hp_loss":0.0,"gold_gain":0.0,"event_name":"Upgrade Shrine","player_choice":"Upgraded","floor":21.0,"gold_loss":0.0,"damage_taken":0.0,"cards_upgraded":["Demon Form"]},{"damage_healed":0.0,"max_hp_gain":0.0,"max_hp_loss":40.0,"gold_gain":0.0,"event_name":"Ghosts","player_choice":"Became a Ghost","floor":31.0,"gold_loss":0.0,"damage_taken":0.0,"cards_obtained":["Ghostly","Ghostly","Ghostly","Ghostly","Ghostly"]},{"damage_healed":0.0,"max_hp_gain":0.0,"max_hp_loss":0.0,"gold_gain":0.0,"event_name":"Winding Halls","player_choice":"Embrace Madness","floor":36.0,"gold_loss":0.0,"damage_taken":5.0,"cards_obtained":["Madness","Madness"]},{"damage_healed":0.0,"max_hp_gain":0.0,"max_hp_loss":0.0,"gold_gain":275.0,"event_name":"Golden Shrine","player_choice":"Desecrate","floor":38.0,"gold_loss":0.0,"damage_taken":0.0,"cards_obtained":["Regret"]},{"damage_healed":0.0,"max_hp_gain":0.0,"max_hp_loss":0.0,"gold_gain":0.0,"event_name":"MindBloom","player_choice":"Fight","floor":44.0,"gold_loss":0.0,"damage_taken":0.0},{"cards_removed":["Strike_R"],"damage_healed":0.0,"max_hp_gain":0.0,"max_hp_loss":0.0,"gold_gain":0.0,"event_name":"Falling","player_choice":"Removed Attack","floor":47.0,"gold_loss":0.0,"damage_taken":0.0}],"is_beta":false,"boss_relics":[{"not_picked":["Velvet Choker","Philosopher\u0027s Stone"],"picked":"Runic Dome"},{"not_picked":["Tiny House","Astrolabe"],"picked":"Lizard Tail"}],"items_purged_floors":[37,45,53],"is_endless":false,"potions_floor_spawned":[2,5,8,11,19,20,33,39,44,48],"killed_by":"The Heart","ascension_level":9}