{"gold_per_floor":[119,194,142,154,154,182,182,55,82,82,47,67,67,96,96,201,201,212,223,173,191,20,20,30,44,44,58,69,86,98,28,28,133,183,194,210,222,267,267,267,301,301],"floor_reached":42,"playtime":2846,"items_purged":["Strike_R","Strike_R"],"score":528,"play_id":"cc16208c-9ded-4930-9a33-5cdd6f048d2d","local_time":"20190420010401","is_ascension_mode":true,"campfire_choices":[{"data":"Battle Trance","floor":13,"key":"SMITH"},{"data":"Uppercut","floor":15,"key":"SMITH"},{"data":"Offering","floor":23,"key":"SMITH"},{"floor":32,"key":"REST"},{"data":"Limit Break","floor":40,"key":"SMITH"}],"neow_cost":"TEN_PERCENT_HP_LOSS","seed_source_timestamp":313794095057492,"circlet_count":0,"master_deck":["Strike_R","Strike_R","Defend_R","Defend_R","Defend_R","Defend_R","Bash","Cleave","True Grit+1","Inflame+1","Anger","Battle Trance+1","Uppercut+1","Offering+1","Disarm+1","Sentinel+1","Metallicize+1","Shockwave","Burning Pact","Armaments+1","Metallicize+1","Limit Break+1","Shrug It Off+1"],"relics":["Burning Blood","Mango","Frozen Egg 2","Bag of Preparation","Letter Opener","Anchor","Black Star","Self Forming Clay","Tiny House","Dead Branch","StoneCalendar","Gremlin Horn"],"potions_floor_usage":[16,19,27,28,29,30,36,41,41,41,41,41],"damage_taken":[{"damage":7,"enemies":"Small Slimes","floor":1,"turns":4},{"damage":1,"enemies":"Jaw Worm","floor":4,"turns":5},{"damage":64,"enemies":"Lagavulin","floor":6,"turns":7},{"damage":8,"enemies":"2 Louse","floor":12,"turns":2},{"damage":2,"enemies":"3 Sentries","floor":14,"turns":6},{"damage":18,"enemies":"Slime Boss","floor":16,"turns":7},{"damage":30,"enemies":"3 Byrds","floor":18,"turns":5},{"damage":18,"enemies":"2 Thieves","floor":19,"turns":3},{"damage":8,"enemies":"Shelled Parasite and Fungi","floor":21,"turns":4},{"damage":18,"enemies":"3 Cultists","floor":24,"turns":3},{"damage":24,"enemies":"Sentry and Sphere","floor":25,"turns":4},{"damage":1,"enemies":"Shelled Parasite and Fungi","floor":27,"turns":7},{"damage":0,"enemies":"Snake Plant","floor":28,"turns":5},{"damage":8,"enemies":"3 Cultists","floor":29,"turns":3},{"damage":10,"enemies":"Snecko","floor":30,"turns":7},{"damage":23,"enemies":"Collector","floor":33,"turns":8},{"damage":18,"enemies":"3 Shapes","floor":35,"turns":6},{"damage":6,"enemies":"3 Darklings","floor":36,"turns":2},{"damage":6,"enemies":"Jaw Worm Horde","floor":37,"turns":2},{"damage":35,"enemies":"2 Orb Walkers","floor":38,"turns":4},{"damage":49,"enemies":"Giant Head","floor":41,"turns":8},{"damage":26,"enemies":"Spire Growth","floor":42,"turns":4}],"seed_played":"-1670866802016872134","potions_obtained":[{"floor":12,"key":"Swift Potion"},{"floor":16,"key":"Dexterity Potion"},{"floor":18,"key":"LiquidBronze"},{"floor":25,"key":"Fire Potion"},{"floor":28,"key":"AttackPotion"},{"floor":29,"key":"Energy Potion"},{"floor":34,"key":"SkillPotion"},{"floor":36,"key":"BloodPotion"},{"floor":38,"key":"EntropicBrew"}],"is_trial":false,"path_per_floor":["M","?","$","M","?","E","?","$","T","T","?","M","R","E","R","B",null,"M","M","?","M","$","R","M","M","T","M","M","M","M","$","R","B",null,"M","M","M","?","?","R","E","M"],"character_chosen":"IRONCLAD","items_purchased":["True Grit","Anger","Metallicize+1","Metallicize+1"],"campfire_rested":1,"item_purchase_floors":[3,8,22,31],"current_hp_per_floor":[85,74,74,79,72,14,14,14,14,14,35,33,33,37,37,25,86,62,50,50,48,48,48,36,18,18,23,29,27,23,23,48,31,91,79,79,79,50,50,50,16,0],"gold":301,"neow_bonus":"ONE_RARE_RELIC","is_prod":false,"is_daily":false,"chose_seed":false,"campfire_upgraded":4,"win_rate":0,"timestamp":1555736641,"path_taken":["M","?","$","M","?","E","?","$","T","?","?","M","R","E","R","BOSS","M","M","?","M","$","R","M","M","T","M","M","M","?","?","R","BOSS","M","M","?","?","?","R","E","M"],"build_version":"2019-01-23","purchased_purges":2,"victory":false,"max_hp_per_floor":[86,86,86,86,86,86,86,86,86,86,86,86,86,86,86,86,86,86,86,86,86,86,86,86,86,86,86,86,86,86,86,86,86,91,91,91,91,91,91,91,91,91],"card_choices":[{"not_picked":["Twin Strike","Hemokinesis"],"picked":"Cleave","floor":1},{"not_picked":["Armaments","Infernal Blade","Dropkick"],"picked":"SKIP","floor":4},{"not_picked":["Second Wind","Thunderclap"],"picked":"Inflame","floor":6},{"not_picked":["Flame Barrier","Iron Wave"],"picked":"Battle Trance","floor":12},{"not_picked":["Battle Trance","Wild Strike"],"picked":"Uppercut","floor":14},{"not_picked":["Immolate","Reaper"],"picked":"Offering","floor":16},{"not_picked":["Thunderclap","Havoc+1"],"picked":"Disarm","floor":18},{"not_picked":["Body Slam","Seeing Red"],"picked":"Sentinel+1","floor":19},{"not_picked":["Wild Strike","Thunderclap"],"picked":"Whirlwind+1","floor":21},{"not_picked":["Armaments","Perfected Strike","Twin Strike"],"picked":"SKIP","floor":24},{"not_picked":["Headbutt","Sword Boomerang"],"picked":"Shockwave","floor":25},{"not_picked":["Armaments","Flex+1"],"picked":"Burning Pact","floor":27},{"not_picked":["Twin Strike","Cleave+1"],"picked":"Armaments+1","floor":28},{"not_picked":["Bloodletting","Infernal Blade+1","Offering"],"picked":"SKIP","floor":29},{"not_picked":["Havoc","Pommel Strike","Flame Barrier"],"picked":"SKIP","floor":30},{"not_picked":["Juggernaut+1","Impervious"],"picked":"Limit Break","floor":33},{"not_picked":["Iron Wave+1","Burning Pact","Sword Boomerang"],"picked":"SKIP","floor":35},{"not_picked":["Immolate","Pommel Strike","Cleave+1"],"picked":"SKIP","floor":36},{"not_picked":["Clothesline+1","True Grit"],"picked":"Shrug It Off+1","floor":37},{"not_picked":["Immolate","Corruption+1","Pummel"],"picked":"SKIP","floor":41}],"player_experience":232637,"relics_obtained":[{"floor":6,"key":"Frozen Egg 2"},{"floor":9,"key":"Bag of Preparation"},{"floor":10,"key":"Letter Opener"},{"floor":14,"key":"Anchor"},{"floor":26,"key":"Self Forming Clay"},{"floor":38,"key":"Dead Branch"},{"floor":41,"key":"StoneCalendar"},{"floor":41,"key":"Gremlin Horn"}],"event_choices":[{"damage_healed":0,"gold_gain":75,"player_choice":"Gather Gold","damage_taken":11,"max_hp_gain":0,"max_hp_loss":0,"event_name":"World of Goop","floor":2,"gold_loss":0},{"cards_removed":["Strike_R"],"damage_healed":0,"gold_gain":0,"player_choice":"Card Removal","damage_taken":7,"max_hp_gain":0,"max_hp_loss":0,"event_name":"Golden Wing","floor":5,"gold_loss":0},{"damage_healed":0,"gold_gain":0,"player_choice":"Grow","damage_taken":0,"max_hp_gain":0,"max_hp_loss":0,"event_name":"Living Wall","floor":7,"gold_loss":0,"cards_upgraded":["True Grit"]},{"damage_healed":21,"gold_gain":0,"player_choice":"Healed","damage_taken":0,"max_hp_gain":0,"max_hp_loss":0,"event_name":"The Cleric","floor":11,"gold_loss":35},{"damage_healed":0,"gold_gain":0,"player_choice":"Bet on Owner","damage_taken":0,"max_hp_gain":0,"max_hp_loss":0,"event_name":"The Joust","floor":20,"gold_loss":50},{"damage_healed":0,"gold_gain":0,"player_choice":"Fight","damage_taken":0,"max_hp_gain":0,"max_hp_loss":0,"event_name":"Mysterious Sphere","floor":38,"gold_loss":0},{"cards_removed":["Whirlwind"],"damage_healed":0,"gold_gain":0,"player_choice":"Removed Attack","damage_taken":0,"max_hp_gain":0,"max_hp_loss":0,"event_name":"Falling","floor":39,"gold_loss":0}],"is_beta":false,"boss_relics":[{"not_picked":["Eternal Feather","Runic Cube"],"picked":"Black Star"},{"not_picked":["Snecko Eye","White Beast Statue"],"picked":"Tiny House"}],"items_purged_floors":[8,22],"is_endless":false,"potions_floor_spawned":[12,16,18,25,28,29,36,38],"killed_by":"Spire Growth","ascension_level":4}