{"gold_per_floor":[109,109,109,122,140,140,156,156,232,232,244,244,255,273,273,345,345,361,88,101,101,111,111,141,141,216,226,245,255,94,111,111,185,185,196,212,33,44,57,57,57,57,57,57,69,69,83,113,113,113],"floor_reached":51,"playtime":1976,"items_purged":["Strike_R","Strike_R"],"score":1147,"play_id":"9063896d-6ccf-47b5-82aa-54697a38bd5b","local_time":"20190428201818","is_ascension_mode":true,"campfire_choices":[{"data":"Whirlwind","floor":6,"key":"SMITH"},{"data":"Uppercut","floor":8,"key":"SMITH"},{"data":"Bash","floor":10,"key":"SMITH"},{"data":"Inflame","floor":12,"key":"SMITH"},{"data":"True Grit","floor":15,"key":"SMITH"},{"data":"Shrug It Off","floor":23,"key":"SMITH"},{"data":"Havoc","floor":25,"key":"SMITH"},{"floor":32,"key":"REST"},{"data":"Demon Form","floor":40,"key":"SMITH"},{"data":"Battle Trance","floor":42,"key":"SMITH"},{"data":"True Grit","floor":44,"key":"SMITH"},{"data":"Feel No Pain","floor":46,"key":"SMITH"},{"floor":49,"key":"REST"}],"neow_cost":"NONE","seed_source_timestamp":643774433754819,"circlet_count":0,"master_deck":["AscendersBane","Defend_R","Defend_R","Defend_R","Defend_R","Bash+1","Headbutt","Whirlwind+1","Uppercut+1","Inflame+1","True Grit+1","Bludgeon+1","Havoc+1","Ghostly Armor","Shrug It Off+1","True Grit+1","Whirlwind+1","Demon Form+1","Battle Trance+1","Impervious","Feel No Pain+1","Armaments","Shrug It Off+1"],"relics":["Burning Blood","NeowsBlessing","Molten Egg 2","Sozu","Lee\u0027s Waffle","Dream Catcher","Sundial","Velvet Choker","Toxic Egg 2","PreservedInsect"],"potions_floor_usage":[14,24,50],"damage_taken":[{"damage":0,"enemies":"Jaw Worm","floor":1,"turns":1},{"damage":0,"enemies":"Small Slimes","floor":4,"turns":1},{"damage":0,"enemies":"Cultist","floor":5,"turns":1},{"damage":12,"enemies":"2 Fungi Beasts","floor":7,"turns":2},{"damage":12,"enemies":"Lots of Slimes","floor":11,"turns":2},{"damage":12,"enemies":"3 Louse","floor":13,"turns":3},{"damage":4,"enemies":"Looter","floor":14,"turns":4},{"damage":63,"enemies":"Hexaghost","floor":16,"turns":11},{"damage":24,"enemies":"Shell Parasite","floor":18,"turns":4},{"damage":18,"enemies":"Spheric Guardian","floor":20,"turns":4},{"damage":27,"enemies":"Centurion and Healer","floor":22,"turns":6},{"damage":38,"enemies":"Gremlin Leader","floor":24,"turns":6},{"damage":7,"enemies":"Cultist and Chosen","floor":27,"turns":4},{"damage":2,"enemies":"Chosen and Byrds","floor":28,"turns":6},{"damage":9,"enemies":"Centurion and Healer","floor":29,"turns":5},{"damage":0,"enemies":"Snecko","floor":31,"turns":3},{"damage":43,"enemies":"Champ","floor":33,"turns":9},{"damage":5,"enemies":"3 Darklings","floor":35,"turns":4},{"damage":29,"enemies":"3 Shapes","floor":36,"turns":2},{"damage":1,"enemies":"Jaw Worm Horde","floor":38,"turns":3},{"damage":26,"enemies":"Sphere and 2 Shapes","floor":39,"turns":6},{"damage":32,"enemies":"4 Shapes","floor":45,"turns":5},{"damage":0,"enemies":"Transient","floor":47,"turns":5},{"damage":35,"enemies":"Reptomancer","floor":48,"turns":5},{"damage":42,"enemies":"Time Eater","floor":50,"turns":9}],"seed_played":"-8346050183863148440","potions_obtained":[{"floor":1,"key":"Explosive Potion"},{"floor":4,"key":"Strength Potion"},{"floor":7,"key":"Regen Potion"},{"floor":14,"key":"FearPotion"}],"is_trial":false,"path_per_floor":["M","?","?","M","M","R","M","R","T","R","M","R","M","M","R","B",null,"M","$","M","?","M","R","E","R","T","M","M","M","$","M","R","B",null,"M","M","$","M","M","R","?","R","T","R","M","R","M","E","R","B",null],"character_chosen":"IRONCLAD","items_purchased":["Lee\u0027s Waffle","Demon Form","Feel No Pain"],"campfire_rested":2,"item_purchase_floors":[19,30,37],"current_hp_per_floor":[74,67,67,73,75,75,69,69,69,69,63,63,57,71,71,14,60,42,82,70,70,49,49,17,17,17,16,20,17,17,23,47,10,64,65,42,42,47,27,27,72,72,72,72,46,46,52,23,44,8],"gold":113,"neow_bonus":"THREE_ENEMY_KILL","is_prod":false,"is_daily":false,"chose_seed":false,"campfire_upgraded":11,"win_rate":0,"timestamp":1556497098,"path_taken":["M","?","?","M","?","R","M","R","T","R","M","R","M","M","R","BOSS","M","$","M","?","M","R","E","R","T","M","M","?","$","M","R","BOSS","M","M","$","M","M","R","?","R","T","R","M","R","M","E","R","BOSS"],"build_version":"2019-01-23","purchased_purges":2,"victory":true,"max_hp_per_floor":[75,75,75,75,75,75,75,75,75,75,75,75,75,75,75,75,75,75,82,82,82,82,82,82,82,82,82,82,82,82,82,82,82,82,82,82,82,82,82,82,72,72,72,72,72,72,72,72,72,72],"card_choices":[{"not_picked":["Burning Pact","Flex","Body Slam"],"picked":"SKIP","floor":1},{"not_picked":["Sentinel","Anger"],"picked":"Headbutt","floor":4},{"not_picked":["Flame Barrier","Clothesline"],"picked":"Whirlwind","floor":5},{"not_picked":["Evolve","Burning Pact"],"picked":"Uppercut","floor":7},{"not_picked":["Second Wind","Iron Wave+1"],"picked":"Inflame","floor":11},{"not_picked":["Evolve","Infernal Blade","Flex"],"picked":"SKIP","floor":13},{"not_picked":["Havoc","Corruption"],"picked":"True Grit","floor":14},{"not_picked":["Brutality","Dark Embrace"],"picked":"Bludgeon+1","floor":16},{"not_picked":["Heavy Blade+1","Perfected Strike+1"],"picked":"Havoc","floor":18},{"not_picked":["Anger+1","Power Through","Sentinel"],"picked":"SKIP","floor":20},{"not_picked":["Disarm+1","Flex"],"picked":"Shrug It Off","floor":22},{"not_picked":["Perfected Strike+1","Burning Pact","Corruption"],"picked":"SKIP","floor":24},{"not_picked":["Heavy Blade+1","Burning Pact","Cleave+1"],"picked":"SKIP","floor":27},{"not_picked":["Anger+1","Wild Strike+1"],"picked":"True Grit","floor":28},{"not_picked":["Clothesline+1","Body Slam+1"],"picked":"Whirlwind+1","floor":29},{"not_picked":["Dark Embrace","Heavy Blade+1","Clash+1"],"picked":"SKIP","floor":31},{"not_picked":["Headbutt+1","Intimidate"],"picked":"Battle Trance","floor":32},{"not_picked":["Fiend Fire+1","Feed+1"],"picked":"Impervious","floor":33},{"not_picked":["Searing Blow+1","Headbutt+1","Corruption"],"picked":"SKIP","floor":35},{"not_picked":["Iron Wave+1","Bloodletting+1","Warcry+1"],"picked":"SKIP","floor":36},{"not_picked":["Flex","Thunderclap+1","Burning Pact+1"],"picked":"SKIP","floor":38},{"not_picked":["Heavy Blade+1","Cleave+1"],"picked":"Armaments","floor":39},{"not_picked":["Exhume+1","Cleave+1","Burning Pact+1"],"picked":"SKIP","floor":45},{"not_picked":["Uppercut+1","Twin Strike+1","Body Slam+1"],"picked":"SKIP","floor":47},{"not_picked":["Pommel Strike+1","Brutality","Anger+1"],"picked":"SKIP","floor":48},{"not_picked":["Twin Strike+1","Anger+1"],"picked":"Shrug It Off+1","floor":49}],"player_experience":338142,"relics_obtained":[{"floor":9,"key":"Molten Egg 2"},{"floor":24,"key":"Dream Catcher"},{"floor":26,"key":"Sundial"},{"floor":43,"key":"Toxic Egg 2"},{"floor":48,"key":"PreservedInsect"}],"event_choices":[{"cards_removed":["Strike_R"],"damage_healed":0,"gold_gain":0,"player_choice":"Card Removal","damage_taken":7,"max_hp_gain":0,"max_hp_loss":0,"event_name":"Golden Wing","floor":2,"gold_loss":0},{"cards_removed":["Strike_R"],"damage_healed":0,"gold_gain":0,"player_choice":"Offered Basic","damage_taken":0,"max_hp_gain":0,"max_hp_loss":0,"event_name":"Bonfire Elementals","floor":3,"gold_loss":0},{"damage_healed":0,"gold_gain":0,"cards_transformed":["Strike_R"],"player_choice":"Transformed","damage_taken":0,"max_hp_gain":0,"max_hp_loss":0,"event_name":"Transmorgrifier","floor":21,"gold_loss":0,"cards_obtained":["Ghostly Armor"]},{"damage_healed":72,"gold_gain":0,"player_choice":"Heal","damage_taken":0,"max_hp_gain":0,"max_hp_loss":10,"event_name":"The Moai Head","floor":41,"gold_loss":0}],"is_beta":false,"boss_relics":[{"not_picked":["Pandora\u0027s Box","Eternal Feather"],"picked":"Sozu"},{"not_picked":["Orrery","Snecko Eye"],"picked":"Velvet Choker"}],"items_purged_floors":[19,37],"is_endless":false,"potions_floor_spawned":[1,4,7,14,20,24,27,28,33,35,38,48],"ascension_level":14}