{"gold_per_floor":[119,133,133,133,98,98,111,127,179,199,199,219,219,254,254,254],"floor_reached":16,"playtime":596,"items_purged":[],"score":199,"play_id":"792d93bb-8a14-4fee-9cb9-12a8bee24ce8","local_time":"20190531080902","is_ascension_mode":true,"campfire_choices":[{"data":"Neutralize","floor":6,"key":"SMITH"},{"data":"Bouncing Flask","floor":13,"key":"SMITH"},{"data":"Dodge and Roll","floor":15,"key":"SMITH"}],"neow_cost":"NONE","seed_source_timestamp":1710078616589204,"circlet_count":0,"master_deck":["AscendersBane","Defend_G","Defend_G","Defend_G","Defend_G","Defend_G","Strike_G","Strike_G","Strike_G","Strike_G","Survivor","Neutralize+1","Dagger Throw","Backflip","Dodge and Roll+1","Bouncing Flask+1","Poisoned Stab"],"relics":["Ring of the Snake","Pen Nib","Oddly Smooth Stone","Omamori","Letter Opener"],"potions_floor_usage":[10,10],"damage_taken":[{"damage":12,"enemies":"Small Slimes","floor":1,"turns":4},{"damage":0,"enemies":"2 Louse","floor":2,"turns":4},{"damage":0,"enemies":"Jaw Worm","floor":7,"turns":3},{"damage":0,"enemies":"2 Fungi Beasts","floor":8,"turns":4},{"damage":2,"enemies":"Large Slime","floor":10,"turns":6},{"damage":2,"enemies":"Blue Slaver","floor":12,"turns":5},{"damage":10,"enemies":"3 Sentries","floor":14,"turns":11},{"damage":37,"enemies":"Slime Boss","floor":16,"turns":6}],"seed_played":"6432941451764228355","potions_obtained":[{"floor":1,"key":"Poison Potion"},{"floor":7,"key":"Poison Potion"},{"floor":8,"key":"Fire Potion"},{"floor":10,"key":"Explosive Potion"}],"is_trial":false,"path_per_floor":["M","M","?","?","?","R","M","M","T","M","?","M","R","E","R","B"],"character_chosen":"THE_SILENT","items_purchased":[],"campfire_rested":0,"item_purchase_floors":[],"current_hp_per_floor":[47,47,36,41,58,58,58,58,58,56,49,47,47,37,37,0],"gold":254,"neow_bonus":"RANDOM_COMMON_RELIC","is_prod":false,"is_daily":false,"chose_seed":false,"campfire_upgraded":3,"win_rate":0,"timestamp":1559304542,"path_taken":["M","M","?","?","?","R","?","M","T","M","?","M","R","E","R","BOSS"],"build_version":"2019-01-23","purchased_purges":0,"victory":false,"max_hp_per_floor":[66,66,66,71,71,71,71,71,71,71,71,71,71,71,71,71],"card_choices":[{"not_picked":["Expertise","Blade Dance"],"picked":"Dagger Throw","floor":1},{"not_picked":["Eviscerate","Choke"],"picked":"Backflip","floor":2},{"not_picked":["Dagger Spray","Sucker Punch"],"picked":"Dodge and Roll","floor":7},{"not_picked":["Reflex","Endless Agony"],"picked":"Bouncing Flask","floor":8},{"not_picked":["Sucker Punch","Outmaneuver","Underhanded Strike"],"picked":"SKIP","floor":10},{"not_picked":["Dagger Throw","Sucker Punch"],"picked":"Poisoned Stab","floor":12},{"not_picked":["Prepared","Predator","Heel Hook"],"picked":"SKIP","floor":14}],"player_experience":523329,"relics_obtained":[{"floor":9,"key":"Omamori"},{"floor":14,"key":"Letter Opener"}],"event_choices":[{"damage_healed":0,"gold_gain":0,"player_choice":"Success","damage_taken":11,"relics_obtained":["Oddly Smooth Stone"],"max_hp_gain":0,"max_hp_loss":0,"event_name":"Scrap Ooze","floor":3,"gold_loss":0},{"damage_healed":0,"gold_gain":0,"player_choice":"Donut","damage_taken":0,"max_hp_gain":5,"max_hp_loss":0,"event_name":"Big Fish","floor":4,"gold_loss":0},{"damage_healed":17,"gold_gain":0,"player_choice":"Healed","damage_taken":0,"max_hp_gain":0,"max_hp_loss":0,"event_name":"The Cleric","floor":5,"gold_loss":35},{"cards_removed":["Strike_G"],"damage_healed":0,"gold_gain":0,"player_choice":"Card Removal","damage_taken":7,"max_hp_gain":0,"max_hp_loss":0,"event_name":"Golden Wing","floor":11,"gold_loss":0}],"is_beta":false,"boss_relics":[],"items_purged_floors":[],"is_endless":false,"potions_floor_spawned":[1,7,8,10],"killed_by":"Slime Boss","ascension_level":19}