{"gold_per_floor":[14,30,42,42,52,83,93,93,93,110,110,137,153,118,118,217,217,217,217,24,24,24,24,24,24,24,24,24,24,24,24,24,24,24,24,24,24,24,24],"floor_reached":39,"playtime":2349,"items_purged":[],"score":395,"play_id":"a3b3dd39-4cdd-4d27-9a21-cc2918551059","local_time":"20190317172147","is_ascension_mode":false,"campfire_choices":[{"data":"Armaments","floor":8.0,"key":"SMITH"},{"data":"Infernal Blade","floor":15.0,"key":"SMITH"},{"data":"Magnetism","floor":23.0,"key":"SMITH"},{"data":"Pommel Strike","floor":25.0,"key":"SMITH"},{"data":"Warcry","floor":27.0,"key":"SMITH"},{"data":"Anger","floor":29.0,"key":"SMITH"},{"floor":32,"key":"REST"}],"neow_cost":"NO_GOLD","seed_source_timestamp":0,"circlet_count":0,"master_deck":["Strike_R","Strike_R","Strike_R","Strike_R","Strike_R","Defend_R","Defend_R+1","Defend_R+1","Defend_R","Bash","Cleave","Pummel+1","Thunderclap","Shrug It Off","Armaments+1","Anger+1","Warcry+1","Infernal Blade+1","Demon Form","Uppercut","Armaments+1","Magnetism+1","Pommel Strike+1","Pommel Strike","Warcry","Reaper","Heavy Blade+1","Thunderclap","Bandage Up","Headbutt+1"],"special_seed":0,"relics":["Burning Blood","StoneCalendar","PreservedInsect","War Paint","GremlinMask","Bag of Preparation","Ectoplasm","Nilry\u0027s Codex","MawBank","Fusion Hammer"],"potions_floor_usage":[33,33,39],"damage_taken":[{"damage":3.0,"enemies":"Small Slimes","floor":1.0,"turns":3.0},{"damage":6.0,"enemies":"Cultist","floor":2.0,"turns":3.0},{"damage":1.0,"enemies":"Jaw Worm","floor":3.0,"turns":3.0},{"damage":10.0,"enemies":"Looter","floor":5.0,"turns":3.0},{"damage":15.0,"enemies":"Lagavulin","floor":6.0,"turns":7.0},{"damage":12.0,"enemies":"Blue Slaver","floor":7.0,"turns":3.0},{"damage":5.0,"enemies":"3 Louse","floor":10.0,"turns":4.0},{"damage":27.0,"enemies":"Gremlin Nob","floor":12.0,"turns":4.0},{"damage":16.0,"enemies":"Exordium Thugs","floor":13.0,"turns":4.0},{"damage":27.0,"enemies":"Hexaghost","floor":16.0,"turns":8.0},{"damage":0.0,"enemies":"3 Byrds","floor":18.0,"turns":5.0},{"damage":2.0,"enemies":"Chosen","floor":19.0,"turns":3.0},{"damage":12.0,"enemies":"Snake Plant","floor":24.0,"turns":5.0},{"damage":39.0,"enemies":"Shelled Parasite and Fungi","floor":30.0,"turns":5.0},{"damage":16,"enemies":"Chosen and Byrds","floor":31,"turns":5},{"damage":15,"enemies":"Collector","floor":33,"turns":7},{"damage":19,"enemies":"3 Darklings","floor":35,"turns":4},{"damage":59,"enemies":"3 Shapes","floor":36,"turns":6},{"damage":36,"enemies":"Writhing Mass","floor":38,"turns":7},{"damage":34,"enemies":"Jaw Worm Horde","floor":39,"turns":2}],"seed_played":"7316040815058991988","potions_obtained":[{"floor":3.0,"key":"PowerPotion"},{"floor":5.0,"key":"Fire Potion"},{"floor":7.0,"key":"FearPotion"},{"floor":12.0,"key":"AttackPotion"},{"floor":16.0,"key":"Poison Potion"},{"floor":18.0,"key":"Strength Potion"},{"floor":24.0,"key":"AttackPotion"}],"is_trial":false,"path_per_floor":["M","M","M","?","M","E","M","R","T","M","?","E","M","?","R","B",null,"M","M","$","?","?","R","M","R","T","R","?","R","M","M","R","B",null,"M","M","?","M","M"],"character_chosen":"IRONCLAD","items_purchased":["Magnetism"],"campfire_rested":1,"item_purchase_floors":[20],"current_hp_per_floor":[80,80,80,80,76,67,61,61,61,62,62,41,31,51,51,30,80,80,80,80,64,49,49,43,43,43,43,85,85,52,42,67,58,85,85,44,44,27,0],"gold":24,"neow_bonus":"ONE_RARE_RELIC","is_prod":false,"is_daily":false,"chose_seed":false,"campfire_upgraded":6,"win_rate":0.0,"timestamp":1552857707,"path_taken":["M","M","M","?","M","E","M","R","T","M","?","E","?","?","R","BOSS","M","M","$","?","?","R","M","R","T","R","?","R","M","M","R","BOSS","M","M","?","M","M"],"build_version":"2019-01-23","purchased_purges":0,"victory":false,"max_hp_per_floor":[80,80,80,80,80,80,80,80,80,80,80,80,80,80,80,80,80,80,80,80,80,85,85,85,85,85,85,85,85,85,85,85,85,85,85,85,85,85,85],"card_choices":[{"not_picked":["Heavy Blade","Shockwave"],"picked":"Cleave","floor":1.0},{"not_picked":["Clash","Perfected Strike"],"picked":"Pummel","floor":2.0},{"not_picked":["Wild Strike","Dark Embrace"],"picked":"Thunderclap","floor":3.0},{"not_picked":["Rupture","Thunderclap"],"picked":"Shrug It Off","floor":5.0},{"not_picked":["Havoc","Corruption","Entrench"],"picked":"SKIP","floor":6.0},{"not_picked":["Wild Strike","Disarm"],"picked":"Armaments","floor":7.0},{"not_picked":["Blood for Blood","Entrench"],"picked":"Anger","floor":10.0},{"not_picked":["Reckless Charge","Flex"],"picked":"Warcry","floor":12.0},{"not_picked":["Entrench","Flex"],"picked":"Infernal Blade","floor":13.0},{"not_picked":["Barricade","Offering"],"picked":"Demon Form","floor":16.0},{"not_picked":["Feel No Pain+1","Body Slam"],"picked":"Uppercut","floor":18.0},{"not_picked":["Clothesline","Seeing Red"],"picked":"Armaments+1","floor":19.0},{"not_picked":["Rupture","Blood for Blood"],"picked":"Pommel Strike","floor":24.0},{"not_picked":["Dropkick","Anger"],"picked":"Pommel Strike","floor":30},{"not_picked":["Twin Strike","Ghostly Armor"],"picked":"Warcry","floor":31},{"not_picked":["Impervious","Demon Form"],"picked":"Reaper","floor":33},{"not_picked":["Seeing Red","Perfected Strike"],"picked":"Heavy Blade+1","floor":35},{"not_picked":["Headbutt","Sword Boomerang"],"picked":"Thunderclap","floor":36},{"not_picked":["Sadistic Nature","Good Instincts"],"picked":"Bandage Up","floor":37},{"not_picked":["Twin Strike+1","Perfected Strike+1"],"picked":"Headbutt+1","floor":38}],"player_experience":37708,"relics_obtained":[{"floor":6.0,"key":"PreservedInsect"},{"floor":9.0,"key":"War Paint"},{"floor":12.0,"key":"Bag of Preparation"},{"floor":21.0,"key":"Nilry\u0027s Codex"},{"floor":26.0,"key":"MawBank"}],"event_choices":[{"damage_healed":0.0,"max_hp_gain":0.0,"max_hp_loss":0.0,"gold_gain":0.0,"event_name":"Living Wall","player_choice":"Grow","floor":4.0,"gold_loss":0.0,"damage_taken":0.0,"cards_upgraded":["Pummel"]},{"damage_healed":0.0,"max_hp_gain":0.0,"max_hp_loss":0.0,"gold_gain":0.0,"event_name":"FaceTrader","player_choice":"Trade","floor":11.0,"gold_loss":0.0,"damage_taken":0.0,"relics_obtained":["GremlinMask"]},{"damage_healed":20.0,"max_hp_gain":0.0,"max_hp_loss":0.0,"gold_gain":0.0,"event_name":"The Cleric","player_choice":"Healed","floor":14.0,"gold_loss":35.0,"damage_taken":0.0},{"damage_healed":0.0,"max_hp_gain":0.0,"max_hp_loss":0.0,"gold_gain":0.0,"event_name":"Cursed Tome","player_choice":"Obtained Book","floor":21.0,"gold_loss":0.0,"damage_taken":16.0},{"damage_healed":0.0,"max_hp_gain":5.0,"max_hp_loss":0.0,"gold_gain":0.0,"event_name":"Forgotten Altar","player_choice":"Shed Blood","floor":22.0,"gold_loss":0.0,"damage_taken":20.0},{"damage_healed":42.0,"max_hp_gain":0.0,"max_hp_loss":0.0,"gold_gain":0.0,"event_name":"Wheel of Change","player_choice":"Full Heal","floor":28.0,"gold_loss":0.0,"damage_taken":0.0},{"damage_healed":0,"gold_gain":0,"player_choice":"Memory 1","damage_taken":0,"max_hp_gain":0,"max_hp_loss":0,"event_name":"SensoryStone","floor":37,"gold_loss":0}],"is_beta":false,"boss_relics":[{"not_picked":["Orrery","Velvet Choker"],"picked":"Ectoplasm"},{"not_picked":["Sozu","Astrolabe"],"picked":"Fusion Hammer"}],"items_purged_floors":[],"is_endless":false,"potions_floor_spawned":[3,5,7,12,16,18,19,24],"killed_by":"Jaw Worm Horde","ascension_level":0}