{"gold_per_floor":[116,136,147,38,38,70,20,35,115,147,158,158,40,52,52,147,147,162,82,82,131,149,149,177,189,225,270,282,310,341,366,378,492,504,530,349,366,71,71,96,96,122,149,149,149,163,163,163,163,163],"floor_reached":51,"playtime":4539,"items_purged":["Defend_G","Regret","Strike_G","Strike_G","Regret","Doubt"],"score":848,"play_id":"77dfb1dd-49d5-41c6-9f2e-745f1752b82f","local_time":"20181013190659","is_ascension_mode":true,"campfire_choices":[{"floor":12,"key":"REST"},{"data":"1","floor":15,"key":"LIFT"},{"data":"2","floor":23,"key":"LIFT"},{"floor":25,"key":"REST"},{"floor":32,"key":"REST"},{"floor":41,"key":"REST"},{"floor":44,"key":"REST"},{"data":"3","floor":49,"key":"LIFT"}],"neow_cost":"NONE","seed_source_timestamp":142177213716904,"circlet_count":0,"master_deck":["Defend_G","Defend_G","Defend_G","Defend_G","Strike_G","Strike_G","Strike_G","Survivor","Neutralize","PiercingWail","Backflip","Accuracy","Infinite Blades","Malaise","Footwork","Cloak And Dagger","Leg Sweep","Backflip","Venomology","Cloak And Dagger","Escape Plan","Dagger Throw","Noxious Fumes+1","Accuracy","Adrenaline","Prepared","Cloak And Dagger","Backflip+1","Die Die Die+1","Infinite Blades","Noxious Fumes","Infinite Blades","Madness","Dark Shackles","Discovery","Terror","Cloak And Dagger+1","Doubt","Flying Knee+1"],"relics":["WristBlade","Girya","Smiling Mask","The Courier","Omamori","Orrery","Enchiridion","Ancient Tea Set","MawBank","Lantern","Molten Egg 2","Calling Bell","Strawberry","Paper Crane","The Specimen","Juzu Bracelet","Anchor","Frozen Egg 2","Vajra","Bag of Marbles","Pear","Sundial"],"potions_floor_usage":[6,16,16,22,22,24,24,29,30,31,31,35,35,40,40,42,42,50,50,50],"damage_taken":[{"damage":0,"enemies":"Cultist","floor":1,"turns":3},{"damage":4,"enemies":"Small Slimes","floor":2,"turns":4},{"damage":0,"enemies":"Jaw Worm","floor":3,"turns":5},{"damage":26,"enemies":"3 Sentries","floor":6,"turns":6},{"damage":7,"enemies":"Blue Slaver","floor":8,"turns":5},{"damage":18,"enemies":"Lagavulin","floor":10,"turns":8},{"damage":9,"enemies":"Lots of Slimes","floor":11,"turns":6},{"damage":5,"enemies":"Looter","floor":14,"turns":3},{"damage":11,"enemies":"Slime Boss","floor":16,"turns":13},{"damage":8,"enemies":"3 Byrds","floor":18,"turns":6},{"damage":9,"enemies":"Spheric Guardian","floor":22,"turns":5},{"damage":25,"enemies":"Slavers","floor":24,"turns":6},{"damage":3,"enemies":"Book of Stabbing","floor":27,"turns":7},{"damage":0,"enemies":"Snake Plant","floor":29,"turns":5},{"damage":4,"enemies":"Centurion and Healer","floor":30,"turns":5},{"damage":6,"enemies":"Sentry and Sphere","floor":31,"turns":7},{"damage":20,"enemies":"Automaton","floor":33,"turns":11},{"damage":9,"enemies":"3 Darklings","floor":35,"turns":6},{"damage":0,"enemies":"Orb Walker","floor":37,"turns":4},{"damage":42,"enemies":"2 Orb Walkers","floor":40,"turns":7},{"damage":33,"enemies":"Nemesis","floor":42,"turns":7},{"damage":0,"enemies":"Maw","floor":46,"turns":8},{"damage":64,"enemies":"Time Eater","floor":50,"turns":12}],"seed_played":"889245347778664192","potions_obtained":[{"floor":2,"key":"Explosive Potion"},{"floor":10,"key":"Strength Potion"},{"floor":14,"key":"SkillPotion"},{"floor":18,"key":"FearPotion"},{"floor":27,"key":"GhostInAJar"},{"floor":29,"key":"FearPotion"},{"floor":40,"key":"Explosive Potion"}],"is_trial":false,"path_per_floor":["M","M","M","$","?","E","$","M","T","E","M","R","$","M","R","B",null,"M","$","?","T","M","R","E","R","T","E","?","M","M","M","R","B",null,"M","$","M","$","?","E","R","E","T","R","?","M","T","T","R","B"],"character_chosen":"THE_SILENT","items_purchased":["Infinite Blades","Cloak And Dagger","Leg Sweep","Accuracy","Infinite Blades","Juzu Bracelet","Noxious Fumes","Infinite Blades","Anchor"],"campfire_rested":5,"item_purchase_floors":[4,13,13,19,36,36,38,38,38],"current_hp_per_floor":[70,66,66,66,66,40,40,33,33,15,6,27,27,22,22,11,70,62,62,46,46,37,37,12,33,33,30,30,30,26,20,41,21,77,68,68,68,68,58,16,39,6,6,29,77,77,87,87,87,23],"gold":163,"neow_bonus":"BOSS_RELIC","is_prod":false,"is_daily":false,"chose_seed":false,"campfire_upgraded":0,"win_rate":0,"timestamp":1539472019,"path_taken":["M","M","M","?","?","E","$","M","T","E","?","R","$","M","R","BOSS","M","$","?","?","M","R","E","R","T","E","?","M","?","M","R","BOSS","M","$","M","$","?","E","R","E","T","R","?","M","?","?","R","BOSS"],"build_version":"2018-10-11","purchased_purges":6,"victory":true,"max_hp_per_floor":[70,70,70,70,70,70,70,70,70,70,70,70,70,70,70,70,70,70,70,70,70,70,70,70,70,70,70,70,70,70,70,70,70,77,77,77,77,77,77,77,77,77,77,77,77,77,87,87,87,87],"card_choices":[{"not_picked":["Slice","Well Laid Plans"],"picked":"PiercingWail","floor":1},{"not_picked":["Bouncing Flask","All Out Attack"],"picked":"Backflip","floor":2},{"not_picked":["Setup","Sucker Punch"],"picked":"Accuracy","floor":3},{"not_picked":["Outmaneuver","Slice"],"picked":"Malaise","floor":6},{"not_picked":["Masterful Stab","Riddle With Holes","Sucker Punch"],"picked":"SKIP","floor":8},{"not_picked":["Deadly Poison","Underhanded Strike"],"picked":"Footwork","floor":10},{"not_picked":["Concentrate","Underhanded Strike","Bane"],"picked":"SKIP","floor":11},{"not_picked":["Acrobatics","Dagger Spray"],"picked":"Backflip","floor":14},{"not_picked":["Burst","Phantasmal Killer"],"picked":"Venomology","floor":16},{"not_picked":["Deadly Poison","PiercingWail"],"picked":"Cloak And Dagger","floor":17},{"not_picked":["Backflip","Riddle With Holes"],"picked":"Escape Plan","floor":17},{"not_picked":["Slice","Sucker Punch"],"picked":"Dagger Throw","floor":17},{"not_picked":["Finisher","Bane"],"picked":"Noxious Fumes+1","floor":18},{"not_picked":["Crippling Poison","Dagger Throw+1"],"picked":"Adrenaline","floor":22},{"not_picked":["Skewer","Bouncing Flask"],"picked":"Prepared","floor":24},{"not_picked":["Bane","Deadly Poison+1","Heel Hook"],"picked":"SKIP","floor":27},{"not_picked":["Acrobatics","Setup+1"],"picked":"Cloak And Dagger","floor":29},{"not_picked":["Grand Finale+1","Calculated Gamble"],"picked":"Backflip+1","floor":30},{"not_picked":["Dagger Spray+1","Backflip","Outmaneuver"],"picked":"SKIP","floor":31},{"not_picked":["Grand Finale+1","Bullet Time"],"picked":"Die Die Die+1","floor":33},{"not_picked":["Distraction","Tactician+1","Deflect"],"picked":"SKIP","floor":35},{"not_picked":["Tactician+1","Setup","Outmaneuver+1"],"picked":"SKIP","floor":37},{"not_picked":["Mind Blast+1","Dramatic Entrance+1"],"picked":"Madness","floor":39},{"not_picked":["Finesse","Chrysalis"],"picked":"Dark Shackles","floor":39},{"not_picked":["Transmutation","Blind"],"picked":"Discovery","floor":39},{"not_picked":["Deadly Poison","Sucker Punch+1"],"picked":"Terror","floor":40},{"not_picked":["Heel Hook+1","Outmaneuver+1"],"picked":"Cloak And Dagger+1","floor":42},{"not_picked":["Skewer+1","Concentrate"],"picked":"Flying Knee+1","floor":46}],"player_experience":162090,"relics_obtained":[{"floor":6,"key":"Smiling Mask"},{"floor":9,"key":"The Courier"},{"floor":10,"key":"Omamori"},{"floor":20,"key":"Enchiridion"},{"floor":21,"key":"Ancient Tea Set"},{"floor":24,"key":"MawBank"},{"floor":26,"key":"Lantern"},{"floor":27,"key":"Molten Egg 2"},{"floor":34,"key":"Strawberry"},{"floor":34,"key":"Paper Crane"},{"floor":34,"key":"The Specimen"},{"floor":40,"key":"Frozen Egg 2"},{"floor":42,"key":"Vajra"},{"floor":43,"key":"Bag of Marbles"},{"floor":47,"key":"Pear"},{"floor":48,"key":"Sundial"}],"event_choices":[{"event_name":"Big Fish","player_choice":"Box","floor":5,"damage_taken":0},{"event_name":"Cursed Tome","player_choice":"Obtained Book","floor":20,"damage_taken":0},{"event_name":"Forgotten Altar","player_choice":"Smashed Altar","floor":28,"damage_taken":0},{"event_name":"SensoryStone","player_choice":"Memory 3","floor":39,"damage_taken":0},{"event_name":"MindBloom","player_choice":"Heal","floor":45,"damage_taken":0}],"is_beta":false,"boss_relics":[{"not_picked":["Tiny House","Runic Dome"],"picked":"Orrery"},{"not_picked":["HoveringKite","Snecko Eye"],"picked":"Calling Bell"}],"items_purged_floors":[4,7,13,19,36,38],"is_endless":false,"potions_floor_spawned":[2,10,14,18,27,29,40],"ascension_level":2}