{"gold_per_floor":[116,131,147,147,197,197,122,138,212,182,210,220,234,252,252,327,327,339,83,83,93,93,106,6,6,6,6,26,26,26,26,26,97,97,113,213,88,101,112,112,132,132,159,159,177,227,238,238,238,238],"floor_reached":51,"playtime":2420,"items_purged":["Strike_R","Strike_R","Strike_R"],"score":1098,"play_id":"993fa247-3117-4bf9-a3a4-7d8ab82272e9","local_time":"20190429223531","is_ascension_mode":true,"campfire_choices":[{"data":"Shrug It Off","floor":6.0,"key":"SMITH"},{"data":"Disarm","floor":15.0,"key":"SMITH"},{"data":"Apotheosis","floor":25,"key":"SMITH"},{"floor":27,"key":"REST"},{"floor":32,"key":"REST"},{"floor":40,"key":"REST"},{"data":"Demon Form","floor":42,"key":"SMITH"},{"data":"Clothesline","floor":44,"key":"SMITH"},{"floor":49,"key":"REST"}],"neow_cost":"NONE","seed_source_timestamp":0,"circlet_count":0,"master_deck":["AscendersBane","Strike_R","Defend_R","Defend_R","Defend_R","Defend_R","Bash","Shrug It Off","Shrug It Off+1","Disarm+1","Anger","Metallicize","Clothesline+1","Shrug It Off","Demon Form+1","Battle Trance","Apotheosis+1","Disarm","Inflame+1","True Grit","Whirlwind","Necronomicurse","Thunderclap","Bludgeon","Parasite","Intimidate"],"special_seed":0,"relics":["Burning Blood","Pear","Red Skull","Philosopher\u0027s Stone","Nunchaku","Necronomicon","Lizard Tail","Du-Vu Doll","Boot"],"potions_floor_usage":[21,33,35,39,39,45,50],"damage_taken":[{"damage":0.0,"enemies":"Jaw Worm","floor":1.0,"turns":5.0},{"damage":11.0,"enemies":"Cultist","floor":2.0,"turns":4.0},{"damage":8.0,"enemies":"Small Slimes","floor":3.0,"turns":5.0},{"damage":6.0,"enemies":"Blue Slaver","floor":8.0,"turns":9.0},{"damage":1.0,"enemies":"Looter","floor":10.0,"turns":4.0},{"damage":42.0,"enemies":"3 Sentries","floor":11.0,"turns":11.0},{"damage":14.0,"enemies":"Exordium Thugs","floor":12.0,"turns":4.0},{"damage":0.0,"enemies":"Gremlin Gang","floor":13.0,"turns":6.0},{"damage":3.0,"enemies":"Looter","floor":14.0,"turns":4.0},{"damage":11.0,"enemies":"Hexaghost","floor":16.0,"turns":12.0},{"damage":11.0,"enemies":"Shell Parasite","floor":18.0,"turns":5.0},{"damage":30,"enemies":"3 Byrds","floor":21,"turns":6},{"damage":14,"enemies":"Sentry and Sphere","floor":23,"turns":6},{"damage":11,"enemies":"Centurion and Healer","floor":28,"turns":6},{"damage":56,"enemies":"Automaton","floor":33,"turns":7},{"damage":41,"enemies":"3 Shapes","floor":35,"turns":3},{"damage":0,"enemies":"Mind Bloom Boss Battle","floor":36,"turns":2},{"damage":0,"enemies":"3 Darklings","floor":38,"turns":1},{"damage":41,"enemies":"4 Shapes","floor":39,"turns":6},{"damage":21,"enemies":"Sphere and 2 Shapes","floor":41,"turns":4},{"damage":17,"enemies":"Spire Growth","floor":45,"turns":3},{"damage":12,"enemies":"Writhing Mass","floor":47,"turns":5},{"damage":59,"enemies":"Awakened One","floor":50,"turns":10}],"seed_played":"-3462936875916749883","potions_obtained":[{"floor":3.0,"key":"GamblersBrew"},{"floor":8.0,"key":"FearPotion"},{"floor":11.0,"key":"SkillPotion"},{"floor":14.0,"key":"Swift Potion"},{"floor":28,"key":"BloodPotion"},{"floor":33,"key":"SteroidPotion"},{"floor":35,"key":"Swift Potion"},{"floor":36,"key":"GamblersBrew"},{"floor":41,"key":"Energy Potion"},{"floor":47,"key":"Poison Potion"}],"is_trial":false,"path_per_floor":["M","M","M","?","?","R","$","M","T","M","E","M","M","M","R","B",null,"M","$","?","M","?","M","$","R","T","R","M","?","$","?","R","B",null,"M","?","$","M","M","R","M","R","T","R","M","?","M","?","R","B",null],"character_chosen":"IRONCLAD","items_purchased":["Apotheosis","Disarm"],"campfire_rested":4,"item_purchase_floors":[19,19],"current_hp_per_floor":[74,69,67,72,72,72,72,72,82,87,51,43,49,52,52,47,79,74,74,47,23,42,34,34,34,34,62,57,36,36,36,64,23,77,42,48,48,54,19,47,32,32,32,32,21,21,15,15,42,36],"gold":238,"neow_bonus":"THREE_CARDS","is_prod":false,"is_daily":false,"chose_seed":false,"campfire_upgraded":5,"win_rate":0,"timestamp":1556591731,"path_taken":["M","M","M","?","?","R","$","M","T","?","E","M","?","?","R","BOSS","M","$","?","M","?","M","$","R","T","R","M","?","$","?","R","BOSS","M","?","$","M","M","R","M","R","T","R","M","?","?","?","R","BOSS"],"build_version":"2019-01-23","purchased_purges":3,"victory":true,"max_hp_per_floor":[75,75,75,80,80,80,80,80,90,90,90,90,90,90,90,90,90,90,90,95,95,95,95,95,95,95,95,95,95,95,95,95,95,95,95,95,95,95,95,95,95,95,95,95,95,95,95,90,90,90],"card_choices":[{"not_picked":["Heavy Blade","Flame Barrier"],"picked":"Shrug It Off","floor":0.0},{"not_picked":["Thunderclap","Twin Strike"],"picked":"Shrug It Off","floor":1.0},{"not_picked":["Body Slam","Shrug It Off","Burning Pact"],"picked":"SKIP","floor":2.0},{"not_picked":["Impervious","Battle Trance"],"picked":"Disarm","floor":3.0},{"not_picked":["Wild Strike","Sword Boomerang","Sever Soul"],"picked":"SKIP","floor":8.0},{"not_picked":["Thunderclap","Blood for Blood"],"picked":"Anger","floor":10.0},{"not_picked":["Pommel Strike","Havoc"],"picked":"Metallicize","floor":11.0},{"not_picked":["Blood for Blood","Dual Wield"],"picked":"Clothesline","floor":12.0},{"not_picked":["Anger","Pommel Strike"],"picked":"Shrug It Off","floor":13.0},{"not_picked":["Warcry","Corruption","Havoc"],"picked":"SKIP","floor":14.0},{"not_picked":["Reaper","Fiend Fire"],"picked":"Demon Form","floor":16.0},{"not_picked":["Havoc","True Grit"],"picked":"Battle Trance","floor":18.0},{"not_picked":["Cleave","Fire Breathing"],"picked":"Inflame+1","floor":21},{"not_picked":["Headbutt","Perfected Strike"],"picked":"True Grit","floor":23},{"not_picked":["Warcry","Entrench+1"],"picked":"Whirlwind","floor":28},{"not_picked":["Feed","Exhume"],"picked":"Bludgeon","floor":33},{"not_picked":["Feel No Pain+1","Seeing Red","Rupture"],"picked":"SKIP","floor":35},{"not_picked":["Blood for Blood","Iron Wave","Body Slam"],"picked":"SKIP","floor":38},{"not_picked":["Dropkick","Reckless Charge","Headbutt"],"picked":"SKIP","floor":39},{"not_picked":["Entrench","Shrug It Off","Perfected Strike+1"],"picked":"SKIP","floor":41},{"not_picked":["Inflame","Fire Breathing","Dual Wield"],"picked":"SKIP","floor":45},{"not_picked":["Thunderclap","Heavy Blade"],"picked":"Intimidate","floor":47}],"player_experience":343923,"relics_obtained":[{"floor":9.0,"key":"Pear"},{"floor":11.0,"key":"Red Skull"},{"floor":26,"key":"Nunchaku"},{"floor":29,"key":"Necronomicon"},{"floor":36,"key":"Du-Vu Doll"},{"floor":43,"key":"Boot"}],"event_choices":[{"damage_healed":0.0,"max_hp_gain":5.0,"max_hp_loss":0.0,"gold_gain":0.0,"event_name":"Big Fish","player_choice":"Donut","floor":4.0,"gold_loss":0.0,"damage_taken":0.0},{"damage_healed":0.0,"max_hp_gain":0.0,"max_hp_loss":0.0,"gold_gain":50.0,"event_name":"Golden Shrine","player_choice":"Pray","floor":5.0,"gold_loss":0.0,"damage_taken":0.0},{"damage_healed":0,"gold_gain":0,"player_choice":"Shed Blood","damage_taken":32,"max_hp_gain":5,"max_hp_loss":0,"event_name":"Forgotten Altar","floor":20,"gold_loss":0},{"damage_healed":19,"gold_gain":0,"player_choice":"Heal","damage_taken":0,"max_hp_gain":0,"max_hp_loss":0,"event_name":"The Library","floor":22,"gold_loss":0},{"damage_healed":0,"gold_gain":0,"player_choice":"Obtained Book","damage_taken":21,"max_hp_gain":0,"max_hp_loss":0,"event_name":"Cursed Tome","floor":29,"gold_loss":0},{"damage_healed":0,"gold_gain":0,"cards_transformed":["Strike_R"],"player_choice":"Transformed","damage_taken":0,"max_hp_gain":0,"max_hp_loss":0,"event_name":"Transmorgrifier","floor":31,"gold_loss":0,"cards_obtained":["Thunderclap"]},{"damage_healed":0,"gold_gain":0,"player_choice":"Fight","damage_taken":0,"max_hp_gain":0,"max_hp_loss":0,"event_name":"MindBloom","floor":36,"gold_loss":0},{"damage_healed":0,"gold_gain":50,"player_choice":"Pray","damage_taken":0,"max_hp_gain":0,"max_hp_loss":0,"event_name":"Golden Shrine","floor":46,"gold_loss":0},{"damage_healed":0,"gold_gain":0,"player_choice":"Max HP","damage_taken":0,"max_hp_gain":0,"max_hp_loss":5,"event_name":"Winding Halls","floor":48,"gold_loss":0}],"is_beta":false,"boss_relics":[{"not_picked":["White Beast Statue","Fusion Hammer"],"picked":"Philosopher\u0027s Stone"},{"not_picked":["Calling Bell","Orrery"],"picked":"Lizard Tail"}],"items_purged_floors":[7,24,37],"is_endless":false,"potions_floor_spawned":[3,8,11,14,28,33,35,36,38,41,47],"ascension_level":15}