{"gold_per_floor":[118,19,19,33,43,43,60,60,60,60,86,102,115,290,290,290],"floor_reached":16,"playtime":1320,"items_purged":["Pain"],"score":107,"play_id":"d8a9d809-d5a7-4b61-960c-d22e922a24d8","local_time":"20180923092203","is_ascension_mode":true,"campfire_choices":[{"data":"Warcry","floor":6,"key":"SMITH"},{"data":"Infernal Blade","floor":8,"key":"SMITH"},{"data":"Barricade","floor":10,"key":"SMITH"},{"data":"Shockwave","floor":15,"key":"SMITH"}],"neow_cost":"CURSE","seed_source_timestamp":245318563004190,"circlet_count":0,"master_deck":["Strike_R","Strike_R","Strike_R","Strike_R","Strike_R","Defend_R","Defend_R","Defend_R","Defend_R","Bash","Barricade+1","Twin Strike","Shrug It Off","Infernal Blade+1","Warcry+1","Clash","Clothesline","Perfected Strike","Shockwave+1","Doubt"],"relics":["Burning Blood","Gambling Chip","Bottled Tornado"],"potions_floor_usage":[7,16],"damage_taken":[{"damage":5,"enemies":"Small Slimes","floor":1,"turns":4},{"damage":6,"enemies":"Jaw Worm","floor":4,"turns":3},{"damage":0,"enemies":"Cultist","floor":5,"turns":3},{"damage":17,"enemies":"Large Slime","floor":7,"turns":10},{"damage":20,"enemies":"3 Sentries","floor":11,"turns":12},{"damage":3,"enemies":"Exordium Wildlife","floor":12,"turns":4},{"damage":2,"enemies":"Looter","floor":13,"turns":3},{"damage":57,"enemies":"Slime Boss","floor":16,"turns":11}],"seed_played":"-3577304718812000684","potions_obtained":[{"floor":1,"key":"SmokeBomb"},{"floor":5,"key":"Block Potion"},{"floor":12,"key":"Ancient Potion"}],"is_trial":false,"path_per_floor":["M","$","?","M","M","R","M","R","T","R","E","M","M","?","R"],"character_chosen":"IRONCLAD","items_purchased":["Shrug It Off"],"campfire_rested":0,"item_purchase_floors":[2],"current_hp_per_floor":[80,80,80,80,80,80,69,69,69,69,55,58,62,62,62,5],"gold":290,"neow_bonus":"THREE_RARE_CARDS","is_prod":false,"is_daily":false,"chose_seed":false,"campfire_upgraded":4,"win_rate":0,"timestamp":1537716123,"path_taken":["M","$","?","M","M","R","M","R","T","R","E","?","M","?","R","BOSS"],"build_version":"2018-09-20","purchased_purges":1,"victory":false,"max_hp_per_floor":[80,80,80,80,80,80,80,80,80,80,80,80,80,80,80,80],"card_choices":[{"not_picked":["Immolate","Double Tap"],"picked":"Barricade","floor":0},{"not_picked":["Thunderclap","Body Slam"],"picked":"Twin Strike","floor":1},{"not_picked":["Warcry","Clothesline"],"picked":"Infernal Blade","floor":4},{"not_picked":["Iron Wave","Heavy Blade"],"picked":"Warcry","floor":5},{"not_picked":["Cleave","Second Wind"],"picked":"Clash","floor":7},{"not_picked":["Dropkick","Iron Wave"],"picked":"Clothesline","floor":11},{"not_picked":["Sword Boomerang","Shrug It Off"],"picked":"Perfected Strike","floor":12},{"not_picked":["Body Slam","Whirlwind"],"picked":"Shockwave","floor":13}],"player_experience":24537,"relics_obtained":[{"floor":9,"key":"Gambling Chip"},{"floor":11,"key":"Bottled Tornado"}],"event_choices":[{"event_name":"The Cleric","player_choice":"Leave","floor":3,"damage_taken":0},{"event_name":"Liars Game","player_choice":"agreed","floor":14,"damage_taken":0}],"is_beta":false,"boss_relics":[],"items_purged_floors":[2],"is_endless":false,"potions_floor_spawned":[1,5,12],"killed_by":"Slime Boss","ascension_level":1}