{"gold_per_floor":[10,27,45,57,73,98,112,134,134,134,194,194,221,221,221,320,320,336,351,351,351],"floor_reached":21,"playtime":1835,"items_purged":[],"score":259,"play_id":"39bd1b3b-a0a1-4a43-9090-5b2bbbc95c7d","local_time":"20181028163719","is_ascension_mode":true,"campfire_choices":[{"data":"Barricade","floor":10,"key":"SMITH"},{"floor":12,"key":"REST"},{"data":"Entrench","floor":15,"key":"SMITH"}],"neow_cost":"NO_GOLD","seed_source_timestamp":348570365654554,"circlet_count":0,"master_deck":["Strike_R","Strike_R","Strike_R","Strike_R","Defend_R","Defend_R","Defend_R","Defend_R","Bash","Barricade+1","Infernal Blade","Entrench+1","Flame Barrier","Metallicize","Inflame","Power Through","Inflame","Body Slam","Iron Wave","Berserk","Iron Wave","True Grit","J.A.X."],"relics":["Burning Blood","Omamori","Odd Mushroom","Blue Candle","Regal Pillow","Calipers","Black Star"],"potions_floor_usage":[3,11,11,18,21,21],"damage_taken":[{"damage":18,"enemies":"Jaw Worm","floor":1,"turns":6},{"damage":4,"enemies":"Small Slimes","floor":2,"turns":4},{"damage":0,"enemies":"2 Louse","floor":3,"turns":1},{"damage":26,"enemies":"2 Fungi Beasts","floor":4,"turns":5},{"damage":10,"enemies":"Exordium Wildlife","floor":5,"turns":4},{"damage":16,"enemies":"Gremlin Nob","floor":6,"turns":3},{"damage":16,"enemies":"Blue Slaver","floor":7,"turns":4},{"damage":3,"enemies":"The Mushroom Lair","floor":8,"turns":6},{"damage":15,"enemies":"Lagavulin Event","floor":11,"turns":11},{"damage":0,"enemies":"Lagavulin","floor":13,"turns":10},{"damage":2,"enemies":"Slime Boss","floor":16,"turns":14},{"damage":2,"enemies":"3 Byrds","floor":18,"turns":6},{"damage":0,"enemies":"Spheric Guardian","floor":19,"turns":7},{"damage":94,"enemies":"Masked Bandits","floor":21,"turns":7}],"seed_played":"3349352402168901023","potions_obtained":[{"floor":1,"key":"Energy Potion"},{"floor":4,"key":"SpeedPotion"},{"floor":8,"key":"SpeedPotion"},{"floor":11,"key":"LiquidBronze"},{"floor":13,"key":"Weak Potion"},{"floor":19,"key":"GamblersBrew"}],"is_trial":false,"path_per_floor":["M","M","M","M","M","E","M","?","T","R","?","R","E","?","R","B",null,"M","M","?"],"character_chosen":"IRONCLAD","items_purchased":[],"campfire_rested":1,"item_purchase_floors":[],"current_hp_per_floor":[68,70,76,56,52,42,32,35,35,35,26,65,71,64,64,68,80,80,80,80,0],"gold":351,"neow_bonus":"THREE_RARE_CARDS","is_prod":false,"is_daily":false,"chose_seed":false,"campfire_upgraded":2,"win_rate":0,"timestamp":1540766239,"path_taken":["M","M","M","M","M","E","M","?","T","R","?","R","E","?","R","BOSS","M","?","?","?"],"build_version":"2018-10-25v2","purchased_purges":0,"victory":false,"max_hp_per_floor":[80,80,80,80,80,80,80,80,80,80,80,80,80,80,80,80,80,80,80,80,80],"card_choices":[{"not_picked":["Demon Form","Offering"],"picked":"Barricade","floor":0},{"not_picked":["Searing Blow","Perfected Strike","Sword Boomerang"],"picked":"SKIP","floor":1},{"not_picked":["Cleave","Warcry"],"picked":"Infernal Blade","floor":2},{"not_picked":["Pommel Strike","Flex"],"picked":"Entrench","floor":3},{"not_picked":["Headbutt","Thunderclap"],"picked":"Flame Barrier","floor":4},{"not_picked":["Sentinel","Corruption"],"picked":"Metallicize","floor":5},{"not_picked":["Double Tap","Searing Blow"],"picked":"Inflame","floor":6},{"not_picked":["Clash","Thunderclap"],"picked":"Power Through","floor":7},{"not_picked":["Heavy Blade","Reckless Charge"],"picked":"Inflame","floor":8},{"not_picked":["Armaments","Limit Break"],"picked":"Body Slam","floor":11},{"not_picked":["Headbutt","Evolve"],"picked":"Iron Wave","floor":13},{"not_picked":["Exhume","Barricade"],"picked":"Berserk","floor":16},{"not_picked":["Searing Blow+1","Sword Boomerang+1"],"picked":"Iron Wave","floor":18},{"not_picked":["Inflame","Armaments"],"picked":"True Grit","floor":19}],"player_experience":212793,"relics_obtained":[{"floor":6,"key":"Omamori"},{"floor":8,"key":"Odd Mushroom"},{"floor":9,"key":"Blue Candle"},{"floor":13,"key":"Calipers"}],"event_choices":[{"damage_healed":0,"gold_gain":0,"player_choice":"Fought Mushrooms","damage_taken":0,"max_hp_gain":0,"max_hp_loss":0,"event_name":"Mushrooms","floor":8,"gold_loss":0},{"damage_healed":0,"gold_gain":0,"player_choice":"Searched \u00273\u0027 times","damage_taken":0,"relics_obtained":["Regal Pillow"],"max_hp_gain":0,"max_hp_loss":0,"event_name":"Dead Adventurer","floor":11,"gold_loss":0},{"cards_removed":["Strike_R"],"damage_healed":0,"gold_gain":0,"player_choice":"Card Removal","damage_taken":7,"max_hp_gain":0,"max_hp_loss":0,"event_name":"Golden Wing","floor":14,"gold_loss":0},{"damage_healed":0,"gold_gain":0,"player_choice":"Obtain J.A.X.","damage_taken":0,"max_hp_gain":0,"max_hp_loss":0,"event_name":"Drug Dealer","floor":20,"gold_loss":0,"cards_obtained":["J.A.X."]},{"damage_healed":0,"gold_gain":0,"player_choice":"Fought Bandits","damage_taken":0,"max_hp_gain":0,"max_hp_loss":0,"event_name":"Masked Bandits","floor":21,"gold_loss":0}],"is_beta":false,"boss_relics":[{"not_picked":["Lizard Tail","Runic Cube"],"picked":"Black Star"}],"items_purged_floors":[],"is_endless":false,"potions_floor_spawned":[1,4,8,11,13,19],"killed_by":"Masked Bandits","ascension_level":4}