{"gold_per_floor":[115,115,140,90,108,152,152,152,178,178,125,169,189,212,212,332,332,357,382,297,317,331,331,256,271,295,313,313,349,349,362,362,362],"floor_reached":33,"playtime":2595,"items_purged":[],"score":279,"play_id":"49dbd786-4ea6-4118-b27a-ecd2fcef33f3","local_time":"20190315203106","is_ascension_mode":false,"campfire_choices":[{"floor":8.0,"key":"REST"},{"floor":10.0,"key":"REST"},{"floor":15.0,"key":"REST"},{"floor":23,"key":"REST"},{"floor":28,"key":"REST"},{"floor":32,"key":"REST"}],"neow_cost":"NONE","seed_source_timestamp":0,"circlet_count":0,"master_deck":["Defend_G","Defend_G","Defend_G","Defend_G","Strike_G","Strike_G","Strike_G","Strike_G","Survivor","Neutralize","Well Laid Plans","Dagger Spray","Quick Slash","Dash","Flying Knee","Backstab","Backflip","Bouncing Flask","A Thousand Cuts","Bouncing Flask","Acrobatics","Backstab","Backstab","Escape Plan","Flechettes+1"],"special_seed":0,"relics":["Ring of the Serpent","Golden Idol","Omamori","PreservedInsect","Kunai","Blood Vial","Vajra","Ice Cream","Question Card"],"potions_floor_usage":[21,22,25,27,31],"damage_taken":[{"damage":0.0,"enemies":"Small Slimes","floor":1.0,"turns":3.0},{"damage":2.0,"enemies":"Jaw Worm","floor":3.0,"turns":6.0},{"damage":0.0,"enemies":"2 Louse","floor":5.0,"turns":3.0},{"damage":47.0,"enemies":"Lagavulin","floor":6.0,"turns":10.0},{"damage":11.0,"enemies":"Gremlin Nob","floor":12.0,"turns":3.0},{"damage":0.0,"enemies":"Looter","floor":13.0,"turns":2.0},{"damage":2.0,"enemies":"Exordium Thugs","floor":14.0,"turns":4.0},{"damage":27.0,"enemies":"The Guardian","floor":16.0,"turns":11.0},{"damage":20,"enemies":"Spheric Guardian","floor":18,"turns":5},{"damage":28,"enemies":"Chosen","floor":19,"turns":7},{"damage":33,"enemies":"3 Cultists","floor":21,"turns":8},{"damage":2,"enemies":"Snecko","floor":22,"turns":6},{"damage":16,"enemies":"Snake Plant","floor":25,"turns":3},{"damage":10,"enemies":"Chosen and Byrds","floor":27,"turns":5},{"damage":26,"enemies":"Book of Stabbing","floor":29,"turns":4},{"damage":0,"enemies":"3 Cultists","floor":31,"turns":5},{"damage":58,"enemies":"Automaton","floor":33,"turns":6}],"seed_played":"-4234299936386992095","potions_obtained":[{"floor":1.0,"key":"Block Potion"},{"floor":5.0,"key":"PowerPotion"},{"floor":6.0,"key":"LiquidBronze"},{"floor":14.0,"key":"Energy Potion"},{"floor":16.0,"key":"FairyPotion"},{"floor":21,"key":"Weak Potion"},{"floor":22,"key":"Fire Potion"},{"floor":29,"key":"SkillPotion"}],"is_trial":false,"path_per_floor":["M","?","M","?","M","E","?","R","T","R","$","E","M","M","R","B",null,"M","M","?","M","M","R","?","M","T","M","R","E","?","M","R","B"],"character_chosen":"THE_SILENT","items_purchased":["Flying Knee"],"campfire_rested":6,"item_purchase_floors":[11],"current_hp_per_floor":[77,71,69,69,69,22,22,43,43,64,64,53,53,51,71,44,71,51,23,23,5,5,26,26,12,12,4,25,1,1,3,24,0],"gold":362,"neow_bonus":"TEN_PERCENT_HP_BONUS","is_prod":false,"is_daily":false,"chose_seed":false,"campfire_upgraded":0,"win_rate":0.0,"timestamp":1552696266,"path_taken":["M","?","M","?","M","E","?","R","T","R","$","E","M","M","R","BOSS","M","M","?","M","M","R","?","M","T","?","R","E","?","M","R","BOSS"],"build_version":"2019-01-23","purchased_purges":0,"victory":false,"max_hp_per_floor":[77,71,71,71,71,71,71,71,71,71,71,71,71,71,71,71,71,71,71,71,71,71,71,71,71,71,71,71,71,71,71,71,71],"card_choices":[{"not_picked":["Distraction","Dodge and Roll"],"picked":"Well Laid Plans","floor":1.0},{"not_picked":["Bouncing Flask","Expertise"],"picked":"Dagger Spray","floor":3.0},{"not_picked":["Dagger Spray","Reflex"],"picked":"Quick Slash","floor":5.0},{"not_picked":["After Image","Terror"],"picked":"Dash","floor":6.0},{"not_picked":["Expertise","Infinite Blades"],"picked":"Backstab","floor":12.0},{"not_picked":["Flying Knee","Deflect"],"picked":"Backflip","floor":13.0},{"not_picked":["Dagger Throw","Expertise"],"picked":"Bouncing Flask","floor":14.0},{"not_picked":["Phantasmal Killer","Unload"],"picked":"A Thousand Cuts","floor":16.0},{"not_picked":["Backflip","All Out Attack+1"],"picked":"Bouncing Flask","floor":18},{"not_picked":["Deflect","Poisoned Stab"],"picked":"Acrobatics","floor":19},{"not_picked":["Endless Agony","PiercingWail"],"picked":"Backstab","floor":21},{"not_picked":["Blade Dance+1","Leg Sweep"],"picked":"Backstab","floor":22},{"not_picked":["Sucker Punch","Outmaneuver"],"picked":"Escape Plan","floor":25},{"not_picked":["Deadly Poison","Eviscerate","Deflect"],"picked":"SKIP","floor":27},{"not_picked":["Dagger Spray","Acrobatics","A Thousand Cuts"],"picked":"SKIP","floor":29},{"not_picked":["Quick Slash","Expertise+1","Calculated Gamble+1"],"picked":"Flechettes+1","floor":31}],"player_experience":6948,"relics_obtained":[{"floor":6.0,"key":"Omamori"},{"floor":9.0,"key":"PreservedInsect"},{"floor":12.0,"key":"Kunai"},{"floor":26,"key":"Vajra"},{"floor":29,"key":"Ice Cream"},{"floor":30,"key":"Question Card"}],"event_choices":[{"damage_healed":0.0,"max_hp_gain":0.0,"max_hp_loss":6.0,"gold_gain":0.0,"event_name":"Golden Idol","player_choice":"Lose Max HP","floor":2.0,"gold_loss":0.0,"damage_taken":0.0,"relics_obtained":["Golden Idol"]},{"cards_removed":["Defend_G"],"damage_healed":0.0,"max_hp_gain":0.0,"max_hp_loss":0.0,"gold_gain":0.0,"event_name":"The Cleric","player_choice":"Card Removal","floor":4.0,"gold_loss":50.0,"damage_taken":0.0},{"damage_healed":0.0,"max_hp_gain":0.0,"max_hp_loss":0.0,"gold_gain":0.0,"event_name":"Shining Light","player_choice":"Ignored","floor":7.0,"gold_loss":0.0,"damage_taken":0.0},{"damage_healed":0,"gold_gain":0,"player_choice":"Obtained Relic","damage_taken":0,"relics_obtained":["Blood Vial"],"max_hp_gain":0,"max_hp_loss":0,"event_name":"Addict","floor":20,"gold_loss":85},{"cards_removed":["Strike_G"],"damage_healed":0,"gold_gain":0,"player_choice":"Gave Gold","damage_taken":0,"max_hp_gain":0,"max_hp_loss":0,"event_name":"Beggar","floor":24,"gold_loss":75},{"damage_healed":0,"gold_gain":0,"player_choice":"Relic","damage_taken":0,"max_hp_gain":0,"max_hp_loss":0,"event_name":"Wheel of Change","floor":30,"gold_loss":0}],"is_beta":false,"boss_relics":[{"not_picked":["WristBlade","Eternal Feather"],"picked":"Ring of the Serpent"}],"items_purged_floors":[],"is_endless":false,"potions_floor_spawned":[1,5,6,14,16,19,21,22,29],"killed_by":"Automaton","ascension_level":0}