{"gold_per_floor":[18,30,30,44,61,81,81,51,51,71,71,83,83],"floor_reached":13,"playtime":970,"items_purged":[],"score":91,"play_id":"51a1dc62-0057-418e-866a-4520c3fc4cde","local_time":"20190421105959","is_ascension_mode":true,"campfire_choices":[{"data":"White Noise","floor":7,"key":"SMITH"},{"data":"Go for the Eyes","floor":11,"key":"SMITH"}],"neow_cost":"NO_GOLD","seed_source_timestamp":369274958382874,"circlet_count":0,"master_deck":["Strike_B","Strike_B","Strike_B","Strike_B","Defend_B","Defend_B","Defend_B","Defend_B","Zap","Dualcast","Reboot+1","Steam Power","Hologram","White Noise+1","Barrage","Go for the Eyes+1"],"relics":["Cracked Core","Singing Bowl"],"potions_floor_usage":[13,13,13],"damage_taken":[{"damage":0,"enemies":"Small Slimes","floor":1,"turns":2},{"damage":1,"enemies":"Cultist","floor":2,"turns":3},{"damage":0,"enemies":"2 Louse","floor":4,"turns":2},{"damage":26,"enemies":"Lots of Slimes","floor":5,"turns":2},{"damage":11,"enemies":"Looter","floor":6,"turns":3},{"damage":4,"enemies":"Red Slaver","floor":10,"turns":3},{"damage":9,"enemies":"3 Louse","floor":12,"turns":3},{"damage":27,"enemies":"3 Sentries","floor":13,"turns":4}],"seed_played":"-5613760781962080542","potions_obtained":[{"floor":4,"key":"Swift Potion"},{"floor":8,"key":"Strength Potion"},{"floor":8,"key":"PowerPotion"},{"floor":10,"key":"SkillPotion"}],"is_trial":false,"path_per_floor":["M","M","?","M","M","M","R","?","T","M","R","M","E"],"character_chosen":"DEFECT","items_purchased":[],"campfire_rested":0,"item_purchase_floors":[],"current_hp_per_floor":[75,74,74,74,48,37,37,37,37,33,33,26,0],"gold":83,"neow_bonus":"THREE_RARE_CARDS","is_prod":false,"is_daily":false,"chose_seed":false,"campfire_upgraded":2,"win_rate":0,"timestamp":1555858799,"path_taken":["M","M","?","?","M","M","R","?","T","M","R","M","E"],"build_version":"2019-01-23","purchased_purges":0,"victory":false,"max_hp_per_floor":[75,75,75,75,75,75,75,75,75,75,75,77,77],"card_choices":[{"not_picked":["Fission","Core Surge"],"picked":"Reboot","floor":0},{"not_picked":["Conserve Battery","Leap"],"picked":"Steam Power","floor":1},{"not_picked":["Consume","Steam Power"],"picked":"Hologram","floor":2},{"not_picked":["Redo","Capacitor"],"picked":"White Noise","floor":4},{"not_picked":["Hologram","Redo","Creative AI"],"picked":"SKIP","floor":5},{"not_picked":["Hello World","Chaos"],"picked":"Barrage","floor":6},{"not_picked":["Melter","Redo"],"picked":"Go for the Eyes","floor":10},{"not_picked":["White Noise","Barrage","Undo"],"picked":"Singing Bowl","floor":12}],"player_experience":248706,"relics_obtained":[{"floor":9,"key":"Singing Bowl"}],"event_choices":[{"damage_healed":0,"gold_gain":0,"player_choice":"Upgraded","damage_taken":0,"max_hp_gain":0,"max_hp_loss":0,"event_name":"Upgrade Shrine","floor":3,"gold_loss":0,"cards_upgraded":["Reboot"]},{"damage_healed":0,"gold_gain":0,"player_choice":"Bought 2 Potions","damage_taken":0,"max_hp_gain":0,"max_hp_loss":0,"event_name":"The Woman in Blue","floor":8,"gold_loss":0}],"is_beta":false,"boss_relics":[],"items_purged_floors":[],"is_endless":false,"potions_floor_spawned":[4,10,12],"killed_by":"3 Sentries","ascension_level":3}