{"gold_per_floor":[110,127,137,154,168,168,203,203,271,271,371,371,396,408,408,510,510,530,217,229,247,264,264,282,282,336,57,57,72,84,95,95,95],"floor_reached":33,"playtime":1719,"items_purged":[],"score":276,"play_id":"3c216116-1550-4e7e-93b5-38f59b888766","local_time":"20190409220742","is_ascension_mode":true,"campfire_choices":[{"data":"Neutralize","floor":6,"key":"SMITH"},{"floor":8,"key":"REST"},{"floor":10,"key":"RECALL"},{"floor":12,"key":"REST"},{"data":"Flying Knee","floor":15,"key":"SMITH"},{"floor":23,"key":"REST"},{"data":"Poisoned Stab","floor":25,"key":"SMITH"},{"floor":32,"key":"REST"}],"neow_cost":"NONE","seed_source_timestamp":556755861987825,"circlet_count":0,"master_deck":["Defend_G","Defend_G","Defend_G","Defend_G","Defend_G","Strike_G","Strike_G","Strike_G+1","Strike_G","Strike_G","Survivor","Neutralize+1","Flying Knee","Dagger Spray","Flying Knee+1","Underhanded Strike+1","Bane","PiercingWail","Bane","Prepared","Venomology","Terror","Poisoned Stab+1","Master of Strategy","Backstab","Concentrate+1","PiercingWail+1","Tactician","Noxious Fumes","Backstab+1"],"relics":["Ring of the Snake","Whetstone","Gambling Chip","Philosopher\u0027s Stone","Blood Vial","Singing Bowl"],"potions_floor_usage":[7,13,16,18,20,21,21,22,22,24,24,29,30,31,33],"damage_taken":[{"damage":0,"enemies":"Jaw Worm","floor":1,"turns":5},{"damage":1,"enemies":"Cultist","floor":2,"turns":5},{"damage":0,"enemies":"2 Louse","floor":3,"turns":2},{"damage":9,"enemies":"Blue Slaver","floor":4,"turns":4},{"damage":2,"enemies":"2 Fungi Beasts","floor":5,"turns":4},{"damage":40,"enemies":"Lagavulin","floor":7,"turns":9},{"damage":13,"enemies":"3 Sentries","floor":13,"turns":8},{"damage":0,"enemies":"Large Slime","floor":14,"turns":4},{"damage":44,"enemies":"Slime Boss","floor":16,"turns":11},{"damage":11,"enemies":"Shell Parasite","floor":18,"turns":6},{"damage":9,"enemies":"2 Thieves","floor":20,"turns":3},{"damage":30,"enemies":"Snake Plant","floor":21,"turns":3},{"damage":14,"enemies":"Snecko","floor":22,"turns":4},{"damage":22,"enemies":"Centurion and Healer","floor":24,"turns":5},{"damage":24,"enemies":"3 Cultists","floor":29,"turns":4},{"damage":0,"enemies":"Snake Plant","floor":30,"turns":4},{"damage":16,"enemies":"Cultist and Chosen","floor":31,"turns":6},{"damage":52,"enemies":"Collector","floor":33,"turns":5}],"seed_played":"-6462840551160118541","potions_obtained":[{"floor":2,"key":"Weak Potion"},{"floor":3,"key":"SneckoOil"},{"floor":7,"key":"SpeedPotion"},{"floor":14,"key":"AttackPotion"},{"floor":18,"key":"Explosive Potion"},{"floor":21,"key":"Weak Potion"},{"floor":22,"key":"Regen Potion"},{"floor":31,"key":"Energy Potion"}],"is_trial":false,"path_per_floor":["M","M","M","M","M","R","E","R","T","R","?","R","E","M","R","B",null,"M","$","M","M","M","R","M","R","T","$","?","M","M","M","R","B"],"character_chosen":"THE_SILENT","items_purchased":["Poisoned Stab","Master of Strategy","Backstab","Noxious Fumes","Singing Bowl"],"campfire_rested":4,"item_purchase_floors":[19,19,19,27,27],"current_hp_per_floor":[77,76,76,67,65,65,25,48,48,48,48,71,58,58,58,14,77,66,66,57,27,13,36,26,26,26,26,51,29,33,21,45,0],"gold":95,"neow_bonus":"TEN_PERCENT_HP_BONUS","is_prod":false,"is_daily":false,"chose_seed":false,"campfire_upgraded":3,"win_rate":0,"timestamp":1554862062,"path_taken":["M","M","M","M","M","R","E","R","T","R","?","R","E","?","R","BOSS","M","$","M","M","M","R","?","R","T","$","?","M","M","M","R","BOSS"],"build_version":"2019-01-23","purchased_purges":0,"victory":false,"max_hp_per_floor":[77,77,77,77,77,77,77,77,77,77,77,77,77,77,77,77,77,77,77,77,77,77,77,77,77,77,77,77,77,79,81,81,81],"card_choices":[{"not_picked":["Underhanded Strike","Riddle With Holes"],"picked":"Flying Knee","floor":1},{"not_picked":["Slice","Blur"],"picked":"Dagger Spray","floor":2},{"not_picked":["Choke","Acrobatics"],"picked":"Flying Knee","floor":3},{"not_picked":["Setup","Backflip"],"picked":"Underhanded Strike","floor":4},{"not_picked":["Flying Knee","Dagger Spray"],"picked":"Bane","floor":5},{"not_picked":["Storm of Steel","Prepared"],"picked":"PiercingWail","floor":7},{"not_picked":["Masterful Stab","Dodge and Roll"],"picked":"Bane","floor":13},{"not_picked":["Expertise","Outmaneuver"],"picked":"Prepared","floor":14},{"not_picked":["Wraith Form v2","Burst"],"picked":"Venomology","floor":16},{"not_picked":["Acrobatics","Dodge and Roll"],"picked":"Terror","floor":18},{"not_picked":["Dodge and Roll","Acrobatics","Flying Knee"],"picked":"SKIP","floor":20},{"not_picked":["Underhanded Strike","Flying Knee+1"],"picked":"Concentrate+1","floor":21},{"not_picked":["Acrobatics","Glass Knife"],"picked":"PiercingWail+1","floor":22},{"not_picked":["Terror","Bane"],"picked":"Tactician","floor":24},{"not_picked":["PiercingWail","Expertise"],"picked":"Backstab+1","floor":29},{"not_picked":["Masterful Stab","Catalyst","Dagger Spray"],"picked":"Singing Bowl","floor":30},{"not_picked":["Flechettes+1","Flying Knee","Outmaneuver+1"],"picked":"Singing Bowl","floor":31}],"player_experience":120955,"relics_obtained":[{"floor":7,"key":"Whetstone"},{"floor":13,"key":"Gambling Chip"},{"floor":26,"key":"Blood Vial"}],"event_choices":[{"damage_healed":0,"gold_gain":100,"player_choice":"Pray","damage_taken":0,"max_hp_gain":0,"max_hp_loss":0,"event_name":"Golden Shrine","floor":11,"gold_loss":0},{"damage_healed":25,"gold_gain":0,"player_choice":"Heal","damage_taken":0,"max_hp_gain":0,"max_hp_loss":0,"event_name":"The Library","floor":28,"gold_loss":0}],"is_beta":false,"boss_relics":[{"not_picked":["Eternal Feather","Sozu"],"picked":"Philosopher\u0027s Stone"}],"items_purged_floors":[],"is_endless":false,"potions_floor_spawned":[2,3,7,14,18,21,22,31],"killed_by":"Collector","ascension_level":1}