{"gold_per_floor":[118,132,152,171,191,191,205,205,274,274,286,111,130,141,141,238,238,257,257,271,147,158,158,158],"floor_reached":24,"playtime":1179,"items_purged":[],"score":194,"play_id":"a729ed16-ef01-4f40-a628-2434f2713fdc","local_time":"20190317123855","is_ascension_mode":false,"campfire_choices":[{"floor":6,"key":"REST"},{"data":"Pommel Strike","floor":8,"key":"SMITH"},{"data":"Armaments","floor":10,"key":"SMITH"},{"floor":15,"key":"REST"},{"floor":23,"key":"REST"}],"neow_cost":"NONE","seed_source_timestamp":33994254337309,"circlet_count":0,"master_deck":["Strike_R","Strike_R","Strike_R","Strike_R","Strike_R","Defend_R","Defend_R","Defend_R","Defend_R","Bash","Limit Break","Headbutt","Warcry","Feel No Pain","Armaments+1","Pommel Strike+1","Anger","Cleave","Magnetism","Flex","Thunderclap","Reaper","Warcry+1","Mind Blast","Inflame"],"relics":["Burning Blood","Shuriken","Cursed Key","Potion Belt"],"potions_floor_usage":[5,24],"damage_taken":[{"damage":13,"enemies":"Cultist","floor":1,"turns":5},{"damage":0,"enemies":"Small Slimes","floor":2,"turns":3},{"damage":1,"enemies":"2 Louse","floor":3,"turns":3},{"damage":35,"enemies":"Exordium Wildlife","floor":4,"turns":7},{"damage":29,"enemies":"Gremlin Gang","floor":5,"turns":5},{"damage":10,"enemies":"Looter","floor":7,"turns":4},{"damage":1,"enemies":"Exordium Wildlife","floor":11,"turns":3},{"damage":11,"enemies":"Large Slime","floor":13,"turns":4},{"damage":10,"enemies":"Lots of Slimes","floor":14,"turns":2},{"damage":47,"enemies":"Hexaghost","floor":16,"turns":7},{"damage":22,"enemies":"Chosen","floor":18,"turns":5},{"damage":27,"enemies":"Spheric Guardian","floor":20,"turns":4},{"damage":39,"enemies":"Snake Plant","floor":22,"turns":4},{"damage":46,"enemies":"Slavers","floor":24,"turns":2}],"seed_played":"2258006916223450044","potions_obtained":[{"floor":2,"key":"SteroidPotion"},{"floor":3,"key":"SkillPotion"},{"floor":13,"key":"Weak Potion"},{"floor":14,"key":"Swift Potion"}],"is_trial":false,"path_per_floor":["M","M","M","M","M","R","M","R","T","R","M","$","M","M","R","B",null,"M","?","M","$","M","R","E"],"character_chosen":"IRONCLAD","items_purchased":["Magnetism","Mind Blast","Inflame"],"campfire_rested":3,"item_purchase_floors":[12,21,21],"current_hp_per_floor":[73,79,80,51,28,52,48,48,48,48,53,53,48,44,68,27,80,68,68,47,47,17,41,0],"gold":158,"neow_bonus":"ONE_RANDOM_RARE_CARD","is_prod":false,"is_daily":false,"chose_seed":false,"campfire_upgraded":2,"win_rate":0.0,"timestamp":1552840735,"path_taken":["M","M","M","M","M","R","M","R","T","R","M","$","M","M","R","BOSS","M","?","M","$","M","R","E"],"build_version":"2019-01-23","purchased_purges":0,"victory":false,"max_hp_per_floor":[80,80,80,80,80,80,80,80,80,80,80,80,80,80,80,80,80,80,80,80,80,80,80,80],"card_choices":[{"not_picked":["Iron Wave","Dual Wield"],"picked":"Headbutt","floor":1},{"not_picked":["Flex","Clash"],"picked":"Warcry","floor":2},{"not_picked":["Shockwave","Flame Barrier"],"picked":"Feel No Pain","floor":3},{"not_picked":["Thunderclap","Clothesline"],"picked":"Armaments","floor":4},{"not_picked":["Shrug It Off","Rampage"],"picked":"Pommel Strike","floor":5},{"not_picked":["Iron Wave","Offering"],"picked":"Anger","floor":7},{"not_picked":["Corruption","Dual Wield"],"picked":"Cleave","floor":11},{"not_picked":["Heavy Blade","Armaments"],"picked":"Flex","floor":13},{"not_picked":["Headbutt","Metallicize"],"picked":"Thunderclap","floor":14},{"not_picked":["Bludgeon","Immolate"],"picked":"Reaper","floor":16},{"not_picked":["Wild Strike","Second Wind","Shrug It Off"],"picked":"SKIP","floor":18},{"not_picked":["Body Slam","Havoc"],"picked":"Warcry+1","floor":20},{"not_picked":["Armaments","Flex","Ghostly Armor"],"picked":"SKIP","floor":22}],"player_experience":36529,"relics_obtained":[{"floor":9,"key":"Shuriken"}],"event_choices":[{"damage_healed":0,"gold_gain":0,"player_choice":"Opened","damage_taken":0,"relics_obtained":["Potion Belt"],"max_hp_gain":0,"max_hp_loss":0,"event_name":"The Mausoleum","floor":19,"gold_loss":0}],"is_beta":false,"boss_relics":[{"not_picked":["Velvet Choker","White Beast Statue"],"picked":"Cursed Key"}],"items_purged_floors":[],"is_endless":false,"potions_floor_spawned":[2,3,13,14],"killed_by":"Slavers","ascension_level":0}