{"gold_per_floor":[112,10,22,32,32,65,82,114,114,143,163,193,193,212,212,315,315,326,326,22,37,49,49,77,92,92,92,105,105,137,62,62,158,158,168,178,3,20,20,20],"floor_reached":40,"playtime":3931,"items_purged":["Strike_B","Strike_B"],"score":481,"play_id":"d4e77b5e-3b5f-4d30-965c-abf91dc1fd81","local_time":"20181217233038","is_ascension_mode":true,"campfire_choices":[{"floor":13.0,"key":"REST"},{"data":"Go for the Eyes","floor":15.0,"key":"SMITH"},{"data":"Redo","floor":23.0,"key":"SMITH"},{"data":"Multi-Cast","floor":27.0,"key":"SMITH"},{"floor":29.0,"key":"REST"},{"floor":32.0,"key":"REST"}],"neow_cost":"NONE","seed_source_timestamp":47501183281373,"circlet_count":0,"master_deck":["Defend_B","Defend_B+1","Defend_B","Defend_B","Zap+1","Dualcast","Double Energy","Rebound","Go for the Eyes+1","Sweeping Beam","Lockon","Hologram+1","Melter","Conserve Battery","Loop","Glacier","Multi-Cast+1","Capacitor+1","Chill","Redo+1","Streamline+1","Cold Snap","Streamline","Ball Lightning","Buffer","Doom and Gloom","Compile Driver+1","Double Energy+1"],"special_seed":0,"relics":["Cracked Core","NeowsBlessing","Happy Flower","Blood Vial","Symbiotic Virus","Pear","Gambling Chip","War Paint","Black Star","Thread and Needle","Letter Opener","Sundial","Dodecahedron","Girya","Darkstone Periapt","Eternal Feather"],"potions_floor_usage":[],"damage_taken":[{"damage":0.0,"enemies":"Jaw Worm","floor":1.0,"turns":1.0},{"damage":0.0,"enemies":"Cultist","floor":3.0,"turns":1.0},{"damage":0.0,"enemies":"Small Slimes","floor":4.0,"turns":1.0},{"damage":17.0,"enemies":"Gremlin Nob","floor":6.0,"turns":4.0},{"damage":0.0,"enemies":"Blue Slaver","floor":7.0,"turns":2.0},{"damage":14.0,"enemies":"Lagavulin","floor":8.0,"turns":6.0},{"damage":27.0,"enemies":"Gremlin Nob","floor":10.0,"turns":4.0},{"damage":1.0,"enemies":"Gremlin Gang","floor":11.0,"turns":2.0},{"damage":6.0,"enemies":"Lagavulin","floor":12.0,"turns":4.0},{"damage":2.0,"enemies":"3 Louse","floor":14.0,"turns":2.0},{"damage":27.0,"enemies":"Hexaghost","floor":16.0,"turns":12.0},{"damage":6.0,"enemies":"Chosen","floor":18.0,"turns":6.0},{"damage":3.0,"enemies":"Shell Parasite","floor":21.0,"turns":3.0},{"damage":0.0,"enemies":"Chosen and Byrds","floor":22.0,"turns":7.0},{"damage":18.0,"enemies":"Book of Stabbing","floor":24.0,"turns":9.0},{"damage":2.0,"enemies":"Snecko","floor":25.0,"turns":3.0},{"damage":4.0,"enemies":"Snake Plant","floor":28.0,"turns":3.0},{"damage":25.0,"enemies":"Gremlin Leader","floor":30.0,"turns":9.0},{"damage":65.0,"enemies":"Automaton","floor":33.0,"turns":10.0},{"damage":17.0,"enemies":"3 Darklings","floor":35.0,"turns":7.0},{"damage":15.0,"enemies":"3 Shapes","floor":36.0,"turns":3.0},{"damage":25.0,"enemies":"Maw","floor":38.0,"turns":8.0},{"damage":42,"enemies":"Reptomancer","floor":40,"turns":10}],"seed_played":"2604493316218111781","potions_obtained":[{"floor":7.0,"key":"Block Potion"},{"floor":11.0,"key":"Ancient Potion"},{"floor":12.0,"key":"PowerPotion"},{"floor":14.0,"key":"Poison Potion"},{"floor":16.0,"key":"Weak Potion"},{"floor":21.0,"key":"AttackPotion"},{"floor":24.0,"key":"SkillPotion"},{"floor":25.0,"key":"Weak Potion"}],"is_trial":false,"path_per_floor":["M","?","M","M","?","E","M","E","T","E","M","E","R","M","R","B",null,"M","?","$","M","M","R","E","M","T","R","M","R","E","$","R","B",null,"M","M","$","M","?","E"],"character_chosen":"DEFECT","items_purchased":["Thread and Needle","LiquidBronze"],"campfire_rested":3,"item_purchase_floors":[20,37],"current_hp_per_floor":[75,75,75,75,75,58,60,48,58,33,34,30,55,55,55,30,85,79,79,79,78,80,80,64,64,64,64,62,85,60,60,85,20,85,68,55,55,32,32,0],"gold":20,"neow_bonus":"THREE_ENEMY_KILL","is_prod":false,"is_daily":false,"chose_seed":false,"campfire_upgraded":3,"win_rate":0,"timestamp":1545078638,"path_taken":["M","?","M","?","?","E","M","E","T","E","?","E","R","M","R","BOSS","M","?","$","M","M","R","E","M","T","R","M","R","E","$","R","BOSS","M","M","$","M","?","E"],"build_version":"2018-12-13","purchased_purges":2,"victory":false,"max_hp_per_floor":[75,75,75,75,75,75,75,75,85,85,85,85,85,85,85,85,85,85,85,85,85,85,85,85,85,85,85,85,85,85,85,85,85,85,85,85,85,85,85,85],"card_choices":[{"not_picked":["Stack","Gash"],"picked":"Double Energy","floor":1.0},{"not_picked":["Leap","Gash"],"picked":"Rebound","floor":3.0},{"not_picked":["Rebound","BootSequence"],"picked":"Go for the Eyes","floor":4.0},{"not_picked":["Stack","Hologram"],"picked":"Sweeping Beam","floor":6.0},{"not_picked":["Gash","Turbo"],"picked":"Lockon","floor":7.0},{"not_picked":["Redo","Consume"],"picked":"Hologram","floor":8.0},{"not_picked":["Hologram","Gash"],"picked":"Melter","floor":10.0},{"not_picked":["Hologram","Thunder Strike"],"picked":"Conserve Battery","floor":11.0},{"not_picked":["Heatsinks","Chill"],"picked":"Loop","floor":12.0},{"not_picked":["Chill","Steam"],"picked":"Glacier","floor":14.0},{"not_picked":["Electrodynamics","Reboot"],"picked":"Multi-Cast","floor":16.0},{"not_picked":["Aggregate","Rebound+1"],"picked":"Capacitor+1","floor":18.0},{"not_picked":["Force Field","Stack"],"picked":"Chill","floor":21.0},{"not_picked":["Go for the Eyes","Lockon"],"picked":"Redo","floor":22.0},{"not_picked":["Coolheaded+1","Chaos"],"picked":"Streamline+1","floor":24.0},{"not_picked":["Leap","Scrape"],"picked":"Cold Snap","floor":25.0},{"not_picked":["Auto Shields","Rebound"],"picked":"Streamline","floor":28.0},{"not_picked":["Rip and Tear","Cold Snap+1"],"picked":"Ball Lightning","floor":30.0},{"not_picked":["Fission","All For One"],"picked":"Buffer","floor":33.0},{"not_picked":["Turbo+1","Melter"],"picked":"Doom and Gloom","floor":35.0},{"not_picked":["Ball Lightning","Streamline"],"picked":"Compile Driver+1","floor":36.0},{"not_picked":["Gash","Turbo"],"picked":"Double Energy+1","floor":38.0}],"player_experience":469780,"relics_obtained":[{"floor":6.0,"key":"Blood Vial"},{"floor":8.0,"key":"Symbiotic Virus"},{"floor":9.0,"key":"Pear"},{"floor":10.0,"key":"Gambling Chip"},{"floor":12.0,"key":"War Paint"},{"floor":24.0,"key":"Letter Opener"},{"floor":24.0,"key":"Sundial"},{"floor":26.0,"key":"Dodecahedron"},{"floor":30.0,"key":"Girya"},{"floor":30.0,"key":"Darkstone Periapt"}],"event_choices":[{"damage_healed":0.0,"max_hp_gain":0.0,"max_hp_loss":0.0,"gold_gain":0.0,"event_name":"WeMeetAgain","player_choice":"Paid Gold","floor":2.0,"gold_loss":102.0,"damage_taken":0.0,"relics_obtained":["Happy Flower"]},{"damage_healed":0.0,"max_hp_gain":0.0,"max_hp_loss":0.0,"gold_gain":0.0,"event_name":"Upgrade Shrine","player_choice":"Upgraded","floor":5.0,"gold_loss":0.0,"damage_taken":0.0,"cards_upgraded":["Zap"]},{"cards_removed":["Strike_B"],"damage_healed":0.0,"max_hp_gain":0.0,"max_hp_loss":0.0,"gold_gain":0.0,"event_name":"Back to Basics","player_choice":"Elegance","floor":19.0,"gold_loss":0.0,"damage_taken":0.0},{"cards_removed":["Strike_B"],"damage_healed":0.0,"max_hp_gain":0.0,"max_hp_loss":0.0,"gold_gain":0.0,"event_name":"Bonfire Elementals","player_choice":"Offered Basic","floor":39.0,"gold_loss":0.0,"damage_taken":0.0}],"is_beta":false,"boss_relics":[{"not_picked":["Fusion Hammer","Velvet Choker"],"picked":"Black Star"},{"not_picked":["Busted Crown","Snecko Eye"],"picked":"Eternal Feather"}],"items_purged_floors":[31,37],"is_endless":false,"potions_floor_spawned":[7,11,12,14,16,21,24,25],"killed_by":"Reptomancer","ascension_level":1}