{"gold_per_floor":[119,130,142,112,37,69,84,84,109,141,216,226,226,246,246,351,351,368,368,368,117,151,151,164,164],"floor_reached":25,"playtime":1268,"items_purged":["Dark Embrace","Parasite"],"score":285,"play_id":"4f235ce5-8024-48ec-b377-bdc1bd48c889","local_time":"20181117122727","is_ascension_mode":true,"campfire_choices":[{"data":"Perfected Strike","floor":8,"key":"SMITH"},{"floor":15,"key":"REST"},{"data":"Seeing Red","floor":23,"key":"SMITH"}],"neow_cost":"TEN_PERCENT_HP_LOSS","seed_source_timestamp":353747697901189,"circlet_count":0,"master_deck":["Strike_R","Strike_R","Strike_R","Strike_R","Strike_R","Defend_R","Defend_R","Bash","Armaments","Twin Strike","Perfected Strike","Flex","Perfected Strike+1","Twin Strike","Clash","Seeing Red+1","Exhume","Wild Strike+1","Pommel Strike"],"relics":["Burning Blood","Juzu Bracelet","Strawberry","Happy Flower","Black Star","Blood Vial","Red Mask"],"potions_floor_usage":[6,12,14,16,16,18,18,25],"damage_taken":[{"damage":6,"enemies":"Cultist","floor":1,"turns":4},{"damage":10,"enemies":"Small Slimes","floor":2,"turns":4},{"damage":8,"enemies":"2 Louse","floor":3,"turns":2},{"damage":35,"enemies":"3 Sentries","floor":6,"turns":7},{"damage":8,"enemies":"2 Fungi Beasts","floor":7,"turns":3},{"damage":22,"enemies":"Lagavulin","floor":10,"turns":4},{"damage":9,"enemies":"Large Slime","floor":12,"turns":2},{"damage":11,"enemies":"Looter","floor":14,"turns":2},{"damage":18,"enemies":"Slime Boss","floor":16,"turns":7},{"damage":11,"enemies":"2 Thieves","floor":18,"turns":3},{"damage":24,"enemies":"Masked Bandits","floor":22,"turns":4},{"damage":11,"enemies":"3 Byrds","floor":24,"turns":6},{"damage":58,"enemies":"Slavers","floor":25,"turns":3}],"seed_played":"-3654631929975572048","potions_obtained":[{"floor":3,"key":"EssenceOfSteel"},{"floor":4,"key":"Poison Potion"},{"floor":4,"key":"SneckoOil"},{"floor":10,"key":"Strength Potion"},{"floor":12,"key":"Regen Potion"},{"floor":14,"key":"Explosive Potion"},{"floor":16,"key":"Weak Potion"},{"floor":22,"key":"SneckoOil"}],"is_trial":false,"path_per_floor":["M","M","M","?","$","E","M","R","T","E","?","M","?","M","R","B",null,"M","?","?","$","?","R","M","E"],"character_chosen":"IRONCLAD","items_purchased":["Blood Vial"],"campfire_rested":1,"item_purchase_floors":[21],"current_hp_per_floor":[72,68,66,66,66,37,35,35,42,26,15,12,31,26,49,52,72,67,67,67,67,51,51,48,0],"gold":164,"neow_bonus":"TRANSFORM_TWO_CARDS","is_prod":false,"is_daily":false,"chose_seed":false,"campfire_upgraded":2,"win_rate":0,"timestamp":1542482847,"path_taken":["M","?","M","?","$","E","M","R","T","E","?","M","?","M","R","BOSS","M","?","?","$","?","R","M","E"],"build_version":"2018-11-15","purchased_purges":2,"victory":false,"max_hp_per_floor":[72,72,72,72,72,72,72,72,79,79,79,79,79,79,79,79,79,79,79,79,76,76,76,76,76],"card_choices":[{"not_picked":["Wild Strike","Second Wind"],"picked":"Twin Strike","floor":1},{"not_picked":["Clash","Rupture"],"picked":"Perfected Strike","floor":2},{"not_picked":["Havoc","Searing Blow"],"picked":"Flex","floor":3},{"not_picked":["Pommel Strike","Wild Strike"],"picked":"Perfected Strike","floor":6},{"not_picked":["Dual Wield","Havoc","Feel No Pain"],"picked":"SKIP","floor":7},{"not_picked":["Reaper","Flex"],"picked":"Twin Strike","floor":10},{"not_picked":["Shrug It Off","Thunderclap"],"picked":"Clash","floor":12},{"not_picked":["Power Through","Second Wind"],"picked":"Seeing Red","floor":14},{"not_picked":["Berserk","Barricade"],"picked":"Exhume","floor":16},{"not_picked":["Rage","Clothesline","Power Through"],"picked":"SKIP","floor":18},{"not_picked":["Combust+1","Flex"],"picked":"Wild Strike+1","floor":22},{"not_picked":["Flex","Cleave"],"picked":"Pommel Strike","floor":24}],"player_experience":251017,"relics_obtained":[{"floor":6,"key":"Juzu Bracelet"},{"floor":9,"key":"Strawberry"},{"floor":10,"key":"Happy Flower"},{"floor":22,"key":"Red Mask"}],"event_choices":[{"damage_healed":0,"gold_gain":0,"player_choice":"Bought 2 Potions","damage_taken":0,"max_hp_gain":0,"max_hp_loss":0,"event_name":"The Woman in Blue","floor":4,"gold_loss":0},{"damage_healed":0,"gold_gain":75,"player_choice":"Gather Gold","damage_taken":11,"max_hp_gain":0,"max_hp_loss":0,"event_name":"World of Goop","floor":11,"gold_loss":0},{"damage_healed":19,"gold_gain":0,"player_choice":"Healed and dodged fight","damage_taken":0,"max_hp_gain":0,"max_hp_loss":0,"event_name":"Mushrooms","floor":13,"gold_loss":0,"cards_obtained":["Parasite"]},{"damage_healed":0,"gold_gain":0,"player_choice":"Ignored","damage_taken":0,"max_hp_gain":0,"max_hp_loss":0,"event_name":"Ghosts","floor":19,"gold_loss":0},{"damage_healed":0,"gold_gain":0,"player_choice":"Ignored","damage_taken":0,"max_hp_gain":0,"max_hp_loss":0,"event_name":"Vampires","floor":20,"gold_loss":0},{"damage_healed":0,"gold_gain":0,"player_choice":"Fought Bandits","damage_taken":0,"max_hp_gain":0,"max_hp_loss":0,"event_name":"Masked Bandits","floor":22,"gold_loss":0}],"is_beta":false,"boss_relics":[{"not_picked":["Lizard Tail","Runic Pyramid"],"picked":"Black Star"}],"items_purged_floors":[5,21],"is_endless":false,"potions_floor_spawned":[3,10,12,14,16,22],"killed_by":"Slavers","ascension_level":7}