{"gold_per_floor":[111,125,138,138,138,138,150,169,169,244,244,244,271,271,271,371,371,383,483,483,305,321,353,353,369,445,458,492,492,127,226,226,324,324,339,339,339,339,350,380,395,445,445,445,445,445,478,96,96,96],"floor_reached":51,"playtime":3802,"items_purged":["Strike_G","Strike_G","Sucker Punch"],"score":912,"play_id":"2afe78cf-4c2b-4f53-a9c9-193f5463ab94","local_time":"20190419093231","is_ascension_mode":true,"campfire_choices":[{"data":"Neutralize","floor":6,"key":"SMITH"},{"data":"Well Laid Plans","floor":12,"key":"SMITH"},{"data":"Quick Slash","floor":15,"key":"SMITH"},{"data":"A Thousand Cuts","floor":24,"key":"SMITH"},{"data":"Crippling Poison","floor":29,"key":"SMITH"},{"floor":32,"key":"REST"},{"floor":46,"key":"REST"},{"floor":49,"key":"REST"}],"neow_cost":"NONE","seed_source_timestamp":282129085004059,"circlet_count":0,"master_deck":["Defend_G","Defend_G","Defend_G","Defend_G","Defend_G","Survivor","Neutralize+1","Quick Slash+1","PiercingWail","Well Laid Plans+1","Leg Sweep","Escape Plan","A Thousand Cuts+1","Flying Knee","Dodge and Roll+1","Crippling Poison+1","Backflip+1","Predator","Mayhem+1","Backflip","Madness","Madness","Envenom+1","PiercingWail+1","Footwork+1","Terror"],"relics":["Ring of the Snake","NeowsBlessing","Meat on the Bone","FossilizedHelix","Mango","Sozu","Torii","The Courier","Enchiridion","Juzu Bracelet","Art of War","Frozen Egg 2","Bag of Preparation","Vajra","Fusion Hammer","Omamori","Dead Branch","Bottled Lightning","Ninja Scroll","Shuriken"],"potions_floor_usage":[13,16,19,19],"damage_taken":[{"damage":0,"enemies":"Jaw Worm","floor":1,"turns":1},{"damage":0,"enemies":"Small Slimes","floor":2,"turns":1},{"damage":0,"enemies":"Cultist","floor":3,"turns":1},{"damage":9,"enemies":"Blue Slaver","floor":7,"turns":6},{"damage":3,"enemies":"Large Slime","floor":8,"turns":8},{"damage":22,"enemies":"Lagavulin","floor":13,"turns":11},{"damage":38,"enemies":"Hexaghost","floor":16,"turns":15},{"damage":9,"enemies":"2 Thieves","floor":18,"turns":5},{"damage":16,"enemies":"Colosseum Slavers","floor":19,"turns":5},{"damage":40,"enemies":"Colosseum Nobs","floor":19,"turns":6},{"damage":0,"enemies":"Chosen","floor":22,"turns":7},{"damage":13,"enemies":"Gremlin Leader","floor":23,"turns":9},{"damage":0,"enemies":"Shelled Parasite and Fungi","floor":25,"turns":6},{"damage":0,"enemies":"3 Cultists","floor":27,"turns":5},{"damage":6,"enemies":"Slavers","floor":28,"turns":6},{"damage":25,"enemies":"Collector","floor":33,"turns":8},{"damage":0,"enemies":"Orb Walker","floor":35,"turns":3},{"damage":10,"enemies":"3 Darklings","floor":39,"turns":4},{"damage":0,"enemies":"Reptomancer","floor":40,"turns":5},{"damage":19,"enemies":"Sphere and 2 Shapes","floor":41,"turns":5},{"damage":24,"enemies":"2 Orb Walkers","floor":42,"turns":5},{"damage":0,"enemies":"Nemesis","floor":47,"turns":7},{"damage":16,"enemies":"Awakened One","floor":50,"turns":13}],"seed_played":"5897998043648443043","potions_obtained":[{"floor":2,"key":"Explosive Potion"},{"floor":5,"key":"FearPotion"},{"floor":5,"key":"AttackPotion"},{"floor":13,"key":"SkillPotion"}],"is_trial":false,"path_per_floor":["M","M","M","?","?","R","M","M","T","?","?","R","E","?","R","B",null,"M","?","?","$","M","E","R","M","T","M","E","R","$","?","R","B",null,"M","?","?","?","M","E","M","?","T","?","?","R","E","$","R","B",null],"character_chosen":"THE_SILENT","items_purchased":["Juzu Bracelet","Predator","Vajra","Mayhem+1","Shuriken","Footwork+1","Terror"],"campfire_rested":3,"item_purchase_floors":[21,30,30,30,48,48,48],"current_hp_per_floor":[70,70,70,67,67,67,58,55,55,44,37,37,41,41,41,15,84,75,31,15,15,27,26,26,38,38,50,44,44,44,44,69,44,84,84,73,73,73,63,63,44,32,32,32,32,57,57,57,82,66],"gold":96,"neow_bonus":"THREE_ENEMY_KILL","is_prod":false,"is_daily":false,"chose_seed":false,"campfire_upgraded":5,"win_rate":0,"timestamp":1555680751,"path_taken":["M","M","M","?","?","R","M","?","T","?","?","R","E","?","R","BOSS","M","?","?","$","M","E","R","M","T","M","E","R","$","?","R","BOSS","M","?","?","?","M","E","M","?","T","?","?","R","E","$","R","BOSS"],"build_version":"2019-01-23","purchased_purges":3,"victory":true,"max_hp_per_floor":[70,70,70,70,70,70,70,70,70,70,70,70,84,84,84,84,84,84,84,84,84,84,84,84,84,84,84,84,84,84,84,84,84,84,84,84,84,84,84,84,84,84,84,84,84,84,84,84,84,84],"card_choices":[{"not_picked":["Prepared","Bane","Finisher"],"picked":"SKIP","floor":1},{"not_picked":["Caltrops","Calculated Gamble"],"picked":"Quick Slash","floor":2},{"not_picked":["Masterful Stab","Prepared"],"picked":"PiercingWail","floor":3},{"not_picked":["Envenom","Slice"],"picked":"Well Laid Plans","floor":7},{"not_picked":["Calculated Gamble","Acrobatics"],"picked":"Leg Sweep","floor":8},{"not_picked":["Heel Hook","Acrobatics"],"picked":"Escape Plan","floor":13},{"not_picked":["Doppelganger","Malaise"],"picked":"A Thousand Cuts","floor":16},{"not_picked":["Bouncing Flask","Accuracy"],"picked":"Flying Knee","floor":18},{"not_picked":["Poisoned Stab","PiercingWail+1"],"picked":"Dodge and Roll+1","floor":22},{"not_picked":["Deadly Poison","Poisoned Stab"],"picked":"Crippling Poison","floor":23},{"not_picked":["Sucker Punch+1","Quick Slash"],"picked":"Backflip+1","floor":25},{"not_picked":["Dagger Spray","Flying Knee","Poisoned Stab"],"picked":"SKIP","floor":27},{"not_picked":["Slice","Tactician","Setup+1"],"picked":"SKIP","floor":28},{"not_picked":["Deflect+1","Tactician"],"picked":"Backflip","floor":35},{"not_picked":["Calculated Gamble+1","Blade Dance","Quick Slash"],"picked":"SKIP","floor":39},{"not_picked":["Backflip+1","Dodge and Roll+1","PiercingWail+1"],"picked":"SKIP","floor":40},{"not_picked":["Poisoned Stab+1","Deadly Poison"],"picked":"PiercingWail+1","floor":41},{"not_picked":["Sucker Punch+1","Flying Knee+1","Predator"],"picked":"SKIP","floor":47}],"player_experience":207792,"relics_obtained":[{"floor":9,"key":"FossilizedHelix"},{"floor":13,"key":"Mango"},{"floor":19,"key":"Torii"},{"floor":19,"key":"The Courier"},{"floor":20,"key":"Enchiridion"},{"floor":23,"key":"Art of War"},{"floor":26,"key":"Frozen Egg 2"},{"floor":28,"key":"Bag of Preparation"},{"floor":40,"key":"Omamori"},{"floor":42,"key":"Dead Branch"},{"floor":43,"key":"Bottled Lightning"},{"floor":47,"key":"Ninja Scroll"}],"event_choices":[{"damage_healed":0,"gold_gain":0,"player_choice":"Success","damage_taken":3,"relics_obtained":["Meat on the Bone"],"max_hp_gain":0,"max_hp_loss":0,"event_name":"Scrap Ooze","floor":4,"gold_loss":0},{"damage_healed":0,"gold_gain":0,"player_choice":"Got Potions","damage_taken":0,"max_hp_gain":0,"max_hp_loss":0,"event_name":"Lab","floor":5,"gold_loss":0},{"damage_healed":0,"gold_gain":75,"player_choice":"Gather Gold","damage_taken":11,"max_hp_gain":0,"max_hp_loss":0,"event_name":"World of Goop","floor":10,"gold_loss":0},{"cards_removed":["Strike_G"],"damage_healed":0,"gold_gain":0,"player_choice":"Card Removal","damage_taken":7,"max_hp_gain":0,"max_hp_loss":0,"event_name":"Golden Wing","floor":11,"gold_loss":0},{"damage_healed":0,"gold_gain":0,"cards_transformed":["Strike_G"],"player_choice":"Transformed","damage_taken":0,"max_hp_gain":0,"max_hp_loss":0,"event_name":"Transmorgrifier","floor":14,"gold_loss":0,"cards_obtained":["Sucker Punch"]},{"damage_healed":0,"gold_gain":0,"player_choice":"Fight","damage_taken":0,"max_hp_gain":0,"max_hp_loss":0,"event_name":"Colosseum","floor":19,"gold_loss":0},{"damage_healed":0,"gold_gain":0,"player_choice":"Fought Nobs","damage_taken":0,"max_hp_gain":0,"max_hp_loss":0,"event_name":"Colosseum","floor":19,"gold_loss":0},{"damage_healed":0,"gold_gain":0,"player_choice":"Obtained Book","damage_taken":16,"max_hp_gain":0,"max_hp_loss":0,"event_name":"Cursed Tome","floor":20,"gold_loss":0},{"damage_healed":0,"gold_gain":99,"player_choice":"Stole From Cult","damage_taken":0,"max_hp_gain":0,"max_hp_loss":0,"event_name":"Nest","floor":31,"gold_loss":0},{"damage_healed":0,"gold_gain":0,"player_choice":"Embrace Madness","damage_taken":11,"max_hp_gain":0,"max_hp_loss":0,"event_name":"Winding Halls","floor":36,"gold_loss":0,"cards_obtained":["Madness","Madness"]},{"damage_healed":0,"gold_gain":0,"cards_transformed":["Strike_G"],"player_choice":"Transformed","damage_taken":0,"max_hp_gain":0,"max_hp_loss":0,"event_name":"Transmorgrifier","floor":37,"gold_loss":0,"cards_obtained":["Envenom"]},{"damage_healed":0,"gold_gain":0,"player_choice":"Ignored","damage_taken":0,"max_hp_gain":0,"max_hp_loss":0,"event_name":"SecretPortal","floor":38,"gold_loss":0},{"damage_healed":0,"gold_gain":0,"player_choice":"Fight","damage_taken":0,"max_hp_gain":0,"max_hp_loss":0,"event_name":"Mysterious Sphere","floor":42,"gold_loss":0},{"damage_healed":0,"gold_gain":0,"player_choice":"Ignored","damage_taken":0,"max_hp_gain":0,"max_hp_loss":0,"event_name":"Tomb of Lord Red Mask","floor":44,"gold_loss":0},{"damage_healed":0,"gold_gain":0,"player_choice":"Memory 1","damage_taken":0,"max_hp_gain":0,"max_hp_loss":0,"event_name":"SensoryStone","floor":45,"gold_loss":0}],"is_beta":false,"boss_relics":[{"not_picked":["Snecko Eye","WristBlade"],"picked":"Sozu"},{"not_picked":["Eternal Feather","Ring of the Serpent"],"picked":"Fusion Hammer"}],"items_purged_floors":[21,30,48],"is_endless":false,"potions_floor_spawned":[2,7,13,19,23,25,27,39,40,42],"ascension_level":4}