{"gold_per_floor":[118,134,145,145,160,179,50,14,39,39,54,54,54,90,90,209,272,295,316,241,259,92,106,106,126,126,151,151,0,14,35,35,35],"floor_reached":33,"playtime":2536,"items_purged":[],"score":253,"play_id":"1b02d46e-320d-471b-93c1-a0665c9bd2f7","local_time":"20190315233557","is_ascension_mode":false,"campfire_choices":[{"floor":13,"key":"REST"},{"data":"Scrape","floor":15,"key":"SMITH"},{"floor":24,"key":"REST"},{"floor":28,"key":"REST"},{"floor":32,"key":"REST"}],"neow_cost":"NONE","seed_source_timestamp":559284536970532,"circlet_count":0,"master_deck":["Strike_B","Strike_B","Strike_B+1","Strike_B","Defend_B","Defend_B","Defend_B","Zap+1","Dualcast","Scrape","Static Discharge","Stack","Coolheaded+1","Compile Driver","Doom and Gloom","Reprogram","Injury","Coolheaded","Scrape+1","Electrodynamics","Steam","Beam Cell","Heatsinks+1","Aggregate","Secret Technique","Hologram+1","Ball Lightning","Go for the Eyes","Storm","Multi-Cast"],"relics":["Cracked Core","NeowsBlessing","War Paint","Golden Idol","Bird Faced Urn","Omamori","Tiny House","Lantern"],"potions_floor_usage":[7,16,21,21,21,25,27,33],"damage_taken":[{"damage":0,"enemies":"Cultist","floor":1,"turns":1},{"damage":0,"enemies":"2 Louse","floor":2,"turns":1},{"damage":0,"enemies":"Jaw Worm","floor":3,"turns":1},{"damage":10,"enemies":"3 Louse","floor":5,"turns":4},{"damage":6,"enemies":"Looter","floor":6,"turns":4},{"damage":30,"enemies":"Exordium Thugs","floor":11,"turns":5},{"damage":12,"enemies":"Lagavulin","floor":14,"turns":5},{"damage":19,"enemies":"The Guardian","floor":16,"turns":10},{"damage":17,"enemies":"Shell Parasite","floor":18,"turns":11},{"damage":42,"enemies":"3 Byrds","floor":19,"turns":4},{"damage":7,"enemies":"Snake Plant","floor":21,"turns":3},{"damage":20,"enemies":"Centurion and Healer","floor":23,"turns":6},{"damage":14,"enemies":"Chosen and Byrds","floor":25,"turns":6},{"damage":33,"enemies":"Cultist and Chosen","floor":27,"turns":5},{"damage":21,"enemies":"Snake Plant","floor":30,"turns":4},{"damage":9,"enemies":"Centurion and Healer","floor":31,"turns":4},{"damage":38,"enemies":"Collector","floor":33,"turns":3}],"seed_played":"4246457041017962190","potions_obtained":[{"floor":3,"key":"FocusPotion"},{"floor":16,"key":"EssenceOfSteel"},{"floor":17,"key":"EssenceOfSteel"},{"floor":19,"key":"PowerPotion"},{"floor":23,"key":"AttackPotion"},{"floor":25,"key":"SkillPotion"},{"floor":27,"key":"FocusPotion"},{"floor":31,"key":"SteroidPotion"}],"is_trial":false,"path_per_floor":["M","M","M","?","M","M","$","$","T","?","M","T","R","E","R","B",null,"M","M","?","M","$","M","R","M","T","M","R","?","M","M","R","B"],"character_chosen":"DEFECT","items_purchased":["Doom and Gloom","Fruit Juice","Reprogram","Secret Technique"],"campfire_rested":4,"item_purchase_floors":[7,7,8,22],"current_hp_per_floor":[75,75,75,75,65,59,64,64,64,64,34,34,58,48,48,31,85,72,32,32,29,29,15,40,30,30,3,28,28,11,10,35,0],"gold":35,"neow_bonus":"THREE_ENEMY_KILL","is_prod":false,"is_daily":false,"chose_seed":false,"campfire_upgraded":1,"win_rate":0.0,"timestamp":1552707357,"path_taken":["M","M","?","?","M","M","?","$","T","?","M","?","R","E","R","BOSS","M","M","?","M","?","M","R","M","T","M","R","?","M","?","R","BOSS"],"build_version":"2019-01-23","purchased_purges":0,"victory":false,"max_hp_per_floor":[75,75,75,75,75,75,80,80,80,80,80,80,80,80,80,80,85,85,85,85,85,85,85,85,85,85,85,85,85,85,85,85,85],"card_choices":[{"not_picked":["Sweeping Beam","Gash"],"picked":"Scrape","floor":1},{"not_picked":["Go for the Eyes","Conserve Battery"],"picked":"Static Discharge","floor":2},{"not_picked":["Ball Lightning","Beam Cell"],"picked":"Stack","floor":3},{"not_picked":["Self Repair","Scrape"],"picked":"Coolheaded","floor":5},{"not_picked":["Melter","Scrape"],"picked":"Compile Driver","floor":6},{"not_picked":["Steam","Tempest"],"picked":"Coolheaded","floor":11},{"not_picked":["Ball Lightning","Consume"],"picked":"Scrape","floor":14},{"not_picked":["All For One","Biased Cognition"],"picked":"Electrodynamics","floor":16},{"not_picked":["Hologram","Glacier"],"picked":"Steam","floor":17},{"not_picked":["Defragment","Doom and Gloom"],"picked":"Beam Cell","floor":18},{"not_picked":["Streamline","Chaos+1"],"picked":"Heatsinks+1","floor":19},{"not_picked":["Reprogram","Steam"],"picked":"Aggregate","floor":21},{"not_picked":["Ball Lightning","Barrage"],"picked":"Hologram+1","floor":23},{"not_picked":["Compile Driver","Sweeping Beam"],"picked":"Ball Lightning","floor":25},{"not_picked":["Beam Cell","BootSequence+1"],"picked":"Go for the Eyes","floor":27},{"not_picked":["Sweeping Beam","Barrage"],"picked":"Storm","floor":30},{"not_picked":["Genetic Algorithm","Steam Power"],"picked":"Multi-Cast","floor":31}],"player_experience":13672,"relics_obtained":[{"floor":9,"key":"War Paint"},{"floor":12,"key":"Bird Faced Urn"},{"floor":14,"key":"Omamori"},{"floor":26,"key":"Lantern"}],"event_choices":[{"damage_healed":0,"gold_gain":0,"player_choice":"Ignored","damage_taken":0,"max_hp_gain":0,"max_hp_loss":0,"event_name":"Golden Wing","floor":4,"gold_loss":0},{"damage_healed":0,"gold_gain":0,"player_choice":"Take Wound","damage_taken":0,"relics_obtained":["Golden Idol"],"max_hp_gain":0,"max_hp_loss":0,"event_name":"Golden Idol","floor":10,"gold_loss":0,"cards_obtained":["Injury"]},{"cards_removed":["Defend_B"],"damage_healed":0,"gold_gain":0,"player_choice":"Gave Gold","damage_taken":0,"max_hp_gain":0,"max_hp_loss":0,"event_name":"Beggar","floor":20,"gold_loss":75},{"damage_healed":0,"gold_gain":0,"player_choice":"Paid Fearfully","damage_taken":0,"max_hp_gain":0,"max_hp_loss":0,"event_name":"Masked Bandits","floor":29,"gold_loss":151}],"is_beta":false,"boss_relics":[{"not_picked":["Runic Pyramid","Sozu"],"picked":"Tiny House"}],"items_purged_floors":[],"is_endless":false,"potions_floor_spawned":[3,16,19,23,25,27,31],"killed_by":"Collector","ascension_level":0}