{"gold_per_floor":[119,44,54,54,66,66,66,66,66,66,80,80,98,115,115,218,218,232,250,250],"floor_reached":20,"playtime":1845,"items_purged":["Strike_R"],"score":166,"play_id":"e07f8414-3d6e-4cba-b585-191b3ba929d6","local_time":"20190526190036","is_ascension_mode":false,"campfire_choices":[{"data":"Whirlwind","floor":6,"key":"SMITH"},{"data":"Pommel Strike","floor":8,"key":"SMITH"},{"data":"Bash","floor":10,"key":"SMITH"},{"data":"Flex","floor":12,"key":"SMITH"},{"data":"Armaments","floor":15,"key":"SMITH"}],"neow_cost":"NONE","seed_source_timestamp":929287593696400,"circlet_count":0,"master_deck":["Strike_R","Strike_R","Strike_R","Defend_R","Defend_R","Defend_R","Defend_R","Bash+1","Flex+1","Whirlwind+1","Pommel Strike+1","Corruption","Armaments+1","Impervious","Pommel Strike","Shrug It Off"],"relics":["Burning Blood","NeowsBlessing","Kunai","Mark of Pain"],"potions_floor_usage":[],"damage_taken":[{"damage":0,"enemies":"Jaw Worm","floor":1,"turns":1},{"damage":0,"enemies":"Cultist","floor":3,"turns":1},{"damage":0,"enemies":"Small Slimes","floor":5,"turns":1},{"damage":9,"enemies":"Blue Slaver","floor":11,"turns":3},{"damage":0,"enemies":"2 Fungi Beasts","floor":13,"turns":1},{"damage":0,"enemies":"Lots of Slimes","floor":14,"turns":2},{"damage":78,"enemies":"Hexaghost","floor":16,"turns":12},{"damage":0,"enemies":"Chosen","floor":18,"turns":4},{"damage":0,"enemies":"Spheric Guardian","floor":19,"turns":4},{"damage":0,"enemies":"Centurion and Healer","floor":20,"turns":2}],"seed_played":"3119302726765880341","potions_obtained":[{"floor":1,"key":"Weak Potion"},{"floor":4,"key":"LiquidBronze"},{"floor":4,"key":"BloodPotion"},{"floor":5,"key":"Energy Potion"}],"is_trial":false,"path_per_floor":["M","$","M","?","M","R","?","R","T","R","M","R","M","M","R","B",null,"M","M","M"],"character_chosen":"IRONCLAD","items_purchased":[],"campfire_rested":0,"item_purchase_floors":[],"current_hp_per_floor":[80,80,80,80,80,80,80,80,80,80,77,77,80,80,80,8,80,80,80,80],"gold":250,"neow_bonus":"THREE_ENEMY_KILL","is_prod":false,"is_daily":false,"chose_seed":false,"campfire_upgraded":5,"win_rate":0,"timestamp":1558911636,"path_taken":["M","$","M","?","?","R","?","R","T","R","M","R","M","M","R","BOSS","M","M","M"],"build_version":"2019-01-23","purchased_purges":1,"victory":false,"max_hp_per_floor":[80,80,80,80,80,80,80,80,80,80,80,80,80,80,80,80,80,80,80,80],"card_choices":[{"not_picked":["Reckless Charge","Clash"],"picked":"Flex","floor":1},{"not_picked":["Clothesline","True Grit"],"picked":"Whirlwind","floor":3},{"not_picked":["Carnage","Twin Strike"],"picked":"Pommel Strike","floor":5},{"not_picked":["Thunderclap","Havoc"],"picked":"Corruption","floor":11},{"not_picked":["Flame Barrier","Bludgeon","Burning Pact"],"picked":"SKIP","floor":13},{"not_picked":["Combust","Havoc"],"picked":"Armaments","floor":14},{"not_picked":["Fiend Fire","Bludgeon"],"picked":"Impervious","floor":16},{"not_picked":["Havoc","Clash"],"picked":"Pommel Strike","floor":18},{"not_picked":["Battle Trance","Warcry"],"picked":"Shrug It Off","floor":19}],"player_experience":931953,"relics_obtained":[{"floor":9,"key":"Kunai"}],"event_choices":[{"damage_healed":0,"gold_gain":0,"player_choice":"Got Potions","damage_taken":0,"max_hp_gain":0,"max_hp_loss":0,"event_name":"Lab","floor":4,"gold_loss":0},{"cards_removed":["Strike_R"],"damage_healed":0,"gold_gain":0,"player_choice":"Forget","damage_taken":0,"max_hp_gain":0,"max_hp_loss":0,"event_name":"Living Wall","floor":7,"gold_loss":0}],"is_beta":false,"boss_relics":[{"not_picked":["Lizard Tail","Runic Cube"],"picked":"Mark of Pain"}],"items_purged_floors":[2],"is_endless":false,"potions_floor_spawned":[1,5,11,16],"killed_by":"Centurion and Healer","ascension_level":0}