{"gold_per_floor":[116,132,149,3,17,44,44,61,85,112,124,152,197,229,241,353,365,393,425,456,468,492,504,526,72,126,126],"floor_reached":27,"playtime":1935,"items_purged":[],"score":268,"play_id":"0911f37f-3085-4726-a05c-68320b002d35","local_time":"20190609052350","is_ascension_mode":true,"campfire_choices":[{"floor":11,"key":"REST"},{"floor":15,"key":"REST"},{"floor":23,"key":"REST"}],"neow_cost":"NONE","seed_source_timestamp":26344442103362,"circlet_count":0,"master_deck":["Bash","Spot Weakness+1","Heavy Blade","Flame Barrier","Cleave","Bloodletting","Iron Wave","Evolve","Wild Strike","Heavy Blade","Iron Wave","Wild Strike","Pommel Strike","Flex","Clash","Perfected Strike","Demon Form","Pommel Strike","Disarm","Demon Form","Feel No Pain","Exhume","Armaments","Cleave","Flex","Disarm","Sentinel","Entrench+1","Sentinel+1","Armaments","True Grit","True Grit","Wild Strike","Havoc","HandOfGreed"],"relics":["Burning Blood","Anchor","Dream Catcher","MawBank","Strawberry","Pandora\u0027s Box","War Paint","Red Skull"],"potions_floor_usage":[13,16,16,27],"damage_taken":[{"damage":0,"enemies":"2 Louse","floor":1,"turns":3},{"damage":1,"enemies":"Cultist","floor":2,"turns":3},{"damage":0,"enemies":"Jaw Worm","floor":3,"turns":3},{"damage":0,"enemies":"Looter","floor":5,"turns":3},{"damage":41,"enemies":"Lagavulin","floor":6,"turns":10},{"damage":17,"enemies":"Exordium Thugs","floor":8,"turns":5},{"damage":0,"enemies":"3 Louse","floor":10,"turns":2},{"damage":3,"enemies":"Lots of Slimes","floor":12,"turns":4},{"damage":18,"enemies":"Gremlin Nob","floor":13,"turns":3},{"damage":0,"enemies":"Exordium Wildlife","floor":14,"turns":3},{"damage":54,"enemies":"The Guardian","floor":16,"turns":8},{"damage":32,"enemies":"Shell Parasite","floor":18,"turns":8},{"damage":14,"enemies":"Chosen","floor":19,"turns":5},{"damage":21,"enemies":"Snake Plant","floor":20,"turns":3},{"damage":31,"enemies":"Snecko","floor":22,"turns":5},{"damage":37,"enemies":"Centurion and Healer","floor":24,"turns":9},{"damage":11,"enemies":"Sentry and Sphere","floor":27,"turns":3}],"seed_played":"-5472856084846712884","potions_obtained":[{"floor":1,"key":"Dexterity Potion"},{"floor":2,"key":"FearPotion"},{"floor":5,"key":"SpeedPotion"},{"floor":12,"key":"SkillPotion"},{"floor":14,"key":"SkillPotion"},{"floor":20,"key":"Poison Potion"},{"floor":22,"key":"GamblersBrew"}],"is_trial":false,"path_per_floor":["M","M","M","$","M","E","?","M","T","M","R","M","E","M","R","B",null,"M","M","M","?","M","R","M","$","T","M"],"character_chosen":"IRONCLAD","items_purchased":["Cleave","Bloodletting","Iron Wave","War Paint","True Grit","Wild Strike","Havoc","HandOfGreed"],"campfire_rested":3,"item_purchase_floors":[4,4,4,25,25,25,25,25],"current_hp_per_floor":[80,80,80,80,80,45,45,34,34,40,64,67,62,68,87,39,87,61,53,38,38,13,39,8,8,8,0],"gold":126,"neow_bonus":"RANDOM_COMMON_RELIC","is_prod":false,"is_daily":false,"chose_seed":false,"campfire_upgraded":0,"win_rate":0,"timestamp":1560075830,"path_taken":["M","M","M","$","M","E","?","M","T","M","R","M","E","?","R","BOSS","M","M","M","?","M","R","M","$","T","M"],"build_version":"2019-01-23","purchased_purges":0,"victory":false,"max_hp_per_floor":[80,80,80,80,80,80,80,80,80,80,80,80,87,87,87,87,87,87,87,87,87,87,87,87,87,87,87],"card_choices":[{"not_picked":["Corruption","Rage"],"picked":"Spot Weakness","floor":1},{"not_picked":["Anger","Reckless Charge"],"picked":"Heavy Blade","floor":2},{"not_picked":["Clothesline","Combust"],"picked":"Flame Barrier","floor":3},{"not_picked":["Reckless Charge","Feel No Pain"],"picked":"Evolve","floor":5},{"not_picked":["Clothesline","Shrug It Off"],"picked":"Wild Strike","floor":6},{"not_picked":["Havoc","Armaments"],"picked":"Heavy Blade","floor":8},{"not_picked":["True Grit","Disarm"],"picked":"Iron Wave","floor":10},{"not_picked":["Battle Trance","Clash"],"picked":"Wild Strike","floor":11},{"not_picked":["Twin Strike","Anger"],"picked":"Pommel Strike","floor":12},{"not_picked":["Rage","Feed"],"picked":"Flex","floor":13},{"not_picked":["Sever Soul","Entrench"],"picked":"Clash","floor":14},{"not_picked":["Flame Barrier","Feel No Pain"],"picked":"Perfected Strike","floor":15},{"not_picked":["Feed","Limit Break"],"picked":"Demon Form","floor":16},{"not_picked":["Heavy Blade","Feel No Pain"],"picked":"Disarm","floor":18},{"not_picked":["Sword Boomerang","Cleave"],"picked":"Sentinel","floor":19},{"not_picked":["Dark Embrace","Cleave"],"picked":"Entrench+1","floor":20},{"not_picked":["Combust","Havoc"],"picked":"Sentinel","floor":22},{"not_picked":["Carnage","Clothesline"],"picked":"Armaments","floor":23},{"not_picked":["Reckless Charge+1","Feel No Pain+1"],"picked":"True Grit","floor":24}],"player_experience":69718,"relics_obtained":[{"floor":6,"key":"Dream Catcher"},{"floor":9,"key":"MawBank"},{"floor":13,"key":"Strawberry"},{"floor":26,"key":"Red Skull"}],"event_choices":[{"cards_removed":["Strike_R"],"damage_healed":0,"gold_gain":0,"player_choice":"Offered Basic","damage_taken":0,"max_hp_gain":0,"max_hp_loss":0,"event_name":"Bonfire Elementals","floor":7,"gold_loss":0},{"damage_healed":0,"gold_gain":0,"player_choice":"Ignored","damage_taken":0,"max_hp_gain":0,"max_hp_loss":0,"event_name":"Vampires","floor":21,"gold_loss":0}],"is_beta":false,"boss_relics":[{"not_picked":["Astrolabe","Black Blood"],"picked":"Pandora\u0027s Box"}],"items_purged_floors":[],"is_endless":false,"potions_floor_spawned":[1,2,5,12,14,20,22],"killed_by":"Sentry and Sphere","ascension_level":1}