{"gold_per_floor":[109,59,71,85,85,85,117,117,117,117,117,135,151,171,171,269,269,289,306,46,66,80,80,95,95,169,169,180,180],"floor_reached":29,"playtime":2251,"items_purged":[],"score":229,"play_id":"92e178a2-3388-4707-8a24-9d78b05c91b0","local_time":"20190604214237","is_ascension_mode":false,"campfire_choices":[{"data":"Zap","floor":6,"key":"SMITH"},{"data":"Static Discharge","floor":8,"key":"SMITH"},{"data":"Hologram","floor":11,"key":"SMITH"},{"floor":15,"key":"REST"},{"data":"Echo Form","floor":23,"key":"SMITH"},{"data":"Capacitor","floor":25,"key":"SMITH"}],"neow_cost":"NONE","seed_source_timestamp":1716238769993200,"circlet_count":0,"master_deck":["Strike_B","Strike_B","Strike_B","Defend_B","Defend_B","Defend_B","Defend_B","Zap+1","Dualcast","Thunder Strike","Hologram+1","Ball Lightning","Conserve Battery","Conserve Battery","Static Discharge+1","Cold Snap","Double Energy+1","Cold Snap","Echo Form+1","Capacitor+1","Redo+1","Ball Lightning","Hologram+1"],"relics":["Cracked Core","Matryoshka","Boot","Lantern","Toxic Egg 2","Velvet Choker","Pantograph","Bag of Preparation","Darkstone Periapt"],"potions_floor_usage":[12,14,16,24,29],"damage_taken":[{"damage":6,"enemies":"Small Slimes","floor":1,"turns":3},{"damage":4,"enemies":"2 Louse","floor":3,"turns":3},{"damage":0,"enemies":"Cultist","floor":4,"turns":3},{"damage":10,"enemies":"3 Sentries","floor":7,"turns":8},{"damage":10,"enemies":"Exordium Thugs","floor":12,"turns":3},{"damage":4,"enemies":"Large Slime","floor":13,"turns":3},{"damage":0,"enemies":"Gremlin Gang","floor":14,"turns":5},{"damage":12,"enemies":"The Guardian","floor":16,"turns":9},{"damage":0,"enemies":"Chosen","floor":18,"turns":5},{"damage":18,"enemies":"Shell Parasite","floor":19,"turns":4},{"damage":6,"enemies":"Snecko","floor":21,"turns":5},{"damage":14,"enemies":"Snake Plant","floor":22,"turns":5},{"damage":9,"enemies":"Centurion and Healer","floor":24,"turns":8},{"damage":20,"enemies":"Colosseum Slavers","floor":27,"turns":3},{"damage":7,"enemies":"Snecko","floor":28,"turns":4},{"damage":5,"enemies":"Snake Plant","floor":29,"turns":2}],"seed_played":"-7267004853619844871","potions_obtained":[{"floor":4,"key":"Weak Potion"},{"floor":7,"key":"Poison Potion"},{"floor":13,"key":"Swift Potion"},{"floor":16,"key":"FocusPotion"},{"floor":18,"key":"Dexterity Potion"},{"floor":21,"key":"Dexterity Potion"},{"floor":28,"key":"FocusPotion"}],"is_trial":false,"path_per_floor":["M","$","M","M","?","R","E","R","T","?","R","M","M","M","R","B",null,"M","M","$","M","M","R","M","R","T","?","M","M"],"character_chosen":"DEFECT","items_purchased":["Ball Lightning","Pantograph"],"campfire_rested":1,"item_purchase_floors":[2,20],"current_hp_per_floor":[69,69,65,65,53,53,43,43,43,36,36,26,22,22,44,32,75,75,57,57,51,37,37,28,28,28,8,1,0],"gold":180,"neow_bonus":"TRANSFORM_CARD","is_prod":false,"is_daily":false,"chose_seed":false,"campfire_upgraded":5,"win_rate":0.0,"timestamp":1559698957,"path_taken":["M","$","M","M","?","R","E","R","T","?","R","M","M","?","R","BOSS","M","M","$","M","M","R","M","R","T","?","M","M"],"build_version":"2019-01-23","purchased_purges":0,"victory":false,"max_hp_per_floor":[75,75,75,75,75,75,75,75,75,75,75,75,75,75,75,75,75,75,75,75,75,75,75,75,75,75,75,75,75],"card_choices":[{"not_picked":["Sweeping Beam","Cold Snap"],"picked":"Hologram","floor":1},{"not_picked":["Blizzard","Stack"],"picked":"Conserve Battery","floor":3},{"not_picked":["Blizzard","Turbo"],"picked":"Conserve Battery","floor":4},{"not_picked":["Reboot","Stack"],"picked":"Static Discharge","floor":7},{"not_picked":["Turbo+1","Go for the Eyes"],"picked":"Cold Snap","floor":12},{"not_picked":["Steam+1","Blizzard"],"picked":"Double Energy+1","floor":13},{"not_picked":["Fusion+1","Consume+1"],"picked":"Cold Snap","floor":14},{"not_picked":["Reboot+1","Fission+1"],"picked":"Echo Form","floor":16},{"not_picked":["Rebound+1","Gash","Fusion+1"],"picked":"SKIP","floor":18},{"not_picked":["Genetic Algorithm+1","Barrage"],"picked":"Capacitor","floor":19},{"not_picked":["Gash","Steam+1"],"picked":"Redo+1","floor":21},{"not_picked":["Fusion+1","Beam Cell","Turbo+1"],"picked":"SKIP","floor":22},{"not_picked":["Turbo+1","Stack+1"],"picked":"Ball Lightning","floor":24},{"not_picked":["Conserve Battery+1","Barrage"],"picked":"Hologram+1","floor":28}],"player_experience":1112480,"relics_obtained":[{"floor":7,"key":"Boot"},{"floor":9,"key":"Lantern"},{"floor":9,"key":"Toxic Egg 2"},{"floor":26,"key":"Bag of Preparation"},{"floor":26,"key":"Darkstone Periapt"}],"event_choices":[{"damage_healed":0,"gold_gain":0,"player_choice":"Success","damage_taken":12,"relics_obtained":["Matryoshka"],"max_hp_gain":0,"max_hp_loss":0,"event_name":"Scrap Ooze","floor":5,"gold_loss":0},{"damage_healed":0,"gold_gain":0,"player_choice":"Damaged","damage_taken":7,"max_hp_gain":0,"max_hp_loss":0,"event_name":"Wheel of Change","floor":10,"gold_loss":0},{"damage_healed":0,"gold_gain":0,"player_choice":"Fight","damage_taken":0,"max_hp_gain":0,"max_hp_loss":0,"event_name":"Colosseum","floor":27,"gold_loss":0},{"damage_healed":0,"gold_gain":0,"player_choice":"Fled From Nobs","damage_taken":0,"max_hp_gain":0,"max_hp_loss":0,"event_name":"Colosseum","floor":27,"gold_loss":0}],"is_beta":false,"boss_relics":[{"not_picked":["Runic Pyramid","Fusion Hammer"],"picked":"Velvet Choker"}],"items_purged_floors":[],"is_endless":false,"potions_floor_spawned":[4,7,13,16,18,21,28],"killed_by":"Snake Plant","ascension_level":0}