{"gold_per_floor":[118,138,150,225,171,171,197,256,305,320,320,320,352,365,365,468,468,484,193,193,203,73,73,108,108,108,135,163,163,178,210,210,307,307,319,330,349,364,59,59,75,75,75,75,95,129,140,92,92,92],"floor_reached":50,"playtime":1903,"items_purged":["Defend_R"],"score":617,"play_id":"39a80317-e116-4e69-a576-74324bf8afb7","local_time":"20190401232607","is_ascension_mode":true,"campfire_choices":[{"floor":6,"key":"RECALL"},{"data":"Pommel Strike","floor":12,"key":"SMITH"},{"data":"Pommel Strike","floor":15,"key":"SMITH"},{"data":"Pommel Strike","floor":23,"key":"SMITH"},{"data":"Perfected Strike","floor":25,"key":"SMITH"},{"data":"Perfected Strike","floor":32,"key":"SMITH"},{"data":"Apotheosis","floor":40,"key":"SMITH"},{"data":"Perfected Strike","floor":42,"key":"SMITH"},{"data":"Flex","floor":44,"key":"SMITH"},{"data":"Seeing Red","floor":49,"key":"SMITH"}],"neow_cost":"NONE","seed_source_timestamp":449650244695923,"circlet_count":0,"master_deck":["Strike_R","Strike_R","Strike_R","Strike_R","Strike_R","Defend_R","Defend_R","Defend_R","Bash+1","Perfected Strike+1","Seeing Red+1","Pommel Strike+1","Flex+1","Headbutt","Bludgeon","Pommel Strike+1","Pommel Strike+1","Cleave","Perfected Strike+1","Heavy Blade+1","Perfected Strike+1","Trip","Havoc+1","Necronomicurse","Thunderclap+1","Cleave+1","Twin Strike+1","Apotheosis+1","Flash of Steel+1","Perfected Strike+1","Cleave+1"],"relics":["Burning Blood","Bag of Marbles","Smiling Mask","Coffee Dripper","Gremlin Horn","Happy Flower","Molten Egg 2","Dream Catcher","Blood Vial","Necronomicon","Gambling Chip","Runic Cube","Dead Branch","Blue Candle"],"potions_floor_usage":[16,31,38,50,50],"damage_taken":[{"damage":1,"enemies":"Cultist","floor":1,"turns":3},{"damage":10,"enemies":"Small Slimes","floor":2,"turns":4},{"damage":1,"enemies":"Jaw Worm","floor":3,"turns":3},{"damage":30,"enemies":"3 Sentries","floor":7,"turns":7},{"damage":0,"enemies":"Large Slime","floor":10,"turns":4},{"damage":18,"enemies":"Lagavulin","floor":13,"turns":3},{"damage":1,"enemies":"Exordium Thugs","floor":14,"turns":3},{"damage":42,"enemies":"The Guardian","floor":16,"turns":7},{"damage":10,"enemies":"Spheric Guardian","floor":18,"turns":3},{"damage":5,"enemies":"2 Thieves","floor":21,"turns":2},{"damage":18,"enemies":"Slavers","floor":24,"turns":4},{"damage":25,"enemies":"Book of Stabbing","floor":28,"turns":3},{"damage":0,"enemies":"Centurion and Healer","floor":30,"turns":2},{"damage":14,"enemies":"Slavers","floor":31,"turns":2},{"damage":23,"enemies":"Collector","floor":33,"turns":4},{"damage":0,"enemies":"Orb Walker","floor":35,"turns":1},{"damage":0,"enemies":"3 Darklings","floor":36,"turns":1},{"damage":5,"enemies":"Sphere and 2 Shapes","floor":37,"turns":3},{"damage":0,"enemies":"Transient","floor":38,"turns":5},{"damage":0,"enemies":"3 Darklings","floor":41,"turns":2},{"damage":25,"enemies":"Maw","floor":45,"turns":3},{"damage":33,"enemies":"Nemesis","floor":46,"turns":3},{"damage":0,"enemies":"Spire Growth","floor":47,"turns":1},{"damage":80,"enemies":"Donu and Deca","floor":50,"turns":4}],"seed_played":"-3945387259313056232","potions_obtained":[{"floor":2,"key":"Ancient Potion"},{"floor":13,"key":"GamblersBrew"},{"floor":14,"key":"Block Potion"},{"floor":24,"key":"Regen Potion"},{"floor":33,"key":"SpeedPotion"},{"floor":35,"key":"Swift Potion"}],"is_trial":false,"path_per_floor":["M","M","M","?","$","R","E","?","T","M","?","R","E","M","R","B",null,"M","$","?","M","$","R","E","R","T","T","E","?","M","E","R","B",null,"M","M","M","M","$","R","M","R","T","R","M","E","M","$","R","B"],"character_chosen":"IRONCLAD","items_purchased":["Flex","Gremlin Horn","Perfected Strike","Perfected Strike","Trip","Apotheosis","Flash of Steel+1","PowerPotion"],"campfire_rested":0,"item_purchase_floors":[5,19,19,22,22,39,39,48],"current_hp_per_floor":[80,76,80,69,69,69,45,45,45,51,56,56,44,49,49,13,85,81,81,95,95,95,95,83,83,83,83,64,48,56,50,50,35,95,95,95,95,95,95,95,95,95,95,95,76,51,59,59,59,0],"gold":92,"neow_bonus":"UPGRADE_CARD","is_prod":false,"is_daily":false,"chose_seed":false,"campfire_upgraded":9,"win_rate":0,"timestamp":1554175567,"path_taken":["M","M","M","?","$","R","E","?","T","M","?","R","E","?","R","BOSS","M","$","?","M","?","R","E","R","T","?","E","?","M","E","R","BOSS","M","M","M","M","$","R","M","R","T","R","M","E","M","$","R","BOSS"],"build_version":"2019-01-23","purchased_purges":1,"victory":false,"max_hp_per_floor":[80,80,80,80,80,80,80,80,80,80,85,85,85,85,85,85,85,85,85,95,95,95,95,95,95,95,95,95,95,95,95,95,95,95,95,95,95,95,95,95,95,95,95,95,95,95,95,95,95,95],"card_choices":[{"not_picked":["Iron Wave","Clash"],"picked":"Perfected Strike","floor":1},{"not_picked":["Warcry","Second Wind"],"picked":"Seeing Red","floor":2},{"not_picked":["Cleave","Headbutt"],"picked":"Pommel Strike","floor":3},{"not_picked":["Sword Boomerang","Shockwave"],"picked":"Headbutt","floor":7},{"not_picked":["Flex","True Grit"],"picked":"Bludgeon","floor":10},{"not_picked":["Feel No Pain","Anger"],"picked":"Pommel Strike","floor":13},{"not_picked":["Thunderclap","Heavy Blade"],"picked":"Pommel Strike","floor":14},{"not_picked":["Offering","Bludgeon"],"picked":"Berserk","floor":16},{"not_picked":["Flame Barrier","Flex"],"picked":"Cleave","floor":18},{"not_picked":["Iron Wave","Carnage"],"picked":"Heavy Blade+1","floor":21},{"not_picked":["Body Slam","Cleave","Sword Boomerang"],"picked":"SKIP","floor":24},{"not_picked":["Power Through","Dual Wield"],"picked":"Havoc+1","floor":28},{"not_picked":["Corruption+1","Blood for Blood+1"],"picked":"Thunderclap+1","floor":30},{"not_picked":["Power Through","Clash+1"],"picked":"Cleave+1","floor":31},{"not_picked":["Flame Barrier","Body Slam+1"],"picked":"Twin Strike+1","floor":35},{"not_picked":["Anger+1","Searing Blow+1","Ghostly Armor+1"],"picked":"SKIP","floor":36},{"not_picked":["Iron Wave+1","Havoc","Corruption"],"picked":"SKIP","floor":37},{"not_picked":["Havoc","Shrug It Off","Clothesline+1"],"picked":"SKIP","floor":38},{"not_picked":["Spot Weakness","Clothesline+1"],"picked":"Perfected Strike+1","floor":41},{"not_picked":["Combust","Thunderclap+1","Headbutt+1"],"picked":"SKIP","floor":45},{"not_picked":["Limit Break","Thunderclap+1","Carnage+1"],"picked":"SKIP","floor":46},{"not_picked":["Ghostly Armor","True Grit+1"],"picked":"Cleave+1","floor":47}],"player_experience":86001,"relics_obtained":[{"floor":7,"key":"Bag of Marbles"},{"floor":13,"key":"Smiling Mask"},{"floor":24,"key":"Happy Flower"},{"floor":26,"key":"Molten Egg 2"},{"floor":27,"key":"Dream Catcher"},{"floor":28,"key":"Blood Vial"},{"floor":29,"key":"Necronomicon"},{"floor":31,"key":"Gambling Chip"},{"floor":43,"key":"Dead Branch"},{"floor":46,"key":"Blue Candle"}],"event_choices":[{"damage_healed":0,"gold_gain":75,"player_choice":"Gather Gold","damage_taken":11,"max_hp_gain":0,"max_hp_loss":0,"event_name":"World of Goop","floor":4,"gold_loss":0},{"damage_healed":0,"gold_gain":59,"player_choice":"Gained Gold","damage_taken":0,"max_hp_gain":0,"max_hp_loss":0,"event_name":"Golden Wing","floor":8,"gold_loss":0},{"damage_healed":0,"gold_gain":0,"player_choice":"Donut","damage_taken":0,"max_hp_gain":5,"max_hp_loss":0,"event_name":"Big Fish","floor":11,"gold_loss":0},{"cards_removed":["Berserk"],"damage_healed":4,"gold_gain":0,"player_choice":"Offered Rare","damage_taken":0,"max_hp_gain":10,"max_hp_loss":0,"event_name":"Bonfire Elementals","floor":20,"gold_loss":0},{"damage_healed":0,"gold_gain":0,"player_choice":"Obtained Book","damage_taken":16,"max_hp_gain":0,"max_hp_loss":0,"event_name":"Cursed Tome","floor":29,"gold_loss":0}],"is_beta":false,"boss_relics":[{"not_picked":["Empty Cage","Runic Pyramid"],"picked":"Coffee Dripper"},{"not_picked":["Calling Bell","Snecko Eye"],"picked":"Runic Cube"}],"items_purged_floors":[39],"is_endless":false,"potions_floor_spawned":[2,13,14,24,30,33,35,37],"killed_by":"Donu and Deca","ascension_level":1}