{"gold_per_floor":[15,31,41,41,41,41,72,247,247,267,287,287,310,325,325,455,518,541,561,561],"floor_reached":20,"playtime":1057,"items_purged":[],"score":178,"play_id":"699bfde8-8ac7-46f0-bbe3-0f6ac9086c69","local_time":"20190316194956","is_ascension_mode":false,"campfire_choices":[{"floor":6,"key":"REST"},{"floor":12,"key":"REST"},{"data":"Cleave","floor":15,"key":"SMITH"}],"neow_cost":"NO_GOLD","seed_source_timestamp":8046596317514,"circlet_count":0,"master_deck":["Strike_R","Strike_R","Strike_R","Strike_R","Strike_R","Defend_R","Defend_R","Defend_R","Defend_R","Bash","Offering","Sword Boomerang+1","Shrug It Off","Perfected Strike","Anger","Doubt","Flame Barrier","Thunderclap","Berserk","Cleave+1","Juggernaut","Iron Wave","Rage"],"relics":["Burning Blood","Golden Idol","StoneCalendar","Calipers","Unceasing Top","Tiny House"],"potions_floor_usage":[7,10,16,16,18,19],"damage_taken":[{"damage":8,"enemies":"2 Louse","floor":1,"turns":2},{"damage":11,"enemies":"Jaw Worm","floor":2,"turns":3},{"damage":6,"enemies":"Small Slimes","floor":3,"turns":3},{"damage":34,"enemies":"Lagavulin","floor":7,"turns":6},{"damage":6,"enemies":"Exordium Wildlife","floor":10,"turns":3},{"damage":6,"enemies":"Large Slime","floor":11,"turns":6},{"damage":6,"enemies":"3 Louse","floor":13,"turns":2},{"damage":14,"enemies":"2 Fungi Beasts","floor":14,"turns":4},{"damage":48,"enemies":"The Guardian","floor":16,"turns":8},{"damage":39,"enemies":"2 Thieves","floor":18,"turns":5},{"damage":23,"enemies":"Shell Parasite","floor":19,"turns":5},{"damage":37,"enemies":"Sentry and Sphere","floor":20,"turns":3}],"seed_played":"5673635897755701366","potions_obtained":[{"floor":1,"key":"Fire Potion"},{"floor":2,"key":"EssenceOfSteel"},{"floor":11,"key":"GamblersBrew"},{"floor":13,"key":"Poison Potion"},{"floor":17,"key":"AttackPotion"},{"floor":18,"key":"Weak Potion"}],"is_trial":false,"path_per_floor":["M","M","M","?","?","R","E","?","T","M","M","R","M","M","R","B",null,"M","M","M"],"character_chosen":"IRONCLAD","items_purchased":[],"campfire_rested":2,"item_purchase_floors":[],"current_hp_per_floor":[78,73,73,53,41,65,37,37,37,37,37,61,61,53,53,11,85,52,35,0],"gold":561,"neow_bonus":"THREE_RARE_CARDS","is_prod":false,"is_daily":false,"chose_seed":false,"campfire_upgraded":1,"win_rate":0.0,"timestamp":1552780196,"path_taken":["M","M","M","?","?","R","E","?","T","M","M","R","M","M","R","BOSS","M","M","M"],"build_version":"2019-01-23","purchased_purges":0,"victory":false,"max_hp_per_floor":[80,80,80,80,80,80,80,80,80,80,80,80,80,80,80,80,85,85,85,85],"card_choices":[{"not_picked":["Impervious","Berserk"],"picked":"Offering","floor":0},{"not_picked":["Bloodletting","Wild Strike"],"picked":"Sword Boomerang","floor":1},{"not_picked":["Perfected Strike","Clothesline"],"picked":"Shrug It Off","floor":2},{"not_picked":["Sword Boomerang","Infernal Blade"],"picked":"Perfected Strike","floor":3},{"not_picked":["Blood for Blood","Evolve"],"picked":"Anger","floor":7},{"not_picked":["Sword Boomerang","Flex"],"picked":"Flame Barrier","floor":10},{"not_picked":["Shockwave","Anger"],"picked":"Thunderclap","floor":11},{"not_picked":["Shrug It Off","Iron Wave"],"picked":"Berserk","floor":13},{"not_picked":["Iron Wave","Disarm"],"picked":"Cleave","floor":14},{"not_picked":["Fiend Fire","Immolate"],"picked":"Juggernaut","floor":16},{"not_picked":["Clash","Body Slam"],"picked":"Iron Wave","floor":17},{"not_picked":["Juggernaut","Flex","Intimidate+1"],"picked":"SKIP","floor":18},{"not_picked":["Headbutt","Sever Soul"],"picked":"Rage","floor":19}],"player_experience":21381,"relics_obtained":[{"floor":7,"key":"Calipers"},{"floor":9,"key":"Unceasing Top"}],"event_choices":[{"damage_healed":0,"gold_gain":0,"player_choice":"Take Damage","damage_taken":20,"relics_obtained":["Golden Idol"],"max_hp_gain":0,"max_hp_loss":0,"event_name":"Golden Idol","floor":4,"gold_loss":0},{"damage_healed":0,"gold_gain":0,"player_choice":"Success","damage_taken":12,"relics_obtained":["StoneCalendar"],"max_hp_gain":0,"max_hp_loss":0,"event_name":"Scrap Ooze","floor":5,"gold_loss":0},{"damage_healed":0,"gold_gain":175,"player_choice":"AGREE","damage_taken":0,"max_hp_gain":0,"max_hp_loss":0,"event_name":"Liars Game","floor":8,"gold_loss":0,"cards_obtained":["Doubt"]}],"is_beta":false,"boss_relics":[{"not_picked":["Runic Pyramid","Black Blood"],"picked":"Tiny House"}],"items_purged_floors":[],"is_endless":false,"potions_floor_spawned":[1,2,11,13,18],"killed_by":"Sentry and Sphere","ascension_level":0}