{"gold_per_floor":[117,117,135,153,153,153,9,9,9,9,22,22,33,49,49,148,148,167,186,198,123,123,123,23,23,47,63,63,76,76,1,1,97,97,115,128,0,0,17,17,44,44,71,71,85,35,35,35,35,47],"floor_reached":50,"playtime":4460,"items_purged":["Doubt","Injury","Strike_G"],"score":460,"play_id":"548ee23c-c84b-43e8-ada7-ce1ad6417eb6","local_time":"20180924071312","is_ascension_mode":false,"campfire_choices":[{"data":"Infinite Blades","floor":6.0,"key":"SMITH"},{"data":"Die Die Die","floor":8.0,"key":"SMITH"},{"floor":10.0,"key":"DIG"},{"floor":15.0,"key":"DIG"},{"floor":23,"key":"DIG"},{"floor":25,"key":"DIG"},{"floor":28,"key":"DIG"},{"floor":30,"key":"REST"},{"floor":32,"key":"DIG"},{"floor":40,"key":"REST"},{"floor":42,"key":"REST"},{"floor":44,"key":"REST"},{"floor":49,"key":"DIG"}],"neow_cost":"NONE","seed_source_timestamp":0,"circlet_count":0,"master_deck":["Defend_G+1","Defend_G+1","Defend_G+1","Defend_G+1","Defend_G+1","Strike_G+1","Survivor+1","Neutralize+1","Infinite Blades+1","Blade Dance+1","Masterful Stab+1","Neutralize+1","Die Die Die+1","Blade Dance+1","Malaise+1","Infinite Blades+1","Endless Agony+1","Die Die Die+1","Flying Knee+1","Blade Dance+1","Endless Agony+1","Mind Blast+1","Backflip+1","Quick Slash+1","Malaise+1","Deep Breath+1","Reflex+1","Predator+1","Backflip+1","Sucker Punch+1","Flechettes+1","Backstab+1","Backstab+1","Masterful Stab+1"],"special_seed":0,"relics":["Calling Bell","Bag of Preparation","Question Card","The Specimen","Shovel","Pantograph","Dodecahedron","Fusion Hammer","Sundial","Mercury Hourglass","Smiling Mask","Kunai","Pen Nib","Astrolabe","Red Mask","PreservedInsect","Oddly Smooth Stone","Mark of the Bloom","MawBank"],"potions_floor_usage":[27,35,50],"damage_taken":[{"damage":7.0,"enemies":"Jaw Worm","floor":1.0,"turns":11.0},{"damage":8.0,"enemies":"Small Slimes","floor":3.0,"turns":5.0},{"damage":8.0,"enemies":"Cultist","floor":4.0,"turns":5.0},{"damage":0.0,"enemies":"3 Louse","floor":11.0,"turns":3.0},{"damage":0.0,"enemies":"Lots of Slimes","floor":13.0,"turns":2.0},{"damage":0.0,"enemies":"Exordium Wildlife","floor":14.0,"turns":2.0},{"damage":24.0,"enemies":"Hexaghost","floor":16.0,"turns":10.0},{"damage":12.0,"enemies":"Shell Parasite","floor":18.0,"turns":5.0},{"damage":0.0,"enemies":"Spheric Guardian","floor":19.0,"turns":3.0},{"damage":1,"enemies":"3 Cultists","floor":20,"turns":4},{"damage":12,"enemies":"Snake Plant","floor":27,"turns":4},{"damage":14,"enemies":"Centurion and Healer","floor":29,"turns":3},{"damage":60,"enemies":"Automaton","floor":33,"turns":11},{"damage":9,"enemies":"3 Darklings","floor":35,"turns":3},{"damage":4,"enemies":"Orb Walker","floor":36,"turns":4},{"damage":12,"enemies":"Spire Growth","floor":39,"turns":3},{"damage":53,"enemies":"Nemesis","floor":41,"turns":9},{"damage":0,"enemies":"3 Darklings","floor":45,"turns":4},{"damage":61,"enemies":"Time Eater","floor":50,"turns":11}],"seed_played":"6796088205393719300","potions_obtained":[{"floor":3.0,"key":"Fire Potion"},{"floor":11.0,"key":"Explosive Potion"},{"floor":13.0,"key":"PowerPotion"},{"floor":14.0,"key":"Strength Potion"},{"floor":18.0,"key":"PowerPotion"},{"floor":27,"key":"Energy Potion"},{"floor":29,"key":"SmokeBomb"},{"floor":33,"key":"Strength Potion"},{"floor":35,"key":"Energy Potion"}],"is_trial":false,"path_per_floor":["M","?","M","M","?","R","$","R","T","R","M","?","M","M","R","B",null,"M","M","M","$","?","R","$","R","T","M","R","M","R","?","R","B",null,"M","M","?","?","M","R","E","R","T","R","M","$","?","?","R"],"character_chosen":"THE_SILENT","items_purchased":["Die Die Die"],"campfire_rested":4,"item_purchase_floors":[7],"current_hp_per_floor":[63,56,48,40,40,40,40,40,40,40,40,40,40,40,40,41,70,58,58,57,57,57,57,57,57,57,45,45,31,52,52,52,10,70,61,57,57,57,45,66,13,34,34,55,55,55,55,55,55,0],"gold":47,"neow_bonus":"BOSS_RELIC","is_prod":false,"is_daily":false,"chose_seed":false,"campfire_upgraded":2,"win_rate":0.0,"timestamp":1537794792,"path_taken":["M","?","M","M","?","R","$","R","T","R","M","?","M","?","R","BOSS","M","M","M","$","?","R","$","R","T","M","R","M","R","?","R","BOSS","M","M","?","?","M","R","E","R","T","R","M","$","?","?","R","BOSS"],"build_version":"2018-09-20","purchased_purges":3,"victory":false,"max_hp_per_floor":[70,70,70,70,70,70,70,70,70,70,70,70,70,70,70,70,70,70,70,70,70,70,70,70,70,70,70,70,70,70,70,70,70,70,70,70,70,70,70,70,70,70,70,70,70,70,70,66,66,66],"card_choices":[{"not_picked":["Poisoned Stab","A Thousand Cuts","Expertise"],"picked":"Infinite Blades","floor":1.0},{"not_picked":["Tactician","Calculated Gamble","Poisoned Stab"],"picked":"Blade Dance","floor":3.0},{"not_picked":["Dagger Spray","PiercingWail","Caltrops"],"picked":"Masterful Stab","floor":4.0},{"not_picked":["PiercingWail","Prepared","Quick Slash"],"picked":"Blade Dance","floor":11.0},{"not_picked":["Dagger Throw","Poisoned Stab","Underhanded Strike"],"picked":"Infinite Blades","floor":13.0},{"not_picked":["Night Terror","Flying Knee","Poisoned Stab"],"picked":"Endless Agony","floor":14.0},{"not_picked":["A Thousand Cuts","Night Terror","Venomology"],"picked":"Die Die Die","floor":16.0},{"not_picked":["Dagger Spray","Prepared","Deadly Poison"],"picked":"Flying Knee","floor":18.0},{"not_picked":["Acrobatics","Well Laid Plans+1","Dash+1"],"picked":"Blade Dance+1","floor":19},{"not_picked":["Bane","PiercingWail","Outmaneuver"],"picked":"Endless Agony","floor":20},{"not_picked":["All Out Attack","Dagger Spray","Doppelganger"],"picked":"Backflip+1","floor":27},{"not_picked":["Skewer","Distraction","Riddle With Holes+1"],"picked":"Quick Slash","floor":29},{"not_picked":["Glass Knife","Doppelganger","Wraith Form v2"],"picked":"Malaise","floor":33},{"not_picked":["Underhanded Strike","All Out Attack","Dagger Spray"],"picked":"Backflip+1","floor":35},{"not_picked":["Deadly Poison+1","Noxious Fumes","Flechettes+1"],"picked":"Sucker Punch","floor":36},{"not_picked":["Slice","Quick Slash+1","All Out Attack"],"picked":"Backstab","floor":39},{"not_picked":["Eviscerate","Flechettes","Endless Agony"],"picked":"Backstab+1","floor":41},{"not_picked":["Bane+1","Heel Hook+1","Deadly Poison+1"],"picked":"Masterful Stab","floor":45}],"player_experience":47056,"relics_obtained":[{"floor":0.0,"key":"Bag of Preparation"},{"floor":0.0,"key":"Question Card"},{"floor":0.0,"key":"The Specimen"},{"floor":9.0,"key":"Shovel"},{"floor":10.0,"key":"Pantograph"},{"floor":15.0,"key":"Dodecahedron"},{"floor":23,"key":"Sundial"},{"floor":25,"key":"Mercury Hourglass"},{"floor":26,"key":"Smiling Mask"},{"floor":28,"key":"Kunai"},{"floor":32,"key":"Pen Nib"},{"floor":41,"key":"PreservedInsect"},{"floor":43,"key":"Oddly Smooth Stone"},{"floor":49,"key":"MawBank"}],"event_choices":[{"event_name":"Golden Wing","player_choice":"Card Removal","floor":2.0,"damage_taken":0.0},{"event_name":"Match and Keep!","player_choice":"2 cards matched","floor":5.0,"damage_taken":0.0},{"event_name":"Match and Keep!","player_choice":"1 cards matched","floor":12.0,"damage_taken":0.0},{"event_name":"Match and Keep!","player_choice":"2 cards matched","floor":22,"damage_taken":0},{"event_name":"Beggar","player_choice":"Gave Gold","floor":31,"damage_taken":0},{"event_name":"Tomb of Lord Red Mask","player_choice":"Paid","floor":37,"damage_taken":0},{"event_name":"Transmorgrifier","player_choice":"Transform","floor":38,"damage_taken":0},{"event_name":"MindBloom","player_choice":"Upgrade","floor":47,"damage_taken":0},{"event_name":"Winding Halls","player_choice":"Max HP","floor":48,"damage_taken":0}],"is_beta":false,"boss_relics":[{"not_picked":["Sozu","Empty Cage"],"picked":"Fusion Hammer"},{"not_picked":["HoveringKite","Coffee Dripper"],"picked":"Astrolabe"}],"items_purged_floors":[21,24,46],"is_endless":false,"potions_floor_spawned":[3,11,13,14,18,27,29,33,35,41,45],"killed_by":"Time Eater","ascension_level":0}