{"gold_per_floor":[111,111,130,153,170,205,205,219,268,303,314,314,332,346,346,444,444,456,467,67,81,81,81,95,95,121,121,71,81,81,94,94,196,196,210,210,222,80,99,126,76,76,76,87,87,112,124,137,137,137,137,137,38,71,71],"floor_reached":55,"playtime":4143,"items_purged":["Strike_R","Strike_R","Strike_R","Strike_R","Strike_R"],"score":718,"play_id":"c6bbebcb-78d2-4096-8f27-ddca1a409171","local_time":"20190508155614","is_ascension_mode":false,"campfire_choices":[{"data":"Uppercut","floor":7,"key":"SMITH"},{"data":"True Grit","floor":12,"key":"SMITH"},{"data":"Carnage","floor":15,"key":"SMITH"},{"data":"Metallicize","floor":23,"key":"SMITH"},{"data":"Shrug It Off","floor":25,"key":"SMITH"},{"data":"Inflame","floor":27,"key":"SMITH"},{"data":"Spot Weakness","floor":30,"key":"SMITH"},{"data":"Heavy Blade","floor":32,"key":"SMITH"},{"data":"Whirlwind","floor":45,"key":"SMITH"},{"floor":49,"key":"RECALL"},{"data":"Madness","floor":52,"key":"SMITH"}],"neow_cost":"PERCENT_DAMAGE","seed_source_timestamp":243996361394016,"circlet_count":0,"master_deck":["Defend_R","Defend_R","Defend_R","Defend_R+1","Bash","Carnage+1","Shrug It Off+1","Intimidate+1","Uppercut+1","True Grit+1","Spot Weakness+1","Reaper","Inflame+1","Master of Strategy","Metallicize+1","Havoc+1","Heavy Blade+1","Feed","Madness+1","Madness","Whirlwind+1","Shrug It Off"],"relics":["Burning Blood","Orichalcum","Regal Pillow","Anchor","Smiling Mask","PreservedInsect","Runic Dome","War Paint","Cursed Key","Juzu Bracelet","Frozen Egg 2","Blood Vial"],"potions_floor_usage":[6,50,55,55,55],"damage_taken":[{"damage":1,"enemies":"Cultist","floor":1,"turns":3},{"damage":5,"enemies":"Jaw Worm","floor":3,"turns":2},{"damage":0,"enemies":"Small Slimes","floor":5,"turns":4},{"damage":13,"enemies":"3 Sentries","floor":6,"turns":10},{"damage":3,"enemies":"Blue Slaver","floor":8,"turns":3},{"damage":14,"enemies":"Lagavulin","floor":10,"turns":6},{"damage":5,"enemies":"Lots of Slimes","floor":11,"turns":5},{"damage":4,"enemies":"2 Fungi Beasts","floor":13,"turns":3},{"damage":1,"enemies":"Exordium Wildlife","floor":14,"turns":3},{"damage":37,"enemies":"Slime Boss","floor":16,"turns":11},{"damage":1,"enemies":"Shell Parasite","floor":18,"turns":6},{"damage":0,"enemies":"Chosen","floor":19,"turns":3},{"damage":9,"enemies":"Snake Plant","floor":21,"turns":3},{"damage":2,"enemies":"Snecko","floor":24,"turns":4},{"damage":4,"enemies":"3 Cultists","floor":29,"turns":5},{"damage":0,"enemies":"Centurion and Healer","floor":31,"turns":5},{"damage":42,"enemies":"Champ","floor":33,"turns":7},{"damage":1,"enemies":"Orb Walker","floor":35,"turns":2},{"damage":9,"enemies":"3 Shapes","floor":37,"turns":7},{"damage":3,"enemies":"Transient","floor":39,"turns":5},{"damage":6,"enemies":"Nemesis","floor":40,"turns":5},{"damage":4,"enemies":"4 Shapes","floor":44,"turns":2},{"damage":16,"enemies":"Reptomancer","floor":46,"turns":6},{"damage":0,"enemies":"Jaw Worm Horde","floor":47,"turns":3},{"damage":13,"enemies":"Spire Growth","floor":48,"turns":6},{"damage":61,"enemies":"Donu and Deca","floor":50,"turns":7},{"damage":88,"enemies":"Shield and Spear","floor":54,"turns":7},{"damage":41,"enemies":"The Heart","floor":55,"turns":3}],"seed_played":"-4550703210836769197","potions_obtained":[{"floor":1,"key":"SkillPotion"},{"floor":5,"key":"PowerPotion"},{"floor":6,"key":"SpeedPotion"},{"floor":10,"key":"EssenceOfSteel"}],"is_trial":false,"path_per_floor":["M","T","M","T","M","E","R","M","T","E","M","R","M","M","R","B",null,"M","M","$","M","?","R","M","R","T","R","$","M","R","M","R","B",null,"M","?","M","$","M","E","$","?","T","M","R","E","M","M","R","B",null,"R","$","E","B"],"character_chosen":"IRONCLAD","items_purchased":["Inflame","War Paint","Master of Strategy","Whirlwind","Shrug It Off","Dexterity Potion"],"campfire_rested":0,"item_purchase_floors":[20,20,20,38,38,53],"current_hp_per_floor":[77,77,78,78,84,77,77,80,80,72,73,73,75,80,80,49,96,96,96,96,93,93,93,96,96,96,96,96,96,96,96,96,60,96,96,84,99,99,99,99,99,99,99,99,99,92,98,98,98,59,102,102,102,29,0],"gold":71,"neow_bonus":"TWENTY_PERCENT_HP_BONUS","is_prod":false,"is_daily":false,"chose_seed":false,"campfire_upgraded":10,"win_rate":0,"timestamp":1557345374,"path_taken":["M","?","M","?","M","E","R","?","T","E","M","R","M","M","R","BOSS","M","M","$","M","?","R","M","R","T","R","$","M","R","M","R","BOSS","M","?","M","$","M","E","$","?","T","M","R","E","M","M","R","BOSS","R","$","E","BOSS"],"build_version":"2019-01-23","purchased_purges":5,"victory":false,"max_hp_per_floor":[96,96,96,96,96,96,96,96,96,96,96,96,96,96,96,96,96,96,96,96,96,96,96,96,96,96,96,96,96,96,96,96,96,96,96,96,99,99,99,99,99,99,99,99,99,102,102,102,102,102,102,102,102,102,102],"card_choices":[{"not_picked":["Dual Wield","Clothesline"],"picked":"Carnage","floor":1},{"not_picked":["Hemokinesis","Dual Wield"],"picked":"Shrug It Off","floor":3},{"not_picked":["Pommel Strike","Rupture"],"picked":"Intimidate","floor":5},{"not_picked":["Disarm","Combust"],"picked":"Uppercut","floor":6},{"not_picked":["Hemokinesis","Perfected Strike"],"picked":"True Grit","floor":8},{"not_picked":["Dual Wield","Iron Wave","Pommel Strike"],"picked":"SKIP","floor":10},{"not_picked":["Sword Boomerang","Corruption","Body Slam"],"picked":"SKIP","floor":11},{"not_picked":["Disarm","Searing Blow"],"picked":"Spot Weakness","floor":13},{"not_picked":["Pommel Strike","Twin Strike"],"picked":"Reaper","floor":14},{"not_picked":["Cleave","Pummel","Anger"],"picked":"SKIP","floor":18},{"not_picked":["Warcry","Uppercut","Clash+1"],"picked":"SKIP","floor":19},{"not_picked":["Infernal Blade","Carnage","Twin Strike"],"picked":"SKIP","floor":21},{"not_picked":["True Grit+1","Spot Weakness"],"picked":"Havoc+1","floor":24},{"not_picked":["Bloodletting","Pommel Strike+1","Power Through"],"picked":"SKIP","floor":29},{"not_picked":["Reckless Charge+1","Thunderclap"],"picked":"Heavy Blade","floor":31},{"not_picked":["Fiend Fire","Berserk"],"picked":"Feed","floor":33},{"not_picked":["True Grit","Searing Blow+1","Iron Wave+1"],"picked":"SKIP","floor":35},{"not_picked":["Pummel+1","Twin Strike+1","Uppercut"],"picked":"SKIP","floor":37},{"not_picked":["Heavy Blade+1","Inflame","Entrench"],"picked":"SKIP","floor":39},{"not_picked":["Feel No Pain+1","Twin Strike+1","Entrench+1"],"picked":"SKIP","floor":40},{"not_picked":["Seeing Red","Iron Wave+1","Clash+1"],"picked":"SKIP","floor":44},{"not_picked":["Twin Strike+1","Fire Breathing","Spot Weakness+1"],"picked":"SKIP","floor":46},{"not_picked":["Searing Blow","Entrench+1","Disarm"],"picked":"SKIP","floor":47},{"not_picked":["Pommel Strike+1","Warcry","Clothesline"],"picked":"SKIP","floor":48},{"not_picked":["Hemokinesis","Clothesline","Dual Wield"],"picked":"SKIP","floor":54}],"player_experience":386094,"relics_obtained":[{"floor":2,"key":"Orichalcum"},{"floor":4,"key":"Regal Pillow"},{"floor":6,"key":"Anchor"},{"floor":9,"key":"Smiling Mask"},{"floor":10,"key":"PreservedInsect"},{"floor":40,"key":"Juzu Bracelet"},{"floor":46,"key":"Frozen Egg 2"},{"floor":54,"key":"Blood Vial"}],"event_choices":[{"damage_healed":0,"gold_gain":0,"player_choice":"Read","damage_taken":0,"max_hp_gain":0,"max_hp_loss":0,"event_name":"The Library","floor":22,"gold_loss":0,"cards_obtained":["Metallicize"]},{"damage_healed":0,"gold_gain":0,"player_choice":"Embrace Madness","damage_taken":12,"max_hp_gain":0,"max_hp_loss":0,"event_name":"Winding Halls","floor":36,"gold_loss":0,"cards_obtained":["Madness","Madness"]},{"damage_healed":0,"gold_gain":0,"player_choice":"Full Heal","damage_taken":0,"max_hp_gain":0,"max_hp_loss":0,"event_name":"Wheel of Change","floor":42,"gold_loss":0}],"is_beta":false,"boss_relics":[{"not_picked":["Astrolabe","Snecko Eye"],"picked":"Runic Dome"},{"not_picked":["Empty Cage","Orrery"],"picked":"Cursed Key"}],"items_purged_floors":[20,28,38,41,53],"is_endless":false,"potions_floor_spawned":[1,5,6,10,14,19,21,33,35,40,48,54],"killed_by":"The Heart","ascension_level":0}