{"gold_per_floor":[113,125,125,125,125,125,137,151,176,211,211,230,230,230,230,320,320,345,360,381,46,60,60,0,0],"floor_reached":25,"playtime":1394,"items_purged":["Strike_G"],"score":445,"play_id":"77f8dbf1-ae66-44d2-95b3-4bab7959ae24","local_time":"20190531075854","is_ascension_mode":true,"campfire_choices":[{"data":"Corpse Explosion","floor":6.0,"key":"SMITH"},{"data":"Footwork","floor":11.0,"key":"SMITH"},{"floor":15.0,"key":"REST"},{"floor":23.0,"key":"REST"}],"neow_cost":"NONE","seed_source_timestamp":0,"circlet_count":0,"master_deck":["AscendersBane","Defend_G+1","Defend_G","Defend_G","Defend_G","Defend_G","Strike_G","Survivor","Neutralize","Corpse Explosion+1","Catalyst","Deadly Poison+1","Dodge and Roll","Footwork+1","Caltrops","Corpse Explosion","Footwork+1","Night Terror","Crippling Poison","Noxious Fumes"],"special_seed":0,"relics":["Ring of the Snake","Happy Flower","Potion Belt","Golden Idol","Empty Cage","Membership Card"],"potions_floor_usage":[25],"damage_taken":[{"damage":6.0,"enemies":"Small Slimes","floor":1.0,"turns":5.0},{"damage":2.0,"enemies":"2 Louse","floor":2.0,"turns":4.0},{"damage":0.0,"enemies":"Jaw Worm","floor":7.0,"turns":4.0},{"damage":0.0,"enemies":"Large Slime","floor":8.0,"turns":5.0},{"damage":11.0,"enemies":"Lagavulin","floor":10.0,"turns":5.0},{"damage":0.0,"enemies":"3 Louse","floor":12.0,"turns":2.0},{"damage":28.0,"enemies":"The Guardian","floor":16.0,"turns":7.0},{"damage":23.0,"enemies":"2 Thieves","floor":18.0,"turns":3.0},{"damage":5.0,"enemies":"Spheric Guardian","floor":19.0,"turns":5.0},{"damage":0.0,"enemies":"Cultist and Chosen","floor":20.0,"turns":3.0},{"damage":14.0,"enemies":"Snake Plant","floor":22.0,"turns":4.0},{"damage":56,"enemies":"Chosen and Byrds","floor":25,"turns":3}],"seed_played":"-8393334374938880652","potions_obtained":[{"floor":1.0,"key":"SkillPotion"},{"floor":16.0,"key":"LiquidBronze"},{"floor":19.0,"key":"GhostInAJar"},{"floor":22.0,"key":"Explosive Potion"}],"is_trial":false,"path_per_floor":["M","M","?","?","?","R","M","M","T","E","R","M","?","?","R","B",null,"M","M","M","$","M","R","?","M"],"character_chosen":"THE_SILENT","items_purchased":["Membership Card","Crippling Poison","Block Potion"],"campfire_rested":2,"item_purchase_floors":[21,21,21],"current_hp_per_floor":[53,51,31,31,53,53,53,53,53,42,42,42,19,19,38,10,52,29,24,24,24,10,29,29,0],"gold":0,"neow_bonus":"TRANSFORM_CARD","is_prod":false,"is_daily":false,"chose_seed":false,"campfire_upgraded":2,"win_rate":0,"timestamp":1559303934,"path_taken":["M","M","?","?","?","R","M","?","T","E","R","M","?","?","R","BOSS","M","M","M","$","M","R","?","M"],"build_version":"2019-01-23","purchased_purges":1,"victory":false,"max_hp_per_floor":[66,66,66,66,66,66,66,66,66,66,66,66,66,66,66,66,66,66,66,66,66,66,66,66,66],"card_choices":[{"not_picked":["Well Laid Plans","Expertise"],"picked":"Catalyst","floor":1.0},{"not_picked":["Acrobatics","Distraction"],"picked":"Deadly Poison","floor":2.0},{"not_picked":["Poisoned Stab","Acrobatics"],"picked":"Dodge and Roll","floor":7.0},{"not_picked":["Slice","Skewer"],"picked":"Footwork","floor":8.0},{"not_picked":["Slice","Outmaneuver","Die Die Die"],"picked":"SKIP","floor":10.0},{"not_picked":["Dagger Throw","Deadly Poison"],"picked":"Caltrops","floor":12.0},{"not_picked":["A Thousand Cuts","Wraith Form v2"],"picked":"Corpse Explosion","floor":16.0},{"not_picked":["Flying Knee","Underhanded Strike","Dagger Spray"],"picked":"SKIP","floor":18.0},{"not_picked":["Cloak And Dagger+1","Prepared"],"picked":"Footwork+1","floor":19.0},{"not_picked":["Bane","Outmaneuver"],"picked":"Night Terror","floor":20.0},{"not_picked":["Slice","PiercingWail"],"picked":"Noxious Fumes","floor":22.0}],"player_experience":521935,"relics_obtained":[{"floor":9.0,"key":"Happy Flower"},{"floor":10.0,"key":"Potion Belt"}],"event_choices":[{"damage_healed":0.0,"max_hp_gain":0.0,"max_hp_loss":0.0,"gold_gain":0.0,"event_name":"Shining Light","player_choice":"Entered Light","floor":3.0,"gold_loss":0.0,"damage_taken":20.0,"cards_upgraded":["Defend_G","Deadly Poison"]},{"damage_healed":0.0,"max_hp_gain":0.0,"max_hp_loss":0.0,"gold_gain":0.0,"event_name":"Liars Game","player_choice":"Ignored","floor":4.0,"gold_loss":0.0,"damage_taken":0.0},{"damage_healed":22.0,"max_hp_gain":0.0,"max_hp_loss":0.0,"gold_gain":0.0,"event_name":"Big Fish","player_choice":"Banana","floor":5.0,"gold_loss":0.0,"damage_taken":0.0},{"damage_healed":0.0,"max_hp_gain":0.0,"max_hp_loss":0.0,"gold_gain":0.0,"event_name":"Golden Idol","player_choice":"Take Damage","floor":13.0,"gold_loss":0.0,"damage_taken":23.0,"relics_obtained":["Golden Idol"]},{"damage_healed":0.0,"max_hp_gain":0.0,"max_hp_loss":0.0,"gold_gain":0.0,"event_name":"Scrap Ooze","player_choice":"Fled","floor":14.0,"gold_loss":0.0,"damage_taken":0.0},{"damage_healed":0.0,"max_hp_gain":0.0,"max_hp_loss":0.0,"gold_gain":0.0,"event_name":"Masked Bandits","player_choice":"Paid Fearfully","floor":24.0,"gold_loss":60.0,"damage_taken":0.0}],"is_beta":false,"boss_relics":[{"not_picked":["Runic Dome","Runic Pyramid"],"picked":"Empty Cage"}],"items_purged_floors":[21],"is_endless":false,"potions_floor_spawned":[1,16,19,22],"killed_by":"Chosen and Byrds","ascension_level":19}