{"gold_per_floor":[110,110,128,53,53,53,53,53,53,86,86,261,125,144,144,241,241],"floor_reached":17,"playtime":3536,"items_purged":["Strike_G","Doubt"],"score":151,"play_id":"de49b074-95fe-4a0a-be99-af06c8b8ba71","local_time":"20190603214230","is_ascension_mode":false,"campfire_choices":[{"data":"Neutralize","floor":6,"key":"SMITH"},{"data":"Survivor","floor":8,"key":"SMITH"},{"data":"Deflect","floor":11,"key":"SMITH"},{"data":"Deflect","floor":15,"key":"SMITH"}],"neow_cost":"NONE","seed_source_timestamp":1628529724861900,"circlet_count":0,"master_deck":["Defend_G","Defend_G","Defend_G","Defend_G","Strike_G","Strike_G","Strike_G","Strike_G","Survivor+1","Neutralize+1","Deflect+1","Deflect+1","Backstab","Tools of the Trade"],"relics":["Busted Crown"],"potions_floor_usage":[16,16],"damage_taken":[{"damage":0,"enemies":"2 Louse","floor":1,"turns":4},{"damage":0,"enemies":"Jaw Worm","floor":3,"turns":6},{"damage":34,"enemies":"3 Sentries","floor":10,"turns":16},{"damage":0,"enemies":"Small Slimes","floor":14,"turns":3},{"damage":35,"enemies":"The Guardian","floor":16,"turns":29}],"seed_played":"5768352347732679025","potions_obtained":[{"floor":3,"key":"Swift Potion"},{"floor":10,"key":"Swift Potion"},{"floor":16,"key":"Swift Potion"}],"is_trial":false,"path_per_floor":["M","?","M","$","?","R","$","R","T","E","R","?","$","M","R","B",null],"character_chosen":"THE_SILENT","items_purchased":["Backstab"],"campfire_rested":0,"item_purchase_floors":[13],"current_hp_per_floor":[70,75,75,75,75,75,75,75,75,41,41,41,41,41,41,6,75],"gold":241,"neow_bonus":"BOSS_RELIC","is_prod":false,"is_daily":false,"chose_seed":false,"campfire_upgraded":4,"win_rate":0,"timestamp":1559612550,"path_taken":["M","?","M","$","?","R","$","R","T","E","R","?","?","M","R","BOSS"],"build_version":"2019-01-23","purchased_purges":2,"victory":false,"max_hp_per_floor":[70,75,75,75,75,75,75,75,75,75,75,75,75,75,75,75,75],"card_choices":[{"not_picked":["Slice"],"picked":"SKIP","floor":1},{"not_picked":[],"picked":"Deflect","floor":3},{"not_picked":[],"picked":"Deflect","floor":10},{"not_picked":["Deflect"],"picked":"SKIP","floor":14},{"not_picked":[],"picked":"Tools of the Trade","floor":16}],"player_experience":1078024,"relics_obtained":[],"event_choices":[{"damage_healed":0,"gold_gain":0,"player_choice":"Donut","damage_taken":0,"max_hp_gain":5,"max_hp_loss":0,"event_name":"Big Fish","floor":2,"gold_loss":0},{"cards_removed":["Defend_G"],"damage_healed":0,"gold_gain":0,"player_choice":"Forget","damage_taken":0,"max_hp_gain":0,"max_hp_loss":0,"event_name":"Living Wall","floor":5,"gold_loss":0},{"damage_healed":0,"gold_gain":175,"player_choice":"AGREE","damage_taken":0,"max_hp_gain":0,"max_hp_loss":0,"event_name":"Liars Game","floor":12,"gold_loss":0,"cards_obtained":["Doubt"]}],"is_beta":false,"boss_relics":[{"not_picked":["Runic Dome","Eternal Feather","White Beast Statue"]}],"items_purged_floors":[4,13],"is_endless":false,"potions_floor_spawned":[3,10,16],"ascension_level":0}