{"gold_per_floor":[117,87,102,102,277,277,337,352,352,352,352,8,8,38,38,138,138,149,166,181,181,194,219,219,254,254,134,134],"floor_reached":28,"playtime":1217,"items_purged":["Defend_R"],"score":317,"play_id":"34612465-b031-49a4-80b5-e41541e99bce","local_time":"20181028095032","is_ascension_mode":true,"campfire_choices":[{"data":"Perfected Strike","floor":6,"key":"SMITH"},{"data":"Flex","floor":13,"key":"SMITH"},{"floor":15,"key":"REST"}],"neow_cost":"PERCENT_DAMAGE","seed_source_timestamp":335784794735986,"circlet_count":0,"master_deck":["Strike_R+1","Strike_R","Strike_R","Strike_R","Strike_R","Defend_R","Defend_R","Defend_R","Bash+1","Perfected Strike+1","Flex+1","Cleave","Inflame","Reckless Charge","Feed","Pommel Strike","Sword Boomerang","Sword Boomerang","Pommel Strike","J.A.X.","Twin Strike+1","Thunderclap","Clash"],"relics":["Burning Blood","Gambling Chip","Ginger","Strawberry","Whetstone","Champion Belt","Prayer Wheel","Ornamental Fan","Runic Dome","Kunai","Pocketwatch","Unceasing Top"],"potions_floor_usage":[7,16,22,25,25],"damage_taken":[{"damage":14,"enemies":"Jaw Worm","floor":1,"turns":3},{"damage":0,"enemies":"Cultist","floor":3,"turns":2},{"damage":26,"enemies":"Gremlin Nob","floor":7,"turns":4},{"damage":0,"enemies":"Small Slimes","floor":8,"turns":3},{"damage":30,"enemies":"Lagavulin","floor":14,"turns":5},{"damage":26,"enemies":"Hexaghost","floor":16,"turns":7},{"damage":2,"enemies":"Chosen","floor":18,"turns":3},{"damage":0,"enemies":"Spheric Guardian","floor":19,"turns":2},{"damage":8,"enemies":"Chosen and Byrds","floor":20,"turns":3},{"damage":10,"enemies":"Sentry and Sphere","floor":22,"turns":3},{"damage":47,"enemies":"Slavers","floor":23,"turns":4},{"damage":27,"enemies":"Gremlin Leader","floor":25,"turns":5},{"damage":13,"enemies":"Book of Stabbing","floor":28,"turns":2}],"seed_played":"948932401318306660","potions_obtained":[{"floor":2,"key":"Dexterity Potion"},{"floor":2,"key":"Swift Potion"},{"floor":7,"key":"SteroidPotion"},{"floor":16,"key":"Fire Potion"},{"floor":22,"key":"Dexterity Potion"}],"is_trial":false,"path_per_floor":["M","?","M","T","?","R","?","M","T","T","?","$","R","E","R","B",null,"M","M","M","?","M","E","?","E","T","$"],"character_chosen":"IRONCLAD","items_purchased":["Inflame","Prayer Wheel","Clash"],"campfire_rested":1,"item_purchase_floors":[12,12,27],"current_hp_per_floor":[48,48,54,54,54,54,41,47,47,47,47,47,47,23,49,29,87,90,90,91,91,87,49,30,9,9,9,0],"gold":134,"neow_bonus":"ONE_RARE_RELIC","is_prod":false,"is_daily":false,"chose_seed":false,"campfire_upgraded":2,"win_rate":0,"timestamp":1540741832,"path_taken":["M","?","M","?","?","R","?","?","T","?","?","?","R","E","R","BOSS","M","M","M","?","M","E","?","E","T","$","E"],"build_version":"2018-10-25v2","purchased_purges":1,"victory":false,"max_hp_per_floor":[80,80,80,80,80,80,87,87,87,87,87,87,87,87,87,87,87,90,90,93,93,93,96,101,101,101,101,101],"card_choices":[{"not_picked":["Pommel Strike","Sever Soul"],"picked":"Perfected Strike","floor":1},{"not_picked":["Armaments","Rampage","Rage"],"picked":"SKIP","floor":3},{"not_picked":["Headbutt","Armaments"],"picked":"Flex","floor":7},{"not_picked":["Anger","Clothesline"],"picked":"Cleave","floor":8},{"not_picked":["Combust","Dark Embrace"],"picked":"Reckless Charge","floor":14},{"not_picked":["Demon Form","Juggernaut"],"picked":"Feed","floor":16},{"not_picked":["Heavy Blade","Shockwave+1"],"picked":"Pommel Strike","floor":18},{"not_picked":["Searing Blow","Cleave","Feel No Pain"],"picked":"SKIP","floor":18},{"not_picked":["Sever Soul","Rampage"],"picked":"Sword Boomerang","floor":19},{"not_picked":["Disarm","Clothesline","Iron Wave+1"],"picked":"SKIP","floor":19},{"not_picked":["Headbutt+1","Demon Form"],"picked":"Sword Boomerang","floor":20},{"not_picked":["Pummel","Sword Boomerang"],"picked":"Pommel Strike","floor":20},{"not_picked":["Headbutt","Carnage+1","Anger+1"],"picked":"SKIP","floor":22},{"not_picked":["Burning Pact","Shrug It Off","Havoc"],"picked":"SKIP","floor":22},{"not_picked":["Havoc","Flex"],"picked":"Twin Strike+1","floor":23},{"not_picked":["Havoc+1","Reckless Charge+1"],"picked":"Thunderclap","floor":25}],"player_experience":204851,"relics_obtained":[{"floor":4,"key":"Ginger"},{"floor":7,"key":"Strawberry"},{"floor":9,"key":"Whetstone"},{"floor":10,"key":"Champion Belt"},{"floor":14,"key":"Ornamental Fan"},{"floor":23,"key":"Kunai"},{"floor":25,"key":"Pocketwatch"},{"floor":26,"key":"Unceasing Top"}],"event_choices":[{"damage_healed":0,"gold_gain":0,"player_choice":"Bought 2 Potions","damage_taken":0,"max_hp_gain":0,"max_hp_loss":0,"event_name":"The Woman in Blue","floor":2,"gold_loss":0},{"damage_healed":0,"gold_gain":175,"player_choice":"AGREE","damage_taken":0,"max_hp_gain":0,"max_hp_loss":0,"event_name":"Liars Game","floor":5,"gold_loss":0,"cards_obtained":["Doubt"]},{"damage_healed":0,"gold_gain":0,"player_choice":"Searched \u00271\u0027 times","damage_taken":0,"max_hp_gain":0,"max_hp_loss":0,"event_name":"Dead Adventurer","floor":7,"gold_loss":0},{"cards_removed":["Doubt"],"damage_healed":0,"gold_gain":0,"player_choice":"Forget","damage_taken":0,"max_hp_gain":0,"max_hp_loss":0,"event_name":"Living Wall","floor":11,"gold_loss":0},{"damage_healed":0,"gold_gain":0,"player_choice":"Obtain J.A.X.","damage_taken":0,"max_hp_gain":0,"max_hp_loss":0,"event_name":"Drug Dealer","floor":21,"gold_loss":0,"cards_obtained":["J.A.X."]},{"damage_healed":0,"gold_gain":0,"player_choice":"Shed Blood","damage_taken":24,"max_hp_gain":5,"max_hp_loss":0,"event_name":"Forgotten Altar","floor":24,"gold_loss":0}],"is_beta":false,"boss_relics":[{"not_picked":["White Beast Statue","Fusion Hammer"],"picked":"Runic Dome"}],"items_purged_floors":[27],"is_endless":false,"potions_floor_spawned":[7,16,22],"killed_by":"Book of Stabbing","ascension_level":3}