{"gold_per_floor":[216,216,216,141,156,156,173,188,188,188,199,231,242,258,258,330,330,347,367,97,97,113,113,127,127,127,141,141,170,170,188,188,188],"floor_reached":33,"playtime":1298,"items_purged":["Strike_R"],"score":542,"play_id":"1dadb3e1-4c19-419b-b6a8-023de239607d","local_time":"20190604205702","is_ascension_mode":true,"campfire_choices":[{"data":"Iron Wave","floor":6,"key":"SMITH"},{"data":"Juggernaut","floor":10,"key":"SMITH"},{"data":"True Grit","floor":15,"key":"SMITH"},{"data":"Clothesline","floor":23,"key":"SMITH"},{"data":"True Grit","floor":25,"key":"SMITH"},{"data":"Immolate","floor":28,"key":"SMITH"},{"floor":30,"key":"REST"},{"data":"Metallicize","floor":32,"key":"SMITH"}],"neow_cost":"NONE","seed_source_timestamp":1870041270435351,"circlet_count":0,"master_deck":["AscendersBane","Strike_R+1","Strike_R+1","Strike_R","Strike_R","Defend_R","Defend_R","Defend_R","Defend_R+1","Bash+1","Iron Wave+1","Disarm","Juggernaut+1","True Grit+1","True Grit+1","Carnage","Anger","Immolate+1","Headbutt","Iron Wave","Clothesline+1","Iron Wave+1","Flame Barrier+1","Feed","Spot Weakness","Metallicize+1"],"relics":["Burning Blood","Whetstone","Pantograph","Sozu","Lee\u0027s Waffle","Pen Nib","Regal Pillow"],"potions_floor_usage":[14,16,16],"damage_taken":[{"damage":2,"enemies":"2 Louse","floor":1,"turns":3},{"damage":1,"enemies":"Cultist","floor":5,"turns":3},{"damage":7,"enemies":"Small Slimes","floor":7,"turns":4},{"damage":27,"enemies":"Exordium Wildlife","floor":8,"turns":6},{"damage":3,"enemies":"Looter","floor":11,"turns":5},{"damage":33,"enemies":"3 Sentries","floor":12,"turns":9},{"damage":4,"enemies":"Red Slaver","floor":13,"turns":6},{"damage":0,"enemies":"Gremlin Gang","floor":14,"turns":4},{"damage":52,"enemies":"Slime Boss","floor":16,"turns":8},{"damage":4,"enemies":"Spheric Guardian","floor":18,"turns":3},{"damage":20,"enemies":"Chosen","floor":19,"turns":6},{"damage":20,"enemies":"Centurion and Healer","floor":22,"turns":7},{"damage":29,"enemies":"Snake Plant","floor":24,"turns":5},{"damage":10,"enemies":"Cultist and Chosen","floor":27,"turns":6},{"damage":40,"enemies":"Book of Stabbing","floor":29,"turns":5},{"damage":7,"enemies":"Sentry and Sphere","floor":31,"turns":4},{"damage":102,"enemies":"Champ","floor":33,"turns":8}],"seed_played":"-8625803359591772036","potions_obtained":[{"floor":8,"key":"Strength Potion"},{"floor":12,"key":"Explosive Potion"},{"floor":14,"key":"FearPotion"}],"is_trial":false,"path_per_floor":["M","?","?","$","M","R","M","M","T","R","M","E","M","M","R","B",null,"M","M","$","?","M","R","M","R","T","M","R","E","R","M","R","B"],"character_chosen":"IRONCLAD","items_purchased":["Lee\u0027s Waffle","Clothesline"],"campfire_rested":1,"item_purchase_floors":[20,20],"current_hp_per_floor":[72,72,72,72,75,75,74,53,53,53,56,29,31,37,37,16,60,62,48,82,82,68,68,45,45,45,41,41,7,46,48,48,0],"gold":188,"neow_bonus":"HUNDRED_GOLD","is_prod":false,"is_daily":false,"chose_seed":false,"campfire_upgraded":7,"win_rate":0,"timestamp":1559696222,"path_taken":["M","?","?","$","?","R","M","M","T","R","M","E","M","M","R","BOSS","M","M","$","?","M","R","M","R","T","?","R","E","R","M","R","BOSS"],"build_version":"2019-01-23","purchased_purges":1,"victory":false,"max_hp_per_floor":[75,75,75,75,75,75,75,75,75,75,75,75,75,75,75,75,75,75,75,82,82,82,82,82,82,82,82,82,82,82,85,85,85],"card_choices":[{"not_picked":["Thunderclap","Clash","Feel No Pain"],"picked":"SKIP","floor":1},{"not_picked":["Perfected Strike","Headbutt"],"picked":"Iron Wave","floor":5},{"not_picked":["Armaments","Rage"],"picked":"Disarm","floor":7},{"not_picked":["Bloodletting","Shockwave"],"picked":"Juggernaut","floor":8},{"not_picked":["Havoc","Rage"],"picked":"True Grit","floor":11},{"not_picked":["Second Wind","Sword Boomerang"],"picked":"True Grit","floor":12},{"not_picked":["Wild Strike","Infernal Blade"],"picked":"Carnage","floor":13},{"not_picked":["True Grit","Rage"],"picked":"Anger","floor":14},{"not_picked":["Fiend Fire","Bludgeon"],"picked":"Immolate","floor":16},{"not_picked":["Power Through","Pommel Strike"],"picked":"Headbutt","floor":18},{"not_picked":["Flex","Sentinel"],"picked":"Iron Wave","floor":19},{"not_picked":["Heavy Blade","Clash"],"picked":"Flame Barrier+1","floor":22},{"not_picked":["Sword Boomerang","Thunderclap","Pommel Strike"],"picked":"SKIP","floor":24},{"not_picked":["Warcry","Evolve"],"picked":"Feed","floor":27},{"not_picked":["Body Slam","True Grit"],"picked":"Spot Weakness","floor":29},{"not_picked":["Thunderclap","True Grit"],"picked":"Metallicize","floor":31}],"player_experience":556902,"relics_obtained":[{"floor":9,"key":"Whetstone"},{"floor":12,"key":"Pantograph"},{"floor":26,"key":"Pen Nib"},{"floor":29,"key":"Regal Pillow"}],"event_choices":[{"damage_healed":0,"gold_gain":0,"player_choice":"Grow","damage_taken":0,"max_hp_gain":0,"max_hp_loss":0,"event_name":"Living Wall","floor":2,"gold_loss":0,"cards_upgraded":["Bash"]},{"damage_healed":0,"gold_gain":0,"player_choice":"Upgraded","damage_taken":0,"max_hp_gain":0,"max_hp_loss":0,"event_name":"Upgrade Shrine","floor":3,"gold_loss":0,"cards_upgraded":["Defend_R"]},{"damage_healed":0,"gold_gain":0,"player_choice":"Copied","damage_taken":0,"max_hp_gain":0,"max_hp_loss":0,"event_name":"Duplicator","floor":21,"gold_loss":0,"cards_obtained":["Iron Wave"]}],"is_beta":false,"boss_relics":[{"not_picked":["Black Star","Coffee Dripper"],"picked":"Sozu"}],"items_purged_floors":[4],"is_endless":false,"potions_floor_spawned":[8,12,13,14,22,24,29,31],"killed_by":"Champ","ascension_level":20}