{"gold_per_floor":[119,129,129,14,26,61,61,90,90,90,110,126,184,203,203,301,301,315,62,62,80,95,95,113,113,159,171,214,242,85,102,102,200,200,214,1213,591,605,605,605,639,659,709,744,27,56,56,70,70,70],"floor_reached":51,"playtime":5123,"items_purged":["Strike_G","Strike_G","Normality","Strike_G"],"score":990,"play_id":"90aa2183-94d8-491b-ac82-1e5dcfe228bd","local_time":"20190609174309","is_ascension_mode":true,"campfire_choices":[{"floor":7.0,"key":"REST"},{"data":"Neutralize","floor":10.0,"key":"SMITH"},{"floor":15,"key":"REST"},{"data":"A Thousand Cuts","floor":23,"key":"SMITH"},{"data":"Prepared","floor":25,"key":"SMITH"},{"data":"Prepared","floor":27,"key":"SMITH"},{"floor":32,"key":"REST"},{"data":"Burst","floor":40,"key":"SMITH"},{"floor":47,"key":"REST"},{"floor":49,"key":"REST"}],"neow_cost":"NONE","seed_source_timestamp":872769187370752,"circlet_count":0,"master_deck":["Defend_G","Defend_G","Defend_G","Defend_G","Defend_G","Strike_G","Survivor","Neutralize+1","Backflip","Dagger Throw","Infinite Blades","Dagger Spray","Die Die Die","PiercingWail","Escape Plan","Noxious Fumes","Underhanded Strike","Prepared+1","A Thousand Cuts+1","Eviscerate","Expertise","Tactician","Backstab","Backflip","Prepared+1","Blade Dance+1","Prepared","Infinite Blades","Footwork","Burst+1","Footwork+1","Normality","Predator+1","Prepared+1","Noxious Fumes+1","Calculated Gamble","A Thousand Cuts","Dash"],"special_seed":0,"relics":["Ring of the Snake","Du-Vu Doll","FossilizedHelix","Tough Bandages","Juzu Bracelet","Orrery","Singing Bowl","MawBank","Mummified Hand","Sozu","Oddly Smooth Stone","Lee\u0027s Waffle","Lantern","Mercury Hourglass","Dodecahedron","Bag of Preparation","Medical Kit","Omamori","Letter Opener"],"potions_floor_usage":[13,14,18,22,24,33],"damage_taken":[{"damage":0.0,"enemies":"Small Slimes","floor":1.0,"turns":7.0},{"damage":13.0,"enemies":"Jaw Worm","floor":2.0,"turns":6.0},{"damage":4.0,"enemies":"2 Louse","floor":5.0,"turns":3.0},{"damage":22.0,"enemies":"3 Sentries","floor":6.0,"turns":7.0},{"damage":20.0,"enemies":"Gremlin Nob","floor":8.0,"turns":4.0},{"damage":0.0,"enemies":"2 Fungi Beasts","floor":11.0,"turns":2.0},{"damage":0.0,"enemies":"Looter","floor":12.0,"turns":3.0},{"damage":19,"enemies":"Gremlin Nob","floor":13,"turns":5},{"damage":0,"enemies":"Blue Slaver","floor":14,"turns":5},{"damage":21,"enemies":"Hexaghost","floor":16,"turns":12},{"damage":13,"enemies":"Spheric Guardian","floor":18,"turns":5},{"damage":5,"enemies":"Shell Parasite","floor":21,"turns":8},{"damage":0,"enemies":"Sentry and Sphere","floor":22,"turns":6},{"damage":14,"enemies":"Centurion and Healer","floor":24,"turns":8},{"damage":24,"enemies":"Slavers","floor":28,"turns":4},{"damage":15,"enemies":"Snake Plant","floor":29,"turns":5},{"damage":6,"enemies":"Cultist and Chosen","floor":31,"turns":5},{"damage":19,"enemies":"Automaton","floor":33,"turns":9},{"damage":9,"enemies":"3 Darklings","floor":35,"turns":5},{"damage":25,"enemies":"3 Shapes","floor":38,"turns":5},{"damage":32,"enemies":"Reptomancer","floor":41,"turns":7},{"damage":0,"enemies":"Spire Growth","floor":42,"turns":4},{"damage":0,"enemies":"Nemesis","floor":44,"turns":7},{"damage":15,"enemies":"Reptomancer","floor":46,"turns":5},{"damage":18,"enemies":"3 Darklings","floor":48,"turns":3},{"damage":34,"enemies":"Time Eater","floor":50,"turns":12}],"seed_played":"1853744978061880569","potions_obtained":[{"floor":6.0,"key":"Weak Potion"},{"floor":12.0,"key":"Strength Potion"},{"floor":13,"key":"Regen Potion"},{"floor":16,"key":"SteroidPotion"},{"floor":21,"key":"Energy Potion"},{"floor":22,"key":"SkillPotion"},{"floor":29,"key":"Explosive Potion"}],"is_trial":false,"path_per_floor":["M","M","?","$","M","E","R","E","T","R","M","M","?","M","R","B",null,"M","$","?","M","M","R","M","R","T","R","E","M","$","M","R","B",null,"M","?","$","M","?","R","E","M","T","E","$","E","R","M","R","B",null],"character_chosen":"THE_SILENT","items_purchased":["Infinite Blades","Singing Bowl","Infinite Blades","Oddly Smooth Stone","Lee\u0027s Waffle","Lantern","Bag of Preparation","Medical Kit","A Thousand Cuts","Omamori"],"campfire_rested":5,"item_purchase_floors":[4,19,30,37,37,37,45,45,45,45],"current_hp_per_floor":[77,64,57,57,53,31,54,34,34,34,34,34,15,29,52,31,77,64,64,64,59,59,59,47,47,47,47,25,12,12,6,30,11,83,74,74,90,65,65,65,33,33,33,33,33,20,46,28,54,20],"gold":70,"neow_bonus":"TEN_PERCENT_HP_BONUS","is_prod":false,"is_daily":false,"chose_seed":false,"campfire_upgraded":5,"win_rate":0,"timestamp":1560116589,"path_taken":["M","M","?","$","M","E","R","E","T","R","M","M","?","M","R","BOSS","M","$","?","M","M","R","M","R","T","R","E","M","?","M","R","BOSS","M","?","$","M","?","R","E","M","T","E","$","E","R","M","R","BOSS"],"build_version":"2019-01-23","purchased_purges":4,"victory":true,"max_hp_per_floor":[77,77,77,77,77,77,77,77,77,77,77,77,77,77,77,77,77,77,77,77,77,77,77,79,79,79,79,81,83,83,83,83,83,83,83,83,90,90,85,85,85,85,85,85,85,87,87,87,87,87],"card_choices":[{"not_picked":["Deflect","PiercingWail"],"picked":"Backflip","floor":1.0},{"not_picked":["Deadly Poison","Prepared"],"picked":"Dagger Throw","floor":2.0},{"not_picked":["Bane","Distraction"],"picked":"Dagger Spray","floor":5.0},{"not_picked":["PiercingWail","Flying Knee"],"picked":"Die Die Die","floor":6.0},{"not_picked":["Bouncing Flask","All Out Attack"],"picked":"PiercingWail","floor":8.0},{"not_picked":["Riddle With Holes","PiercingWail"],"picked":"Escape Plan","floor":11.0},{"not_picked":["Blur","Predator"],"picked":"Noxious Fumes","floor":12.0},{"not_picked":["Crippling Poison","Bane"],"picked":"Underhanded Strike","floor":13},{"not_picked":["Blade Dance","Poisoned Stab"],"picked":"Prepared","floor":14},{"not_picked":["Storm of Steel","Unload"],"picked":"A Thousand Cuts","floor":16},{"not_picked":["Malaise","Bane"],"picked":"Eviscerate","floor":17},{"not_picked":["Quick Slash","Dodge and Roll"],"picked":"Expertise","floor":17},{"not_picked":["Dagger Spray","Dagger Throw"],"picked":"Tactician","floor":17},{"not_picked":["Cloak And Dagger","Dodge and Roll"],"picked":"Backstab","floor":17},{"not_picked":["Cloak And Dagger","Outmaneuver"],"picked":"Backflip","floor":17},{"not_picked":["Quick Slash","Sucker Punch+1"],"picked":"Prepared","floor":18},{"not_picked":["Bouncing Flask","Terror+1"],"picked":"Blade Dance+1","floor":21},{"not_picked":["Slice+1","Quick Slash"],"picked":"Prepared","floor":22},{"not_picked":["Malaise","Bane","Blade Dance"],"picked":"Singing Bowl","floor":24},{"not_picked":["Quick Slash","Phantasmal Killer","Poisoned Stab+1"],"picked":"Singing Bowl","floor":28},{"not_picked":["Outmaneuver","Concentrate","Acrobatics"],"picked":"Singing Bowl","floor":29},{"not_picked":["Flying Knee","Sucker Punch+1"],"picked":"Footwork","floor":31},{"not_picked":["Die Die Die","Unload"],"picked":"Burst","floor":33},{"not_picked":["Sucker Punch","Dodge and Roll"],"picked":"Footwork+1","floor":35},{"not_picked":["Sucker Punch+1","Flying Knee"],"picked":"Predator+1","floor":38},{"not_picked":["Heel Hook+1","Terror+1"],"picked":"Prepared+1","floor":41},{"not_picked":["Deflect","Underhanded Strike+1"],"picked":"Noxious Fumes+1","floor":42},{"not_picked":["Dash","Dagger Spray+1"],"picked":"Calculated Gamble","floor":44},{"not_picked":["Cloak And Dagger+1","Deflect+1","Sucker Punch+1"],"picked":"Singing Bowl","floor":46},{"not_picked":["Backstab+1","Expertise+1"],"picked":"Dash","floor":48}],"player_experience":432790,"relics_obtained":[{"floor":6.0,"key":"Du-Vu Doll"},{"floor":8.0,"key":"FossilizedHelix"},{"floor":9.0,"key":"Tough Bandages"},{"floor":13,"key":"Juzu Bracelet"},{"floor":26,"key":"MawBank"},{"floor":28,"key":"Mummified Hand"},{"floor":41,"key":"Mercury Hourglass"},{"floor":44,"key":"Dodecahedron"},{"floor":46,"key":"Letter Opener"}],"event_choices":[{"cards_removed":["Strike_G"],"damage_healed":0.0,"max_hp_gain":0.0,"max_hp_loss":0.0,"gold_gain":0.0,"event_name":"Golden Wing","player_choice":"Card Removal","floor":3.0,"gold_loss":0.0,"damage_taken":7.0},{"damage_healed":0,"gold_gain":0,"player_choice":"Searched \u00271\u0027 times","damage_taken":0,"max_hp_gain":0,"max_hp_loss":0,"event_name":"Dead Adventurer","floor":13,"gold_loss":0},{"damage_healed":0,"gold_gain":0,"player_choice":"Ignored","damage_taken":0,"max_hp_gain":0,"max_hp_loss":0,"event_name":"Vampires","floor":20,"gold_loss":0},{"damage_healed":0,"gold_gain":999,"player_choice":"Gold","damage_taken":0,"max_hp_gain":0,"max_hp_loss":0,"event_name":"MindBloom","floor":36,"gold_loss":0,"cards_obtained":["Normality","Normality"]},{"damage_healed":0,"gold_gain":0,"player_choice":"Max HP","damage_taken":0,"max_hp_gain":0,"max_hp_loss":5,"event_name":"Winding Halls","floor":39,"gold_loss":0}],"is_beta":false,"boss_relics":[{"not_picked":["White Beast Statue","HoveringKite"],"picked":"Orrery"},{"not_picked":["Velvet Choker","Pandora\u0027s Box"],"picked":"Sozu"}],"items_purged_floors":[4,30,37,45],"is_endless":false,"potions_floor_spawned":[6,12,13,16,21,22,29,41,44,48],"ascension_level":4}