{"gold_per_floor":[117,130,144,144,144,144,175,175,175,46,46,81,81,114,114,207,207,181,3,3,16,39,39,39,59,59,59,30,43,43,84,84,84],"floor_reached":33,"playtime":1960,"items_purged":["Injury","Intimidate"],"score":627,"play_id":"19415565-e4c9-4320-a816-5053ea47c8e1","local_time":"20190605203255","is_ascension_mode":true,"campfire_choices":[{"data":"Bash","floor":6,"key":"SMITH"},{"data":"Inflame","floor":8,"key":"SMITH"},{"data":"True Grit","floor":11,"key":"SMITH"},{"data":"Iron Wave","floor":13,"key":"SMITH"},{"data":"Barricade","floor":15,"key":"SMITH"},{"data":"Whirlwind","floor":24,"key":"SMITH"},{"data":"Sentinel","floor":27,"key":"SMITH"},{"data":"Armaments","floor":30,"key":"SMITH"},{"floor":32,"key":"REST"}],"neow_cost":"NONE","seed_source_timestamp":1900487832580779,"circlet_count":0,"master_deck":["AscendersBane","Bash+1","Iron Wave+1","Metallicize","Spot Weakness","Inflame+1","True Grit+1","Barricade+1","Bludgeon","Power Through","Dark Embrace","Sentinel+1","Metallicize","Immolate","Inflame","Hemokinesis","Cleave","Whirlwind+1","Second Wind","Armaments+1"],"relics":["Burning Blood","Anchor","Golden Idol","Mango","Self Forming Clay","Gremlin Horn","Art of War","Nloth\u0027s Gift","Ornamental Fan","Pear"],"potions_floor_usage":[14,22,23,31],"damage_taken":[{"damage":7,"enemies":"Cultist","floor":1,"turns":4},{"damage":4,"enemies":"Small Slimes","floor":2,"turns":5},{"damage":0,"enemies":"Jaw Worm","floor":3,"turns":4},{"damage":45,"enemies":"Gremlin Nob","floor":7,"turns":6},{"damage":17,"enemies":"3 Sentries","floor":12,"turns":9},{"damage":12,"enemies":"Lagavulin","floor":14,"turns":8},{"damage":18,"enemies":"The Guardian","floor":16,"turns":15},{"damage":12,"enemies":"2 Thieves","floor":18,"turns":4},{"damage":12,"enemies":"Spheric Guardian","floor":21,"turns":5},{"damage":31,"enemies":"Cultist and Chosen","floor":22,"turns":8},{"damage":0,"enemies":"Book of Stabbing","floor":23,"turns":2},{"damage":19,"enemies":"Centurion and Healer","floor":25,"turns":7},{"damage":7,"enemies":"Snecko","floor":29,"turns":6},{"damage":34,"enemies":"Slavers","floor":31,"turns":5},{"damage":85,"enemies":"Champ","floor":33,"turns":19}],"seed_played":"-6209950305092288512","potions_obtained":[{"floor":1,"key":"FairyPotion"},{"floor":12,"key":"Energy Potion"},{"floor":21,"key":"SkillPotion"},{"floor":22,"key":"SmokeBomb"},{"floor":29,"key":"GamblersBrew"}],"is_trial":false,"path_per_floor":["M","M","M","?","?","R","E","R","T","$","R","E","R","E","R","B",null,"M","$","?","M","M","E","R","M","T","R","$","M","R","E","R","B"],"character_chosen":"IRONCLAD","items_purchased":["True Grit","Whirlwind","Armaments"],"campfire_rested":1,"item_purchase_floors":[10,19,28],"current_hp_per_floor":[67,69,75,80,80,80,55,55,55,55,55,44,44,38,38,26,77,71,71,71,65,40,46,46,33,33,33,33,32,32,25,56,0],"gold":84,"neow_bonus":"RANDOM_COMMON_RELIC","is_prod":false,"is_daily":false,"chose_seed":false,"campfire_upgraded":8,"win_rate":0,"timestamp":1559781175,"path_taken":["M","M","?","?","?","R","E","R","T","?","R","E","R","E","R","BOSS","M","$","?","M","M","E","R","?","T","R","?","M","R","E","R","BOSS"],"build_version":"2019-01-23","purchased_purges":2,"victory":false,"max_hp_per_floor":[75,75,75,80,80,80,94,94,94,94,94,94,94,94,94,94,94,94,94,94,94,94,94,94,94,94,94,94,94,94,104,104,104],"card_choices":[{"not_picked":["Infernal Blade","Sword Boomerang"],"picked":"Iron Wave","floor":1},{"not_picked":["Headbutt","Sever Soul"],"picked":"Metallicize","floor":2},{"not_picked":["Headbutt","Dropkick"],"picked":"Spot Weakness","floor":3},{"not_picked":["Body Slam","Warcry"],"picked":"Inflame","floor":7},{"not_picked":["Warcry","Perfected Strike"],"picked":"Barricade","floor":12},{"not_picked":["Berserk","Rupture","Thunderclap"],"picked":"SKIP","floor":14},{"not_picked":["Fiend Fire","Brutality"],"picked":"Bludgeon","floor":16},{"not_picked":["Thunderclap","Seeing Red","Warcry"],"picked":"SKIP","floor":18},{"not_picked":["Bloodletting","Havoc","Dropkick"],"picked":"SKIP","floor":21},{"not_picked":["Wild Strike+1","Twin Strike","Bloodletting"],"picked":"SKIP","floor":22},{"not_picked":["Thunderclap","Heavy Blade"],"picked":"Second Wind","floor":25},{"not_picked":["Havoc","Pummel","Fire Breathing"],"picked":"SKIP","floor":29},{"not_picked":["Warcry","Searing Blow","Bloodletting"],"picked":"SKIP","floor":31}],"player_experience":566714,"relics_obtained":[{"floor":7,"key":"Mango"},{"floor":9,"key":"Self Forming Clay"},{"floor":12,"key":"Gremlin Horn"},{"floor":14,"key":"Art of War"},{"floor":26,"key":"Ornamental Fan"},{"floor":31,"key":"Pear"}],"event_choices":[{"damage_healed":0,"gold_gain":0,"player_choice":"Donut","damage_taken":0,"max_hp_gain":5,"max_hp_loss":0,"event_name":"Big Fish","floor":4,"gold_loss":0},{"damage_healed":0,"gold_gain":0,"player_choice":"Take Wound","damage_taken":0,"relics_obtained":["Golden Idol"],"max_hp_gain":0,"max_hp_loss":0,"event_name":"Golden Idol","floor":5,"gold_loss":0,"cards_obtained":["Injury"]},{"damage_healed":0,"gold_gain":0,"player_choice":"Traded Relic","damage_taken":0,"relics_obtained":["Nloth\u0027s Gift"],"max_hp_gain":0,"max_hp_loss":0,"event_name":"N\u0027loth","floor":20,"relics_lost":["Pandora\u0027s Box"],"gold_loss":0}],"is_beta":false,"boss_relics":[{"not_picked":["Eternal Feather","Orrery"],"picked":"Pandora\u0027s Box"}],"items_purged_floors":[10,19],"is_endless":false,"potions_floor_spawned":[1,12,21,22,23,29],"killed_by":"Champ","ascension_level":20}