{"gold_per_floor":[209,209,219,219,169,169,202,202,202,221,221,235,235,260,260,379,379,400,424,438,220,239,239,154,154,154,154,177,195,7,7,7,128,128,152,166,166,166,190,190,204,224,224,184,198,198,198,198,198,198],"floor_reached":51,"playtime":11267,"items_purged":["Hyperbeam"],"score":599,"play_id":"2c5c5aa7-8479-4469-9c7a-123a6bb0da6b","local_time":"20190608233310","is_ascension_mode":false,"campfire_choices":[{"data":"Zap","floor":6,"key":"SMITH"},{"data":"Glacier","floor":8,"key":"SMITH"},{"data":"Glacier","floor":11,"key":"SMITH"},{"data":"Lockon","floor":13,"key":"SMITH"},{"data":"Recycle","floor":15,"key":"SMITH"},{"data":"Barrage","floor":23,"key":"SMITH"},{"data":"Go for the Eyes","floor":25,"key":"SMITH"},{"data":"Hologram","floor":27,"key":"SMITH"},{"data":"Echo Form","floor":32,"key":"SMITH"},{"data":"Loop","floor":40,"key":"SMITH"},{"floor":46,"key":"REST"},{"floor":49,"key":"REST"}],"neow_cost":"NONE","seed_source_timestamp":2059418287969400,"circlet_count":0,"master_deck":["Zap+1","Gash","Glacier+1","Glacier+1","Lockon+1","Ball Lightning","Recycle+1","Echo Form+1","Leap","Recycle","BootSequence","Hologram+1","Core Surge","All For One","Ball Lightning","Go for the Eyes+1","Barrage+1","Self Repair","Conserve Battery+1","Loop+1","Electrodynamics","Redo","Redo","Madness","Madness","Force Field","Streamline","Fusion+1","BootSequence+1"],"relics":["Cracked Core","Golden Idol","Bronze Scales","Sundial","Pandora\u0027s Box","Omamori","Juzu Bracelet","Matryoshka","Anchor","Philosopher\u0027s Stone","Art of War","Mummified Hand","Orichalcum","Gremlin Horn"],"potions_floor_usage":[12,16,20,29,33,35,44,50,50,50],"damage_taken":[{"damage":7,"enemies":"Small Slimes","floor":1,"turns":4},{"damage":6,"enemies":"2 Louse","floor":3,"turns":3},{"damage":12,"enemies":"3 Sentries","floor":7,"turns":9},{"damage":0,"enemies":"Jaw Worm","floor":10,"turns":3},{"damage":0,"enemies":"Lots of Slimes","floor":12,"turns":1},{"damage":0,"enemies":"Exordium Wildlife","floor":14,"turns":3},{"damage":29,"enemies":"Slime Boss","floor":16,"turns":11},{"damage":0,"enemies":"3 Byrds","floor":18,"turns":3},{"damage":0,"enemies":"Chosen","floor":19,"turns":3},{"damage":0,"enemies":"Centurion and Healer","floor":20,"turns":5},{"damage":11,"enemies":"Sentry and Sphere","floor":22,"turns":5},{"damage":9,"enemies":"Snecko","floor":28,"turns":5},{"damage":3,"enemies":"3 Cultists","floor":29,"turns":6},{"damage":53,"enemies":"Champ","floor":33,"turns":13},{"damage":0,"enemies":"Orb Walker","floor":35,"turns":3},{"damage":1,"enemies":"3 Shapes","floor":36,"turns":5},{"damage":14,"enemies":"Jaw Worm Horde","floor":39,"turns":5},{"damage":27,"enemies":"Writhing Mass","floor":41,"turns":7},{"damage":26,"enemies":"Spire Growth","floor":42,"turns":6},{"damage":23,"enemies":"Sphere and 2 Shapes","floor":45,"turns":4},{"damage":53,"enemies":"Awakened One","floor":50,"turns":17}],"seed_played":"-384746596616720525","potions_obtained":[{"floor":10,"key":"Explosive Potion"},{"floor":14,"key":"Explosive Potion"},{"floor":16,"key":"EssenceOfSteel"},{"floor":19,"key":"Fire Potion"},{"floor":28,"key":"SkillPotion"},{"floor":29,"key":"Explosive Potion"},{"floor":33,"key":"Strength Potion"},{"floor":42,"key":"FocusPotion"},{"floor":44,"key":"Fruit Juice"},{"floor":44,"key":"SpeedPotion"}],"is_trial":false,"path_per_floor":["M","?","M","?","?","R","E","R","T","M","R","M","R","M","R","B",null,"M","M","M","$","M","R","?","R","T","R","M","M","$","?","R","B",null,"M","M","?","?","M","R","M","M","T","?","M","R","?","T","R","B",null],"character_chosen":"DEFECT","items_purchased":["Omamori","Loop","Anchor"],"campfire_rested":2,"item_purchase_floors":[21,30,30],"current_hp_per_floor":[68,73,67,67,67,67,55,55,55,55,55,55,55,55,55,26,74,74,74,74,74,63,63,63,63,63,63,61,65,65,65,65,19,74,74,74,74,65,58,58,38,19,19,24,8,31,31,31,54,1],"gold":198,"neow_bonus":"HUNDRED_GOLD","is_prod":false,"is_daily":false,"chose_seed":false,"campfire_upgraded":10,"win_rate":0,"timestamp":1560051190,"path_taken":["M","?","M","?","?","R","E","R","T","?","R","M","R","M","R","BOSS","M","?","M","$","M","R","?","R","T","R","M","M","$","?","R","BOSS","M","M","?","?","M","R","M","M","T","?","M","R","?","?","R","BOSS"],"build_version":"2019-01-23","purchased_purges":1,"victory":true,"max_hp_per_floor":[75,80,80,74,74,74,74,74,74,74,74,74,74,74,74,74,74,74,74,74,74,74,74,74,74,74,74,74,74,74,74,74,74,74,74,74,74,74,74,74,74,74,74,79,79,79,79,79,79,79],"card_choices":[{"not_picked":["Coolheaded","Sweeping Beam"],"picked":"Gash","floor":1},{"not_picked":["Compile Driver","Cold Snap"],"picked":"Glacier","floor":3},{"not_picked":["Recycle","Coolheaded"],"picked":"Glacier","floor":7},{"not_picked":["Storm","Steam"],"picked":"Lockon","floor":10},{"not_picked":["Genetic Algorithm","Recycle"],"picked":"Ball Lightning","floor":12},{"not_picked":["FTL","Double Energy"],"picked":"Recycle","floor":14},{"not_picked":["Buffer","Meteor Strike"],"picked":"Echo Form","floor":16},{"not_picked":["Hologram","Compile Driver"],"picked":"Ball Lightning","floor":18},{"not_picked":["Double Energy","Coolheaded"],"picked":"Go for the Eyes","floor":19},{"not_picked":["Steam","Sweeping Beam"],"picked":"Barrage","floor":20},{"not_picked":["Streamline","Steam"],"picked":"Self Repair","floor":22},{"not_picked":["Beam Cell+1","Coolheaded","Recycle+1"],"picked":"SKIP","floor":28},{"not_picked":["Amplify","White Noise"],"picked":"Conserve Battery+1","floor":29},{"not_picked":["Echo Form","Thunder Strike"],"picked":"Electrodynamics","floor":33},{"not_picked":["Reprogram+1","Sweeping Beam+1"],"picked":"Redo","floor":35},{"not_picked":["Hologram","Sweeping Beam+1"],"picked":"Redo","floor":36},{"not_picked":["Cold Snap","Barrage"],"picked":"Force Field","floor":39},{"not_picked":["Sweeping Beam","Cold Snap+1"],"picked":"Streamline","floor":41},{"not_picked":["Hello World","Rebound+1"],"picked":"Fusion+1","floor":42},{"not_picked":["Rebound","Turbo"],"picked":"BootSequence+1","floor":45}],"player_experience":1202174,"relics_obtained":[{"floor":7,"key":"Bronze Scales"},{"floor":9,"key":"Sundial"},{"floor":26,"key":"Matryoshka"},{"floor":43,"key":"Art of War"},{"floor":43,"key":"Mummified Hand"},{"floor":48,"key":"Orichalcum"},{"floor":48,"key":"Gremlin Horn"}],"event_choices":[{"damage_healed":0,"gold_gain":0,"player_choice":"Donut","damage_taken":0,"max_hp_gain":5,"max_hp_loss":0,"event_name":"Big Fish","floor":2,"gold_loss":0},{"damage_healed":0,"gold_gain":0,"player_choice":"Lose Max HP","damage_taken":0,"relics_obtained":["Golden Idol"],"max_hp_gain":0,"max_hp_loss":6,"event_name":"Golden Idol","floor":4,"gold_loss":0},{"cards_removed":["Strike_B"],"damage_healed":0,"gold_gain":0,"player_choice":"Card Removal","damage_taken":0,"max_hp_gain":0,"max_hp_loss":0,"event_name":"The Cleric","floor":5,"gold_loss":50},{"damage_healed":0,"gold_gain":0,"player_choice":"Obtained Relic","damage_taken":0,"relics_obtained":["Juzu Bracelet"],"max_hp_gain":0,"max_hp_loss":0,"event_name":"Addict","floor":24,"gold_loss":85},{"cards_removed":["Dualcast"],"damage_healed":0,"gold_gain":0,"player_choice":"Elegance","damage_taken":0,"max_hp_gain":0,"max_hp_loss":0,"event_name":"Back to Basics","floor":31,"gold_loss":0},{"damage_healed":0,"gold_gain":0,"player_choice":"Ignored","damage_taken":0,"max_hp_gain":0,"max_hp_loss":0,"event_name":"Mysterious Sphere","floor":37,"gold_loss":0},{"damage_healed":0,"gold_gain":0,"player_choice":"Embrace Madness","damage_taken":9,"max_hp_gain":0,"max_hp_loss":0,"event_name":"Winding Halls","floor":38,"gold_loss":0,"cards_obtained":["Madness","Madness"]},{"damage_healed":0,"gold_gain":0,"player_choice":"Bought 3 Potions","damage_taken":0,"max_hp_gain":0,"max_hp_loss":0,"event_name":"The Woman in Blue","floor":44,"gold_loss":0},{"damage_healed":0,"gold_gain":0,"player_choice":"Ignored","damage_taken":0,"max_hp_gain":0,"max_hp_loss":0,"event_name":"SecretPortal","floor":47,"gold_loss":0}],"is_beta":false,"boss_relics":[{"not_picked":["Black Star","Tiny House"],"picked":"Pandora\u0027s Box"},{"not_picked":["Runic Pyramid","Orrery"],"picked":"Philosopher\u0027s Stone"}],"items_purged_floors":[21],"is_endless":false,"potions_floor_spawned":[10,14,16,19,28,29,33,42,45],"ascension_level":0}