{"gold_per_floor":[111,123,123,140,140,140,159,3,3,3,37,50,62,79,79,177,177,187,200,218,118,128,128,3,3],"floor_reached":25,"playtime":1484,"items_purged":["Parasite","Strike_B","Strike_B"],"score":279,"play_id":"7a83dd18-6283-4ff9-a2d8-6cebc0601e32","local_time":"20190517201854","is_ascension_mode":true,"campfire_choices":[{"data":"Go for the Eyes","floor":6,"key":"SMITH"},{"data":"Defragment","floor":15,"key":"SMITH"},{"floor":23,"key":"REST"}],"neow_cost":"CURSE","seed_source_timestamp":132359893024082,"circlet_count":0,"master_deck":["Strike_B","Defend_B","Defend_B","Defend_B","Zap","Dualcast","Rainbow","Go for the Eyes+1","Turbo","Hologram","Defragment+1","Auto Shields","Gash","FTL","Echo Form","Steam Power"],"relics":["Cracked Core","Singing Bowl","Question Card","Cables","Black Star"],"potions_floor_usage":[18],"damage_taken":[{"damage":0,"enemies":"Small Slimes","floor":1,"turns":3},{"damage":0,"enemies":"2 Louse","floor":2,"turns":3},{"damage":0,"enemies":"Cultist","floor":4,"turns":3},{"damage":6,"enemies":"2 Fungi Beasts","floor":7,"turns":3},{"damage":16,"enemies":"Lagavulin","floor":11,"turns":6},{"damage":0,"enemies":"Looter","floor":12,"turns":3},{"damage":0,"enemies":"Red Slaver","floor":13,"turns":3},{"damage":0,"enemies":"2 Fungi Beasts","floor":14,"turns":3},{"damage":24,"enemies":"Hexaghost","floor":16,"turns":8},{"damage":22,"enemies":"2 Thieves","floor":18,"turns":4},{"damage":14,"enemies":"Shell Parasite","floor":19,"turns":5},{"damage":6,"enemies":"Centurion and Healer","floor":20,"turns":9},{"damage":21,"enemies":"Snake Plant","floor":22,"turns":3},{"damage":35,"enemies":"Gremlin Leader","floor":25,"turns":2}],"seed_played":"-7431013564624484505","potions_obtained":[{"floor":2,"key":"LiquidBronze"},{"floor":12,"key":"Dexterity Potion"},{"floor":14,"key":"Explosive Potion"},{"floor":16,"key":"SkillPotion"},{"floor":22,"key":"Strength Potion"}],"is_trial":false,"path_per_floor":["M","M","?","M","?","R","M","$","T","?","E","M","M","M","R","B",null,"M","M","M","$","M","R","$","E"],"character_chosen":"DEFECT","items_purchased":["Defragment"],"campfire_rested":1,"item_purchase_floors":[8],"current_hp_per_floor":[68,68,68,68,61,61,57,57,57,74,60,60,60,60,60,36,66,46,32,28,28,9,33,33,0],"gold":3,"neow_bonus":"TRANSFORM_TWO_CARDS","is_prod":false,"is_daily":false,"chose_seed":false,"campfire_upgraded":2,"win_rate":0,"timestamp":1558138734,"path_taken":["M","M","?","M","?","R","M","$","T","?","E","M","M","M","R","BOSS","M","M","M","$","M","R","$","E"],"build_version":"2019-01-23","purchased_purges":3,"victory":false,"max_hp_per_floor":[75,75,75,75,75,75,77,74,74,74,76,76,76,76,76,76,76,78,78,80,80,82,82,82,82],"card_choices":[{"not_picked":["Tempest","Beam Cell"],"picked":"Go for the Eyes","floor":1},{"not_picked":["Self Repair","Skim"],"picked":"Turbo","floor":2},{"not_picked":["Cold Snap","Barrage"],"picked":"Hologram","floor":4},{"not_picked":["Force Field","Cold Snap","Sweeping Beam"],"picked":"Singing Bowl","floor":7},{"not_picked":["Redo","Sweeping Beam","Rainbow","Lockon"],"picked":"Singing Bowl","floor":11},{"not_picked":["Cold Snap","Chaos","Compile Driver"],"picked":"Auto Shields","floor":12},{"not_picked":["Go for the Eyes","Rebound","Auto Shields"],"picked":"Gash","floor":13},{"not_picked":["Hologram","Streamline","Undo"],"picked":"FTL","floor":14},{"not_picked":["Fission","Multi-Cast","Machine Learning"],"picked":"Echo Form","floor":16},{"not_picked":["Beam Cell+1","White Noise","Go for the Eyes","Leap+1"],"picked":"Singing Bowl","floor":18},{"not_picked":["Sweeping Beam+1","Redo","Turbo"],"picked":"Steam Power","floor":19},{"not_picked":["Multi-Cast","Barrage","Turbo","Beam Cell"],"picked":"Singing Bowl","floor":20},{"not_picked":["Melter+1","Storm","Go for the Eyes+1","Turbo+1"],"picked":"Singing Bowl","floor":22}],"player_experience":342447,"relics_obtained":[{"floor":9,"key":"Question Card"},{"floor":11,"key":"Cables"}],"event_choices":[{"damage_healed":0,"gold_gain":0,"player_choice":"Box","damage_taken":0,"relics_obtained":["Singing Bowl"],"max_hp_gain":0,"max_hp_loss":0,"event_name":"Big Fish","floor":3,"gold_loss":0,"cards_obtained":["Regret"]},{"cards_removed":["Regret"],"damage_healed":0,"gold_gain":0,"player_choice":"Card Removal","damage_taken":7,"max_hp_gain":0,"max_hp_loss":0,"event_name":"Golden Wing","floor":5,"gold_loss":0},{"cards_removed":["Hello World"],"damage_healed":17,"gold_gain":0,"player_choice":"Offered Uncommon","damage_taken":0,"max_hp_gain":0,"max_hp_loss":0,"event_name":"Bonfire Elementals","floor":10,"gold_loss":0}],"is_beta":false,"boss_relics":[{"not_picked":["Inserter","Empty Cage"],"picked":"Black Star"}],"items_purged_floors":[8,21,24],"is_endless":false,"potions_floor_spawned":[2,12,14,16,22],"killed_by":"Gremlin Leader","ascension_level":7}