{"gold_per_floor":[112,31,31,46,66,92,92,123,150,51,70,70,84,104,104,206,206,217,234,41,41,55,55],"floor_reached":23,"playtime":1298,"items_purged":["Strike_B"],"score":233,"play_id":"f7c56700-bcf0-4319-bce0-1579428ee42e","local_time":"20190608175326","is_ascension_mode":true,"campfire_choices":[{"floor":7.0,"key":"REST"},{"floor":12.0,"key":"REST"},{"data":"Hologram","floor":15.0,"key":"SMITH"}],"neow_cost":"NONE","seed_source_timestamp":24106088934980,"circlet_count":0,"master_deck":["Strike_B","Strike_B","Strike_B","Defend_B","Defend_B","Defend_B","Defend_B","Zap+1","Dualcast","All For One","Finesse+1","Sweeping Beam","Hologram+1","Core Surge","Stack","Ball Lightning","Cold Snap","Creative AI","Heatsinks","Undo","Glacier"],"special_seed":0,"relics":["Cracked Core","Bronze Scales","Smiling Mask","War Paint","Snecko Eye","Regal Pillow"],"potions_floor_usage":[23,23,23],"damage_taken":[{"damage":1.0,"enemies":"2 Louse","floor":1.0,"turns":2.0},{"damage":0.0,"enemies":"Cultist","floor":4.0,"turns":3.0},{"damage":0.0,"enemies":"Small Slimes","floor":5.0,"turns":2.0},{"damage":35.0,"enemies":"3 Sentries","floor":6.0,"turns":11.0},{"damage":37.0,"enemies":"Gremlin Nob","floor":8.0,"turns":5.0},{"damage":6.0,"enemies":"Exordium Thugs","floor":11.0,"turns":3.0},{"damage":6.0,"enemies":"Gremlin Gang","floor":13.0,"turns":3.0},{"damage":4.0,"enemies":"Blue Slaver","floor":14.0,"turns":3.0},{"damage":9.0,"enemies":"Hexaghost","floor":16.0,"turns":8.0},{"damage":17.0,"enemies":"2 Thieves","floor":18.0,"turns":3.0},{"damage":11.0,"enemies":"Chosen","floor":19.0,"turns":4.0},{"damage":5,"enemies":"Centurion and Healer","floor":22,"turns":6},{"damage":31,"enemies":"Slavers","floor":23,"turns":5}],"seed_played":"-4222190704714490093","potions_obtained":[{"floor":4.0,"key":"SpeedPotion"},{"floor":5.0,"key":"Swift Potion"},{"floor":13.0,"key":"Strength Potion"},{"floor":16.0,"key":"SteroidPotion"},{"floor":18.0,"key":"Swift Potion"}],"is_trial":false,"path_per_floor":["M","$","?","M","M","E","R","E","T","$","M","R","M","M","R","B",null,"M","M","$","?","M","E"],"character_chosen":"DEFECT","items_purchased":["Finesse","Block Potion","Undo","Regal Pillow"],"campfire_rested":2,"item_purchase_floors":[2,10,20,20],"current_hp_per_floor":[74,74,74,74,74,39,61,24,24,24,18,40,34,30,30,21,75,58,47,47,33,28,0],"gold":55,"neow_bonus":"ONE_RANDOM_RARE_CARD","is_prod":false,"is_daily":false,"chose_seed":false,"campfire_upgraded":1,"win_rate":0,"timestamp":1560005606,"path_taken":["M","$","?","M","?","E","R","E","T","$","M","R","M","M","R","BOSS","M","M","$","?","M","E"],"build_version":"2019-01-23","purchased_purges":1,"victory":false,"max_hp_per_floor":[75,75,75,75,75,75,75,75,75,75,75,75,75,75,75,75,75,75,75,75,80,80,80],"card_choices":[{"not_picked":["Rebound","Hello World","Cold Snap"],"picked":"SKIP","floor":1.0},{"not_picked":["Stack","Cold Snap"],"picked":"Sweeping Beam","floor":4.0},{"not_picked":["Streamline","White Noise"],"picked":"Hologram","floor":5.0},{"not_picked":["Conserve Battery","White Noise"],"picked":"Core Surge","floor":6.0},{"not_picked":["Blizzard","Amplify","Turbo"],"picked":"SKIP","floor":8.0},{"not_picked":["Stack","Turbo","Tempest"],"picked":"SKIP","floor":11.0},{"not_picked":["Turbo","Tempest"],"picked":"Stack","floor":11.0},{"not_picked":["Storm","Barrage"],"picked":"Ball Lightning","floor":13.0},{"not_picked":["Conserve Battery","Chill"],"picked":"Cold Snap","floor":14.0},{"not_picked":["Seek","Machine Learning"],"picked":"Creative AI","floor":16.0},{"not_picked":["Hologram","Compile Driver"],"picked":"Heatsinks","floor":18.0},{"not_picked":["Loop","Coolheaded","Chill"],"picked":"SKIP","floor":19.0},{"not_picked":["Ball Lightning","Undo+1"],"picked":"Glacier","floor":22}],"player_experience":891207,"relics_obtained":[{"floor":6.0,"key":"Bronze Scales"},{"floor":8.0,"key":"Smiling Mask"},{"floor":9.0,"key":"War Paint"}],"event_choices":[{"damage_healed":0.0,"max_hp_gain":0.0,"max_hp_loss":0.0,"gold_gain":0.0,"event_name":"WeMeetAgain","player_choice":"Ignored","floor":3.0,"gold_loss":0.0,"damage_taken":0.0},{"damage_healed":0,"gold_gain":0,"player_choice":"Shed Blood","damage_taken":19,"max_hp_gain":5,"max_hp_loss":0,"event_name":"Forgotten Altar","floor":21,"gold_loss":0}],"is_beta":false,"boss_relics":[{"not_picked":["Tiny House","Fusion Hammer"],"picked":"Snecko Eye"}],"items_purged_floors":[10],"is_endless":false,"potions_floor_spawned":[4,5,13,16,18],"killed_by":"Slavers","ascension_level":3}