{"gold_per_floor":[110,127,127,143,28,28,47,67,147,147],"floor_reached":10,"playtime":1183,"items_purged":["Strike_G"],"score":117,"play_id":"ccae88ed-eaf0-4676-bd98-8b00f5b50fce","local_time":"20190602140934","is_ascension_mode":true,"campfire_choices":[{"data":"Cloak And Dagger","floor":6,"key":"SMITH"}],"neow_cost":"NONE","seed_source_timestamp":1801172024898216,"circlet_count":0,"master_deck":["AscendersBane","Defend_G","Defend_G","Defend_G","Defend_G","Defend_G","Strike_G","Strike_G","Strike_G","Strike_G","Survivor","Neutralize","Cloak And Dagger+1","Dodge and Roll","Infinite Blades","Infinite Blades","Leg Sweep","Backflip"],"relics":["Ring of the Snake","Toxic Egg 2"],"potions_floor_usage":[10],"damage_taken":[{"damage":0,"enemies":"Cultist","floor":1,"turns":4},{"damage":0,"enemies":"2 Louse","floor":2,"turns":4},{"damage":28,"enemies":"Jaw Worm","floor":4,"turns":11},{"damage":0,"enemies":"2 Fungi Beasts","floor":7,"turns":5},{"damage":10,"enemies":"Large Slime","floor":8,"turns":10},{"damage":28,"enemies":"3 Sentries","floor":10,"turns":9}],"seed_played":"-8201357478635970012","potions_obtained":[{"floor":4,"key":"Energy Potion"},{"floor":8,"key":"Fire Potion"}],"is_trial":false,"path_per_floor":["M","M","?","M","$","R","M","M","T","E"],"character_chosen":"THE_SILENT","items_purchased":["Infinite Blades"],"campfire_rested":0,"item_purchase_floors":[5],"current_hp_per_floor":[65,65,65,37,37,37,37,27,27,0],"gold":147,"neow_bonus":"TEN_PERCENT_HP_BONUS","is_prod":false,"is_daily":false,"chose_seed":false,"campfire_upgraded":1,"win_rate":0,"timestamp":1559498974,"path_taken":["M","M","?","M","$","R","?","M","T","E"],"build_version":"2019-01-23","purchased_purges":1,"victory":false,"max_hp_per_floor":[72,72,72,72,72,72,72,72,72,72],"card_choices":[{"not_picked":["Quick Slash","All Out Attack"],"picked":"Cloak And Dagger","floor":1},{"not_picked":["Deflect","Dagger Spray"],"picked":"Dodge and Roll","floor":2},{"not_picked":["Deadly Poison","Cloak And Dagger"],"picked":"Infinite Blades","floor":4},{"not_picked":["Bane","Quick Slash"],"picked":"Leg Sweep","floor":7},{"not_picked":["Deadly Poison","Outmaneuver"],"picked":"Backflip","floor":8}],"player_experience":541555,"relics_obtained":[{"floor":9,"key":"Toxic Egg 2"}],"event_choices":[{"damage_healed":0,"gold_gain":0,"player_choice":"0 cards matched","damage_taken":0,"max_hp_gain":0,"max_hp_loss":0,"event_name":"Match and Keep!","floor":3,"gold_loss":0,"cards_obtained":[]}],"is_beta":false,"boss_relics":[],"items_purged_floors":[5],"is_endless":false,"potions_floor_spawned":[4,8],"killed_by":"3 Sentries","ascension_level":19}