{"gold_per_floor":[116,133,143,159,175,175,190,224,279,279,279,279,294,56,56,159,159,170,183,108,108,120,120,120,139,139,139,152,152,185,196,196,300,300,319,143,143,143,243,243,243],"floor_reached":41,"playtime":1484,"items_purged":["Strike_R","Strike_R"],"score":578,"play_id":"91ed7aa5-63db-48ca-82f1-c9ce62f925bc","local_time":"20190421175537","is_ascension_mode":true,"campfire_choices":[{"data":"Demon Form","floor":6,"key":"SMITH"},{"floor":12,"key":"REST"},{"data":"Armaments","floor":15,"key":"SMITH"},{"data":"Whirlwind","floor":23,"key":"SMITH"},{"data":"Ghostly Armor","floor":27,"key":"SMITH"},{"floor":29,"key":"REST"},{"floor":32,"key":"REST"},{"data":"Limit Break","floor":40,"key":"SMITH"}],"neow_cost":"NONE","seed_source_timestamp":389872072144986,"circlet_count":0,"master_deck":["Strike_R","Strike_R","Defend_R","Defend_R","Defend_R","Defend_R","Bash","Cleave","True Grit+1","Whirlwind+1","Pommel Strike","Demon Form+1","Flame Barrier","Armaments+1","Ghostly Armor+1","Madness","Spot Weakness","Body Slam+1","True Grit+1","Havoc+1","Limit Break+1","Metallicize","Madness","Madness","Purity"],"relics":["Burning Blood","Oddly Smooth Stone","Red Skull","Velvet Choker","Sundial","Juzu Bracelet","Mark of Pain","Magic Flower"],"potions_floor_usage":[5,16,22,30,31,33],"damage_taken":[{"damage":6,"enemies":"Cultist","floor":1,"turns":3},{"damage":6,"enemies":"Jaw Worm","floor":2,"turns":4},{"damage":0,"enemies":"2 Louse","floor":3,"turns":2},{"damage":9,"enemies":"Red Slaver","floor":4,"turns":5},{"damage":35,"enemies":"Exordium Thugs","floor":5,"turns":7},{"damage":5,"enemies":"3 Louse","floor":7,"turns":3},{"damage":38,"enemies":"3 Sentries","floor":8,"turns":7},{"damage":3,"enemies":"2 Fungi Beasts","floor":13,"turns":3},{"damage":28,"enemies":"The Guardian","floor":16,"turns":11},{"damage":1,"enemies":"Chosen","floor":18,"turns":4},{"damage":0,"enemies":"3 Byrds","floor":19,"turns":2},{"damage":25,"enemies":"Snecko","floor":22,"turns":5},{"damage":11,"enemies":"Cultist and Chosen","floor":25,"turns":5},{"damage":18,"enemies":"Snake Plant","floor":28,"turns":4},{"damage":27,"enemies":"Slavers","floor":30,"turns":6},{"damage":0,"enemies":"Snecko","floor":31,"turns":7},{"damage":17,"enemies":"Champ","floor":33,"turns":8},{"damage":21,"enemies":"3 Shapes","floor":35,"turns":7},{"damage":0,"enemies":"Mind Bloom Boss Battle","floor":39,"turns":5},{"damage":57,"enemies":"Nemesis","floor":41,"turns":4}],"seed_played":"-7790123676064224496","potions_obtained":[{"floor":4,"key":"Dexterity Potion"},{"floor":5,"key":"SpeedPotion"},{"floor":7,"key":"Ancient Potion"},{"floor":18,"key":"Energy Potion"},{"floor":22,"key":"Poison Potion"},{"floor":30,"key":"Weak Potion"}],"is_trial":false,"path_per_floor":["M","M","M","M","M","R","M","E","T","?","?","R","M","$","R","B",null,"M","M","?","?","M","R","?","M","T","R","M","R","E","M","R","B",null,"M","$","?","?","?","R","E"],"character_chosen":"IRONCLAD","items_purchased":["Ghostly Armor","Madness","Metallicize"],"campfire_rested":3,"item_purchase_floors":[14,14,36],"current_hp_per_floor":[72,72,78,75,46,46,47,15,15,15,15,39,42,42,42,20,65,70,76,76,61,42,42,42,37,37,37,25,50,29,35,60,49,76,61,61,50,50,56,56,0],"gold":243,"neow_bonus":"THREE_CARDS","is_prod":false,"is_daily":false,"chose_seed":false,"campfire_upgraded":5,"win_rate":0,"timestamp":1555883737,"path_taken":["M","?","M","?","M","R","M","E","T","?","?","R","?","?","R","BOSS","M","M","?","?","M","R","?","M","T","R","M","R","E","M","R","BOSS","M","$","?","?","?","R","E"],"build_version":"2019-01-23","purchased_purges":2,"victory":false,"max_hp_per_floor":[80,80,80,80,80,80,80,80,80,80,80,80,80,80,80,80,80,80,80,80,85,85,85,85,85,85,85,85,85,85,85,85,85,85,85,85,85,85,85,85,85],"card_choices":[{"not_picked":["Second Wind","Wild Strike"],"picked":"Cleave","floor":0},{"not_picked":["Perfected Strike","Hemokinesis"],"picked":"True Grit","floor":1},{"not_picked":["Armaments","Clothesline"],"picked":"Whirlwind","floor":2},{"not_picked":["Havoc","Pummel","Warcry"],"picked":"SKIP","floor":3},{"not_picked":["Seeing Red","Blood for Blood"],"picked":"Pommel Strike","floor":4},{"not_picked":["Wild Strike","Havoc"],"picked":"Demon Form","floor":5},{"not_picked":["Clash","Body Slam","Warcry"],"picked":"SKIP","floor":7},{"not_picked":["Twin Strike","Pommel Strike"],"picked":"Flame Barrier","floor":8},{"not_picked":["Reckless Charge","Thunderclap"],"picked":"Armaments","floor":13},{"not_picked":["Body Slam","Uppercut"],"picked":"Spot Weakness","floor":18},{"not_picked":["Thunderclap","Corruption"],"picked":"Body Slam+1","floor":19},{"not_picked":["Perfected Strike","Rupture+1","Inflame"],"picked":"SKIP","floor":22},{"not_picked":["Armaments","Body Slam+1"],"picked":"True Grit+1","floor":25},{"not_picked":["Cleave+1","True Grit","Armaments+1"],"picked":"SKIP","floor":28},{"not_picked":["Perfected Strike","Corruption"],"picked":"Havoc+1","floor":30},{"not_picked":["Wild Strike+1","Rupture","Infernal Blade"],"picked":"SKIP","floor":31},{"not_picked":["Berserk","Feed"],"picked":"Limit Break","floor":33},{"not_picked":["Armaments+1","Sword Boomerang","Uppercut+1"],"picked":"SKIP","floor":35},{"not_picked":["Jack Of All Trades","Magnetism"],"picked":"Purity","floor":38}],"player_experience":259111,"relics_obtained":[{"floor":8,"key":"Oddly Smooth Stone"},{"floor":9,"key":"Red Skull"},{"floor":26,"key":"Sundial"},{"floor":30,"key":"Juzu Bracelet"},{"floor":39,"key":"Magic Flower"}],"event_choices":[{"damage_healed":0,"gold_gain":0,"player_choice":"Ignored","damage_taken":0,"max_hp_gain":0,"max_hp_loss":0,"event_name":"Liars Game","floor":10,"gold_loss":0},{"damage_healed":0,"gold_gain":0,"player_choice":"Forge","damage_taken":0,"max_hp_gain":0,"max_hp_loss":0,"event_name":"Accursed Blacksmith","floor":11,"gold_loss":0,"cards_upgraded":["True Grit"]},{"cards_removed":["Strike_R"],"damage_healed":0,"gold_gain":0,"player_choice":"Gave Gold","damage_taken":0,"max_hp_gain":0,"max_hp_loss":0,"event_name":"Beggar","floor":20,"gold_loss":75},{"damage_healed":0,"gold_gain":0,"player_choice":"Shed Blood","damage_taken":20,"max_hp_gain":5,"max_hp_loss":0,"event_name":"Forgotten Altar","floor":21,"gold_loss":0},{"damage_healed":0,"gold_gain":0,"player_choice":"Ignored","damage_taken":0,"max_hp_gain":0,"max_hp_loss":0,"event_name":"Ghosts","floor":24,"gold_loss":0},{"damage_healed":0,"gold_gain":0,"player_choice":"Embrace Madness","damage_taken":11,"max_hp_gain":0,"max_hp_loss":0,"event_name":"Winding Halls","floor":37,"gold_loss":0,"cards_obtained":["Madness","Madness"]},{"damage_healed":0,"gold_gain":0,"player_choice":"Memory 1","damage_taken":0,"max_hp_gain":0,"max_hp_loss":0,"event_name":"SensoryStone","floor":38,"gold_loss":0},{"damage_healed":0,"gold_gain":0,"player_choice":"Fight","damage_taken":0,"max_hp_gain":0,"max_hp_loss":0,"event_name":"MindBloom","floor":39,"gold_loss":0}],"is_beta":false,"boss_relics":[{"not_picked":["Astrolabe","Calling Bell"],"picked":"Velvet Choker"},{"not_picked":["Runic Cube","Fusion Hammer"],"picked":"Mark of Pain"}],"items_purged_floors":[14,36],"is_endless":false,"potions_floor_spawned":[4,5,7,18,22,30],"killed_by":"Nemesis","ascension_level":8}