{"gold_per_floor":[111,58,77,77,92,131,131,162,162,196,136,175,175,198,198,327,327,350,371,95,95,95,95,115,151,202,120,135,155,155,180,180,308,308,329,343,125,141,164,164,204,6,33,33,54,79,79,119,119,119,119,119,91,129,129],"floor_reached":55,"playtime":3059,"items_purged":["Defend_R","Defend_R","Defend_R+1"],"score":1158,"play_id":"c77bfed2-edb2-40c3-a5bf-50f19c10d1b4","local_time":"20190602222848","is_ascension_mode":true,"campfire_choices":[{"data":"Perfected Strike","floor":7,"key":"SMITH"},{"floor":15,"key":"REST"},{"data":"Perfected Strike","floor":23,"key":"SMITH"},{"data":"Perfected Strike","floor":30,"key":"SMITH"},{"data":"Pommel Strike","floor":32,"key":"SMITH"},{"data":"Perfected Strike","floor":40,"key":"SMITH"},{"floor":44,"key":"RECALL"},{"data":"Double Tap","floor":47,"key":"SMITH"},{"data":"Perfected Strike","floor":49,"key":"SMITH"},{"data":"Disarm","floor":52,"key":"SMITH"}],"neow_cost":"NONE","seed_source_timestamp":650297916681362,"circlet_count":0,"master_deck":["Strike_R","Strike_R","Strike_R","Strike_R","Defend_R+1","Bash","Perfected Strike+1","Perfected Strike+1","Twin Strike","Twin Strike","True Grit","True Grit","Pommel Strike+1","Berserk","Burning Pact","Offering","Flex+1","Twin Strike","Battle Trance","Twin Strike","Perfected Strike+1","True Grit+1","Limit Break","Perfected Strike+1","Perfected Strike+1","Flex","Wild Strike","Perfected Strike+1","Power Through+1","Twin Strike","Inflame","Twin Strike","Shrug It Off+1","Double Tap+1","Disarm+1","Disarm","Pommel Strike+1"],"relics":["Burning Blood","Golden Idol","War Paint","Prayer Wheel","The Courier","Magic Flower","Sundial","Oddly Smooth Stone","Runic Dome","Pear","MutagenicStrength","Shuriken","Sozu","Bag of Preparation","Pocketwatch","Pen Nib","Omamori","Orichalcum","Bronze Scales"],"potions_floor_usage":[12,16,29,33,50,55,55],"damage_taken":[{"damage":7,"enemies":"Small Slimes","floor":1,"turns":5},{"damage":0,"enemies":"Cultist","floor":3,"turns":2},{"damage":1,"enemies":"2 Louse","floor":5,"turns":3},{"damage":16,"enemies":"Gremlin Nob","floor":6,"turns":3},{"damage":24,"enemies":"Lagavulin","floor":8,"turns":5},{"damage":14,"enemies":"3 Sentries","floor":10,"turns":6},{"damage":22,"enemies":"Lagavulin","floor":12,"turns":4},{"damage":5,"enemies":"Red Slaver","floor":14,"turns":3},{"damage":7,"enemies":"Slime Boss","floor":16,"turns":8},{"damage":12,"enemies":"3 Byrds","floor":18,"turns":5},{"damage":6,"enemies":"Shell Parasite","floor":19,"turns":2},{"damage":3,"enemies":"Sentry and Sphere","floor":24,"turns":3},{"damage":28,"enemies":"Slavers","floor":25,"turns":7},{"damage":0,"enemies":"3 Cultists","floor":28,"turns":4},{"damage":10,"enemies":"Shelled Parasite and Fungi","floor":29,"turns":3},{"damage":6,"enemies":"Centurion and Healer","floor":31,"turns":2},{"damage":50,"enemies":"Automaton","floor":33,"turns":6},{"damage":11,"enemies":"Orb Walker","floor":35,"turns":2},{"damage":6,"enemies":"3 Darklings","floor":36,"turns":2},{"damage":6,"enemies":"Transient","floor":38,"turns":5},{"damage":15,"enemies":"Maw","floor":39,"turns":5},{"damage":38,"enemies":"Reptomancer","floor":41,"turns":3},{"damage":0,"enemies":"Sphere and 2 Shapes","floor":45,"turns":2},{"damage":6,"enemies":"Spire Growth","floor":46,"turns":2},{"damage":6,"enemies":"Giant Head","floor":48,"turns":3},{"damage":38,"enemies":"Donu and Deca","floor":50,"turns":4},{"damage":6,"enemies":"Shield and Spear","floor":54,"turns":2},{"damage":83,"enemies":"The Heart","floor":55,"turns":5}],"seed_played":"8016135220049554475","potions_obtained":[{"floor":1,"key":"Explosive Potion"},{"floor":3,"key":"Fire Potion"},{"floor":8,"key":"Ancient Potion"},{"floor":10,"key":"AttackPotion"},{"floor":18,"key":"GamblersBrew"},{"floor":25,"key":"Regen Potion"},{"floor":28,"key":"Dexterity Potion"},{"floor":29,"key":"Energy Potion"},{"floor":33,"key":"GamblersBrew"}],"is_trial":false,"path_per_floor":["M","$","M","?","M","E","R","E","T","E","$","E","?","M","R","B",null,"M","M","$","?","?","R","M","E","T","$","M","M","R","M","R","B",null,"M","M","$","M","M","R","E","$","T","R","M","M","R","E","R","B",null,"R","$","E","B"],"character_chosen":"IRONCLAD","items_purchased":["Perfected Strike","Pear","Twin Strike","Battle Trance","Bag of Preparation","Pen Nib","Twin Strike","Inflame","Disarm"],"campfire_rested":1,"item_purchase_floors":[2,20,27,27,37,42,42,42,53],"current_hp_per_floor":[71,71,77,57,62,52,52,34,34,26,26,13,13,17,41,43,71,68,71,81,81,72,72,78,59,59,59,68,81,81,84,84,43,78,76,79,79,82,76,76,47,47,47,47,56,59,59,62,62,33,76,76,76,79,0],"gold":129,"neow_bonus":"REMOVE_CARD","is_prod":false,"is_daily":false,"chose_seed":false,"campfire_upgraded":8,"win_rate":0,"timestamp":1559536128,"path_taken":["M","$","M","?","M","E","R","E","T","E","$","E","?","M","R","BOSS","M","M","$","?","?","R","M","E","T","$","M","M","R","M","R","BOSS","M","M","$","M","M","R","E","$","T","R","M","M","R","E","R","BOSS","R","$","E","BOSS"],"build_version":"2019-01-23","purchased_purges":3,"victory":false,"max_hp_per_floor":[80,80,80,80,80,80,80,80,80,80,80,80,80,80,80,80,80,80,80,90,90,90,90,90,90,90,90,90,90,90,90,90,90,90,90,90,90,90,90,90,90,90,90,90,90,90,90,90,90,90,90,90,90,90,90],"card_choices":[{"not_picked":["Fire Breathing","Bloodletting"],"picked":"Perfected Strike","floor":1},{"not_picked":["Flex","Dark Embrace"],"picked":"Twin Strike","floor":3},{"not_picked":["Uppercut","Feel No Pain","Dual Wield"],"picked":"SKIP","floor":5},{"not_picked":["Clothesline","Armaments","Anger"],"picked":"SKIP","floor":6},{"not_picked":["Second Wind","Headbutt"],"picked":"Twin Strike","floor":8},{"not_picked":["Armaments","Dual Wield","Searing Blow"],"picked":"SKIP","floor":10},{"not_picked":["Flame Barrier","Feel No Pain"],"picked":"True Grit","floor":12},{"not_picked":["Feed","Evolve"],"picked":"True Grit","floor":14},{"not_picked":["Ghostly Armor","Flame Barrier"],"picked":"Pommel Strike","floor":14},{"not_picked":["Immolate","Demon Form"],"picked":"Berserk","floor":16},{"not_picked":["Thunderclap+1","Warcry"],"picked":"Burning Pact","floor":18},{"not_picked":["Entrench","Clothesline+1","Corruption"],"picked":"SKIP","floor":18},{"not_picked":["Sentinel","Iron Wave"],"picked":"Offering","floor":19},{"not_picked":["Pummel+1","Sword Boomerang"],"picked":"Flex+1","floor":19},{"not_picked":["Burning Pact","Thunderclap","Sever Soul"],"picked":"SKIP","floor":24},{"not_picked":["Evolve","Burning Pact","Headbutt"],"picked":"SKIP","floor":24},{"not_picked":["Searing Blow","True Grit","Bludgeon"],"picked":"SKIP","floor":25},{"not_picked":["Uppercut","Combust"],"picked":"Twin Strike","floor":28},{"not_picked":["Headbutt","Rage"],"picked":"Perfected Strike","floor":28},{"not_picked":["Power Through+1","Sword Boomerang"],"picked":"True Grit+1","floor":29},{"not_picked":["Cleave","Rampage+1","Dual Wield"],"picked":"SKIP","floor":29},{"not_picked":["Ghostly Armor","Thunderclap","Anger"],"picked":"SKIP","floor":31},{"not_picked":["Body Slam","Evolve","Havoc+1"],"picked":"SKIP","floor":31},{"not_picked":["Dark Embrace","Feed"],"picked":"Limit Break","floor":33},{"not_picked":["Anger+1","True Grit"],"picked":"Perfected Strike","floor":35},{"not_picked":["True Grit+1","Anger+1","Heavy Blade+1"],"picked":"SKIP","floor":35},{"not_picked":["Flex+1","Body Slam"],"picked":"Perfected Strike","floor":36},{"not_picked":["Entrench+1","Iron Wave"],"picked":"Flex","floor":36},{"not_picked":["Anger","Cleave+1"],"picked":"Wild Strike","floor":38},{"not_picked":["Havoc","Cleave+1","Feed"],"picked":"SKIP","floor":38},{"not_picked":["Power Through+1","Anger+1"],"picked":"Perfected Strike+1","floor":39},{"not_picked":["Heavy Blade","Shrug It Off","True Grit"],"picked":"SKIP","floor":39},{"not_picked":["Shrug It Off","Clothesline+1"],"picked":"Power Through+1","floor":41},{"not_picked":["Rupture+1","Brutality"],"picked":"Twin Strike","floor":45},{"not_picked":["Second Wind+1","True Grit+1"],"picked":"Shrug It Off+1","floor":45},{"not_picked":["Clash","Headbutt+1"],"picked":"Double Tap","floor":46},{"not_picked":["Heavy Blade+1","Dropkick","Shrug It Off"],"picked":"SKIP","floor":46},{"not_picked":["Anger+1","Evolve+1"],"picked":"Disarm","floor":48},{"not_picked":["Evolve+1","Burning Pact"],"picked":"Pommel Strike+1","floor":54}],"player_experience":392963,"relics_obtained":[{"floor":6,"key":"War Paint"},{"floor":8,"key":"Prayer Wheel"},{"floor":9,"key":"The Courier"},{"floor":10,"key":"Magic Flower"},{"floor":12,"key":"Sundial"},{"floor":25,"key":"Shuriken"},{"floor":41,"key":"Pocketwatch"},{"floor":43,"key":"Omamori"},{"floor":48,"key":"Orichalcum"},{"floor":54,"key":"Bronze Scales"}],"event_choices":[{"damage_healed":0,"gold_gain":0,"player_choice":"Take Damage","damage_taken":20,"relics_obtained":["Golden Idol"],"max_hp_gain":0,"max_hp_loss":0,"event_name":"Golden Idol","floor":4,"gold_loss":0},{"damage_healed":0,"gold_gain":0,"player_choice":"Gave Potion","damage_taken":0,"relics_obtained":["Oddly Smooth Stone"],"max_hp_gain":0,"max_hp_loss":0,"event_name":"WeMeetAgain","floor":13,"gold_loss":0},{"damage_healed":0,"gold_gain":0,"player_choice":"Inject Mutagens","damage_taken":0,"relics_obtained":["MutagenicStrength"],"max_hp_gain":0,"max_hp_loss":0,"event_name":"Drug Dealer","floor":21,"gold_loss":0},{"damage_healed":0,"gold_gain":0,"player_choice":"Damaged","damage_taken":9,"max_hp_gain":0,"max_hp_loss":0,"event_name":"Wheel of Change","floor":22,"gold_loss":0}],"is_beta":false,"boss_relics":[{"not_picked":["Runic Cube","Coffee Dripper"],"picked":"Runic Dome"},{"not_picked":["Tiny House","Runic Pyramid"],"picked":"Sozu"}],"items_purged_floors":[11,20,37],"is_endless":false,"potions_floor_spawned":[1,3,8,10,18,25,28,29,33,35,36,45],"killed_by":"The Heart","ascension_level":7}