{"gold_per_floor":[210,3,80,96,107,107,136,154,199,199,199,50,67,67],"floor_reached":14,"playtime":465,"items_purged":[],"score":180,"play_id":"084010b4-734d-4e8a-98bc-7d48999620cf","local_time":"20190606190155","is_ascension_mode":true,"campfire_choices":[{"data":"Carnage","floor":6,"key":"SMITH"}],"neow_cost":"NONE","seed_source_timestamp":1933879602432766,"circlet_count":0,"master_deck":["AscendersBane","Strike_R","Strike_R","Strike_R","Strike_R","Defend_R","Defend_R","Defend_R","Defend_R","Bash","Flame Barrier","Clothesline","Limit Break","True Grit","Carnage+1","Shrug It Off","Inflame","Whirlwind","Shrug It Off"],"relics":["Burning Blood","Gremlin Horn","Ancient Tea Set"],"potions_floor_usage":[7,8,13],"damage_taken":[{"damage":15,"enemies":"Small Slimes","floor":1,"turns":4},{"damage":11,"enemies":"Jaw Worm","floor":4,"turns":5},{"damage":7,"enemies":"2 Louse","floor":5,"turns":3},{"damage":48,"enemies":"Gremlin Nob","floor":7,"turns":6},{"damage":4,"enemies":"Red Slaver","floor":8,"turns":7},{"damage":0,"enemies":"Exordium Wildlife","floor":13,"turns":4},{"damage":19,"enemies":"Gremlin Gang","floor":14,"turns":1}],"seed_played":"2740763697574502765","potions_obtained":[{"floor":1,"key":"Weak Potion"},{"floor":4,"key":"GamblersBrew"},{"floor":8,"key":"SkillPotion"}],"is_trial":false,"path_per_floor":["M","$","?","M","M","R","E","M","T","?","?","$","M","M"],"character_chosen":"IRONCLAD","items_purchased":["Clothesline","Limit Break","Inflame","Whirlwind"],"campfire_rested":0,"item_purchase_floors":[2,2,12,12],"current_hp_per_floor":[59,59,59,54,53,53,11,13,13,13,13,13,19,0],"gold":67,"neow_bonus":"HUNDRED_GOLD","is_prod":false,"is_daily":false,"chose_seed":false,"campfire_upgraded":1,"win_rate":0,"timestamp":1559862115,"path_taken":["M","$","?","M","M","R","E","M","T","?","?","$","M","M"],"build_version":"2019-01-23","purchased_purges":0,"victory":false,"max_hp_per_floor":[75,75,75,75,75,75,75,75,75,75,75,75,75,75],"card_choices":[{"not_picked":["Combust","Sword Boomerang"],"picked":"Flame Barrier","floor":1},{"not_picked":["Twin Strike","Flex"],"picked":"True Grit","floor":4},{"not_picked":["Warcry","Iron Wave"],"picked":"Carnage","floor":5},{"not_picked":["Seeing Red","Exhume"],"picked":"Shrug It Off","floor":7},{"not_picked":["Pommel Strike","Wild Strike","Intimidate"],"picked":"SKIP","floor":8},{"not_picked":["Cleave","True Grit"],"picked":"Shrug It Off","floor":13}],"player_experience":570834,"relics_obtained":[{"floor":7,"key":"Gremlin Horn"},{"floor":9,"key":"Ancient Tea Set"}],"event_choices":[{"damage_healed":0,"gold_gain":77,"player_choice":"Gained Gold","damage_taken":0,"max_hp_gain":0,"max_hp_loss":0,"event_name":"Golden Wing","floor":3,"gold_loss":0},{"damage_healed":0,"gold_gain":0,"player_choice":"Ignored","damage_taken":0,"max_hp_gain":0,"max_hp_loss":0,"event_name":"Shining Light","floor":10,"gold_loss":0},{"cards_removed":["Strike_R"],"damage_healed":0,"gold_gain":0,"player_choice":"Purged","damage_taken":0,"max_hp_gain":0,"max_hp_loss":0,"event_name":"Purifier","floor":11,"gold_loss":0}],"is_beta":false,"boss_relics":[],"items_purged_floors":[],"is_endless":false,"potions_floor_spawned":[1,4,8],"killed_by":"Gremlin Gang","ascension_level":20}