{"gold_per_floor":[116,130,130,142,157,169,169,202,278,278,290,324,324,339,339,436,436],"floor_reached":17,"playtime":1135,"items_purged":[],"score":194,"play_id":"bb5aa3c1-d385-4cde-904e-631c5b5c5535","local_time":"20190529222220","is_ascension_mode":false,"campfire_choices":[{"data":"After Image","floor":7,"key":"SMITH"},{"data":"Neutralize","floor":10,"key":"SMITH"},{"data":"Accuracy","floor":13,"key":"SMITH"},{"data":"Blade Dance","floor":15,"key":"SMITH"}],"neow_cost":"NONE","seed_source_timestamp":1201300393726200,"circlet_count":0,"master_deck":["Defend_G","Defend_G","Defend_G","Defend_G","Defend_G","Strike_G","Strike_G","Survivor","Neutralize+1","Prepared","All Out Attack","After Image+1","Leg Sweep","Accuracy+1","Dash","Blade Dance+1","Blur","Venomology"],"relics":["Ring of the Snake","NeowsBlessing","Potion Belt","Paper Crane","Dead Branch","Empty Cage"],"potions_floor_usage":[6,12,16],"damage_taken":[{"damage":0,"enemies":"Jaw Worm","floor":1,"turns":1},{"damage":0,"enemies":"Cultist","floor":2,"turns":1},{"damage":0,"enemies":"2 Louse","floor":4,"turns":1},{"damage":0,"enemies":"Exordium Wildlife","floor":5,"turns":5},{"damage":0,"enemies":"Gremlin Gang","floor":6,"turns":1},{"damage":46,"enemies":"Gremlin Nob","floor":8,"turns":7},{"damage":0,"enemies":"Blue Slaver","floor":11,"turns":6},{"damage":0,"enemies":"Lagavulin","floor":12,"turns":9},{"damage":0,"enemies":"Exordium Wildlife","floor":14,"turns":5},{"damage":21,"enemies":"Slime Boss","floor":16,"turns":8}],"seed_played":"-3403502429108991229","potions_obtained":[{"floor":2,"key":"FearPotion"},{"floor":4,"key":"Explosive Potion"},{"floor":8,"key":"Weak Potion"},{"floor":12,"key":"Fire Potion"},{"floor":14,"key":"Dexterity Potion"},{"floor":16,"key":"AttackPotion"}],"is_trial":false,"path_per_floor":["M","M","?","M","M","M","R","E","T","R","M","E","R","M","R","B",null],"character_chosen":"THE_SILENT","items_purchased":[],"campfire_rested":0,"item_purchase_floors":[],"current_hp_per_floor":[70,70,70,70,70,70,70,24,24,24,24,24,24,24,24,3,70],"gold":436,"neow_bonus":"THREE_ENEMY_KILL","is_prod":false,"is_daily":false,"chose_seed":false,"campfire_upgraded":4,"win_rate":0,"timestamp":1559182940,"path_taken":["M","M","?","M","M","M","R","E","T","R","M","E","R","?","R","BOSS"],"build_version":"2019-01-23","purchased_purges":0,"victory":false,"max_hp_per_floor":[70,70,70,70,70,70,70,70,70,70,70,70,70,70,70,70,70],"card_choices":[{"not_picked":["Bane","Distraction"],"picked":"Prepared","floor":1},{"not_picked":["Underhanded Strike","Poisoned Stab"],"picked":"All Out Attack","floor":2},{"not_picked":["Poisoned Stab","Prepared"],"picked":"After Image","floor":4},{"not_picked":["Bouncing Flask","Flying Knee"],"picked":"Leg Sweep","floor":5},{"not_picked":["Bane","Backflip"],"picked":"Accuracy","floor":6},{"not_picked":["Underhanded Strike","Doppelganger"],"picked":"Dash","floor":8},{"not_picked":["Acrobatics","Masterful Stab"],"picked":"Blade Dance","floor":11},{"not_picked":["All Out Attack","Dodge and Roll"],"picked":"Blur","floor":12},{"not_picked":["Outmaneuver","All Out Attack","Terror"],"picked":"SKIP","floor":14},{"not_picked":["Wraith Form v2","Die Die Die"],"picked":"Venomology","floor":16}],"player_experience":995325,"relics_obtained":[{"floor":8,"key":"Potion Belt"},{"floor":9,"key":"Paper Crane"},{"floor":12,"key":"Dead Branch"}],"event_choices":[{"cards_removed":["Strike_G"],"damage_healed":0,"gold_gain":0,"player_choice":"Purged","damage_taken":0,"max_hp_gain":0,"max_hp_loss":0,"event_name":"Purifier","floor":3,"gold_loss":0}],"is_beta":false,"boss_relics":[{"not_picked":["Lizard Tail","Sozu"],"picked":"Empty Cage"}],"items_purged_floors":[],"is_endless":false,"potions_floor_spawned":[2,4,8,12,14,16],"ascension_level":0}