{"gold_per_floor":[109,109,109,132,151,151,190,190,190,190,223,223,297,297],"floor_reached":14,"playtime":473,"items_purged":[],"score":187,"play_id":"cf00d6e2-93d8-4895-ab67-0277d59289ea","local_time":"20190508192031","is_ascension_mode":true,"campfire_choices":[{"data":"Demon Form","floor":6,"key":"SMITH"},{"data":"Armaments","floor":10,"key":"SMITH"},{"data":"Clothesline","floor":12,"key":"SMITH"}],"neow_cost":"TEN_PERCENT_HP_LOSS","seed_source_timestamp":918293873924726,"circlet_count":0,"master_deck":["AscendersBane","Strike_R","Strike_R","Strike_R","Defend_R","Defend_R","Defend_R","Defend_R","Bash","Demon Form+1","Sword Boomerang","Cleave","Clothesline+1","Armaments+1","Ghostly Armor"],"relics":["Burning Blood","Golden Idol","Juzu Bracelet","Bottled Tornado","Girya","Mummified Hand"],"potions_floor_usage":[11],"damage_taken":[{"damage":11,"enemies":"Jaw Worm","floor":1,"turns":5},{"damage":7,"enemies":"Small Slimes","floor":4,"turns":5},{"damage":4,"enemies":"2 Louse","floor":5,"turns":4},{"damage":10,"enemies":"Lagavulin","floor":7,"turns":5},{"damage":31,"enemies":"3 Sentries","floor":11,"turns":7},{"damage":21,"enemies":"Lagavulin Event","floor":13,"turns":5},{"damage":32,"enemies":"Gremlin Gang","floor":14,"turns":3}],"seed_played":"4444267416291886539","potions_obtained":[{"floor":1,"key":"EssenceOfSteel"},{"floor":4,"key":"PowerPotion"},{"floor":8,"key":"FairyPotion"}],"is_trial":false,"path_per_floor":["M","?","?","M","M","R","E","?","T","R","E","R","?","M"],"character_chosen":"IRONCLAD","items_purchased":[],"campfire_rested":0,"item_purchase_floors":[],"current_hp_per_floor":[63,68,66,65,66,66,62,62,62,62,37,37,22,0],"gold":297,"neow_bonus":"TRANSFORM_TWO_CARDS","is_prod":false,"is_daily":false,"chose_seed":false,"campfire_upgraded":3,"win_rate":0,"timestamp":1557357631,"path_taken":["M","?","?","?","M","R","E","?","T","R","E","R","?","M"],"build_version":"2019-01-23","purchased_purges":0,"victory":false,"max_hp_per_floor":[68,73,66,66,66,66,66,66,66,66,66,66,66,66],"card_choices":[{"not_picked":["Combust","Reckless Charge"],"picked":"Cleave","floor":1},{"not_picked":["Cleave","Thunderclap"],"picked":"Clothesline","floor":4},{"not_picked":["Anger","Heavy Blade"],"picked":"Armaments","floor":5},{"not_picked":["Pummel","Wild Strike","Immolate"],"picked":"SKIP","floor":7},{"not_picked":["Flex","Dropkick","Cleave"],"picked":"SKIP","floor":11},{"not_picked":["Wild Strike","Uppercut"],"picked":"Ghostly Armor","floor":13}],"player_experience":390237,"relics_obtained":[{"floor":7,"key":"Juzu Bracelet"},{"floor":9,"key":"Bottled Tornado"},{"floor":11,"key":"Girya"},{"floor":13,"key":"Mummified Hand"}],"event_choices":[{"damage_healed":0,"gold_gain":0,"player_choice":"Donut","damage_taken":0,"max_hp_gain":5,"max_hp_loss":0,"event_name":"Big Fish","floor":2,"gold_loss":0},{"damage_healed":0,"gold_gain":0,"player_choice":"Lose Max HP","damage_taken":0,"relics_obtained":["Golden Idol"],"max_hp_gain":0,"max_hp_loss":7,"event_name":"Golden Idol","floor":3,"gold_loss":0},{"damage_healed":0,"gold_gain":0,"player_choice":"Got Potions","damage_taken":0,"max_hp_gain":0,"max_hp_loss":0,"event_name":"Lab","floor":8,"gold_loss":0},{"damage_healed":0,"gold_gain":0,"player_choice":"Searched \u00271\u0027 times","damage_taken":0,"max_hp_gain":0,"max_hp_loss":0,"event_name":"Dead Adventurer","floor":13,"gold_loss":0}],"is_beta":false,"boss_relics":[],"items_purged_floors":[],"is_endless":false,"potions_floor_spawned":[1,4],"killed_by":"Gremlin Gang","ascension_level":19}