{"gold_per_floor":[115,130,142,156,206,206,231,247,294,341,372,372,389,389,389,461,461,476,476,493,507,507,537,537,112,112,143,35,114,142,153,153,153],"floor_reached":33,"playtime":1081,"items_purged":["Strike_R","Pain"],"score":680,"play_id":"f97b1905-c6c1-4b72-b5ac-264ded7709d0","local_time":"20190607203140","is_ascension_mode":true,"campfire_choices":[{"data":"Shockwave","floor":6,"key":"SMITH"},{"floor":12,"key":"REST"},{"data":"Bash","floor":15,"key":"SMITH"},{"data":"Flex","floor":24,"key":"SMITH"},{"data":"Offering","floor":32,"key":"SMITH"}],"neow_cost":"NONE","seed_source_timestamp":127809610629900,"circlet_count":0,"master_deck":["AscendersBane","Strike_R","Strike_R","Strike_R","Strike_R","Defend_R","Defend_R","Defend_R","Defend_R","Bash+1","Offering+1","Thunderclap","Iron Wave","Shockwave+1","Heavy Blade","Flex+1","Heavy Blade+1","Immolate+1","Armaments+1","Fiend Fire","True Grit+1","Power Through+1","Pommel Strike","Flash of Steel","Double Tap+1","Armaments+1","Doubt","Battle Trance+1"],"relics":["Burning Blood","Peace Pipe","Pen Nib","Happy Flower","Toxic Egg 2","Cursed Key","Nloth\u0027s Gift","Smiling Mask","Bottled Lightning","Paper Frog","Regal Pillow","Ornamental Fan","Darkstone Periapt"],"potions_floor_usage":[11,11,16,30,33],"damage_taken":[{"damage":7,"enemies":"Cultist","floor":1,"turns":3},{"damage":13,"enemies":"Jaw Worm","floor":2,"turns":2},{"damage":7,"enemies":"2 Louse","floor":3,"turns":3},{"damage":22,"enemies":"Red Slaver","floor":4,"turns":4},{"damage":41,"enemies":"3 Sentries","floor":7,"turns":9},{"damage":5,"enemies":"Exordium Wildlife","floor":8,"turns":3},{"damage":8,"enemies":"Gremlin Nob","floor":11,"turns":3},{"damage":6,"enemies":"Exordium Thugs","floor":13,"turns":2},{"damage":16,"enemies":"Hexaghost","floor":16,"turns":8},{"damage":6,"enemies":"Spheric Guardian","floor":18,"turns":3},{"damage":6,"enemies":"3 Byrds","floor":20,"turns":3},{"damage":2,"enemies":"Centurion and Healer","floor":21,"turns":4},{"damage":9,"enemies":"Gremlin Leader","floor":23,"turns":4},{"damage":7,"enemies":"Slavers","floor":27,"turns":2},{"damage":15,"enemies":"Gremlin Leader","floor":30,"turns":3},{"damage":6,"enemies":"Snecko","floor":31,"turns":1},{"damage":59,"enemies":"Collector","floor":33,"turns":7}],"seed_played":"-1895488601770134279","potions_obtained":[{"floor":1,"key":"Energy Potion"},{"floor":8,"key":"Strength Potion"},{"floor":11,"key":"Regen Potion"},{"floor":19,"key":"Dexterity Potion"},{"floor":19,"key":"PowerPotion"},{"floor":27,"key":"Energy Potion"},{"floor":30,"key":"SneckoOil"}],"is_trial":false,"path_per_floor":["M","M","M","M","?","R","E","M","T","T","E","R","M","T","R","B",null,"M","?","M","M","?","E","R","$","T","E","$","T","E","M","R","B"],"character_chosen":"IRONCLAD","items_purchased":["Bottled Lightning","Flash of Steel","Armaments+1"],"campfire_rested":1,"item_purchase_floors":[25,25,28],"current_hp_per_floor":[67,60,59,43,43,43,8,9,9,9,7,29,29,29,29,34,65,65,65,65,69,69,66,66,66,66,65,65,65,56,56,56,0],"gold":153,"neow_bonus":"ONE_RANDOM_RARE_CARD","is_prod":false,"is_daily":false,"chose_seed":false,"campfire_upgraded":4,"win_rate":0,"timestamp":1559932300,"path_taken":["M","M","M","M","?","R","E","?","T","?","E","R","M","?","R","BOSS","M","?","?","M","?","E","R","$","T","E","$","?","E","M","R","BOSS"],"build_version":"2019-01-23","purchased_purges":2,"victory":false,"max_hp_per_floor":[75,75,75,75,75,75,75,75,75,75,75,75,75,75,75,75,75,75,75,75,75,75,75,75,75,75,75,75,75,75,75,75,75],"card_choices":[{"not_picked":["Dual Wield","Pommel Strike"],"picked":"Thunderclap","floor":1},{"not_picked":["Twin Strike","Perfected Strike"],"picked":"Iron Wave","floor":2},{"not_picked":["Twin Strike","Sentinel"],"picked":"Shockwave","floor":3},{"not_picked":["Twin Strike","Offering"],"picked":"Heavy Blade","floor":4},{"not_picked":["Dual Wield","Searing Blow"],"picked":"Flex","floor":7},{"not_picked":["True Grit","Twin Strike"],"picked":"Heavy Blade","floor":8},{"not_picked":["Heavy Blade","Thunderclap"],"picked":"Immolate","floor":11},{"not_picked":["Body Slam","Metallicize"],"picked":"Armaments+1","floor":13},{"not_picked":["Brutality","Offering+1"],"picked":"Fiend Fire","floor":16},{"not_picked":["Havoc+1","Searing Blow"],"picked":"True Grit+1","floor":18},{"not_picked":["Carnage","Body Slam","Bloodletting+1"],"picked":"SKIP","floor":20},{"not_picked":["Metallicize","Clash"],"picked":"Power Through+1","floor":21},{"not_picked":["Cleave","Wild Strike"],"picked":"Pommel Strike","floor":23},{"not_picked":["Impervious+1","Berserk"],"picked":"Double Tap+1","floor":27},{"not_picked":["Limit Break+1","Sword Boomerang"],"picked":"Battle Trance+1","floor":30},{"not_picked":["Bloodletting+1","Anger","Corruption"],"picked":"SKIP","floor":31}],"player_experience":679597,"relics_obtained":[{"floor":7,"key":"Peace Pipe"},{"floor":9,"key":"Pen Nib"},{"floor":10,"key":"Happy Flower"},{"floor":11,"key":"Toxic Egg 2"},{"floor":14,"key":"Whetstone"},{"floor":23,"key":"Smiling Mask"},{"floor":26,"key":"Paper Frog"},{"floor":27,"key":"Regal Pillow"},{"floor":29,"key":"Ornamental Fan"},{"floor":30,"key":"Darkstone Periapt"}],"event_choices":[{"damage_healed":0,"gold_gain":50,"player_choice":"Pray","damage_taken":0,"max_hp_gain":0,"max_hp_loss":0,"event_name":"Golden Shrine","floor":5,"gold_loss":0},{"damage_healed":0,"gold_gain":0,"player_choice":"Got Potions","damage_taken":0,"max_hp_gain":0,"max_hp_loss":0,"event_name":"Lab","floor":19,"gold_loss":0},{"damage_healed":0,"gold_gain":0,"player_choice":"Traded Relic","damage_taken":0,"relics_obtained":["Nloth\u0027s Gift"],"max_hp_gain":0,"max_hp_loss":0,"event_name":"N\u0027loth","floor":22,"relics_lost":["Whetstone"],"gold_loss":0}],"is_beta":false,"boss_relics":[{"not_picked":["Calling Bell","Coffee Dripper"],"picked":"Cursed Key"}],"items_purged_floors":[25,28],"is_endless":false,"potions_floor_spawned":[1,8,11,20,27,30,31],"killed_by":"Collector","ascension_level":20}