{"gold_per_floor":[99,99,99,99,99,99,28,28,28,28,28,28,28,0,0,0,0,0,0,0,0,0,0],"floor_reached":23,"playtime":1034,"items_purged":[],"score":282,"play_id":"d9498717-042d-436d-987c-0cb1984f6936","local_time":"20190511094139","is_ascension_mode":true,"campfire_choices":[{"data":"Loop","floor":11,"key":"SMITH"},{"floor":15,"key":"REST"}],"neow_cost":"NONE","seed_source_timestamp":959638680190212,"circlet_count":0,"master_deck":["Strike_B+1","Strike_B","Strike_B","Defend_B","Defend_B","Defend_B","Defend_B","Zap","Dualcast","Glacier","Loop+1","Barrage+1","Seek","Coolheaded","Creative AI","Go for the Eyes+1","BootSequence"],"relics":["Ectoplasm","Whetstone","Vajra","Regal Pillow","Art of War","Inserter","Potion Belt"],"potions_floor_usage":[8,16,21,23],"damage_taken":[{"damage":0,"enemies":"2 Louse","floor":1,"turns":3},{"damage":4,"enemies":"Small Slimes","floor":4,"turns":4},{"damage":2,"enemies":"Jaw Worm","floor":5,"turns":4},{"damage":19,"enemies":"3 Sentries","floor":6,"turns":9},{"damage":12,"enemies":"Lagavulin","floor":8,"turns":6},{"damage":13,"enemies":"3 Sentries","floor":10,"turns":11},{"damage":0,"enemies":"Exordium Thugs","floor":14,"turns":4},{"damage":26,"enemies":"Slime Boss","floor":16,"turns":9},{"damage":1,"enemies":"Chosen","floor":18,"turns":5},{"damage":20,"enemies":"2 Thieves","floor":20,"turns":4},{"damage":20,"enemies":"Cultist and Chosen","floor":21,"turns":7},{"damage":58,"enemies":"Slavers","floor":23,"turns":5}],"seed_played":"3222261683167088741","potions_obtained":[{"floor":1,"key":"Swift Potion"},{"floor":4,"key":"Regen Potion"},{"floor":16,"key":"GamblersBrew"},{"floor":20,"key":"Regen Potion"},{"floor":21,"key":"PowerPotion"}],"is_trial":false,"path_per_floor":["M","?","?","M","M","E","$","E","T","E","R","$","?","M","R","B",null,"M","?","M","M","?","E"],"character_chosen":"DEFECT","items_purchased":["Seek"],"campfire_rested":1,"item_purchase_floors":[7],"current_hp_per_floor":[68,68,68,64,62,43,43,40,40,27,27,27,27,27,64,38,66,65,65,45,39,39,0],"gold":0,"neow_bonus":"BOSS_RELIC","is_prod":false,"is_daily":false,"chose_seed":false,"campfire_upgraded":1,"win_rate":0,"timestamp":1557582099,"path_taken":["M","?","?","?","M","E","$","E","T","E","R","?","?","M","R","BOSS","M","?","?","M","?","E"],"build_version":"2019-01-23","purchased_purges":0,"victory":false,"max_hp_per_floor":[75,75,75,75,75,75,75,75,75,75,75,75,75,75,75,75,75,75,75,75,75,75,75],"card_choices":[{"not_picked":["Cold Snap","Ball Lightning"],"picked":"Glacier","floor":1},{"not_picked":["Compile Driver","Conserve Battery"],"picked":"Loop","floor":4},{"not_picked":["Reprogram","Conserve Battery"],"picked":"Barrage","floor":5},{"not_picked":["Hologram","Beam Cell","Turbo"],"picked":"SKIP","floor":6},{"not_picked":["Doom and Gloom","Streamline"],"picked":"Coolheaded","floor":8},{"not_picked":["Reprogram","Fission","Double Energy"],"picked":"SKIP","floor":10},{"not_picked":["Beam Cell","Hologram","Ball Lightning"],"picked":"SKIP","floor":14},{"not_picked":["Hyperbeam","Thunder Strike"],"picked":"Creative AI","floor":16},{"not_picked":["Rebound+1","Capacitor"],"picked":"Go for the Eyes+1","floor":18},{"not_picked":["Capacitor","Go for the Eyes+1","Reinforced Body"],"picked":"SKIP","floor":20},{"not_picked":["Darkness","Stack"],"picked":"BootSequence","floor":21}],"player_experience":400262,"relics_obtained":[{"floor":6,"key":"Whetstone"},{"floor":8,"key":"Vajra"},{"floor":9,"key":"Regal Pillow"},{"floor":10,"key":"Art of War"}],"event_choices":[{"damage_healed":0,"gold_gain":0,"player_choice":"Ignored","damage_taken":0,"max_hp_gain":0,"max_hp_loss":0,"event_name":"Liars Game","floor":2,"gold_loss":0},{"damage_healed":0,"gold_gain":0,"player_choice":"Ignored","damage_taken":0,"max_hp_gain":0,"max_hp_loss":0,"event_name":"Golden Idol","floor":3,"gold_loss":0},{"cards_removed":["Strike_B"],"damage_healed":0,"gold_gain":0,"player_choice":"Offered Basic","damage_taken":0,"max_hp_gain":0,"max_hp_loss":0,"event_name":"Bonfire Elementals","floor":13,"gold_loss":0},{"damage_healed":0,"gold_gain":0,"player_choice":"Gave Potion","damage_taken":0,"relics_obtained":["Potion Belt"],"max_hp_gain":0,"max_hp_loss":0,"event_name":"WeMeetAgain","floor":19,"gold_loss":0}],"is_beta":false,"boss_relics":[{"not_picked":["White Beast Statue","Snecko Eye"],"picked":"Inserter"}],"items_purged_floors":[],"is_endless":false,"potions_floor_spawned":[1,4,16,20,21],"killed_by":"Slavers","ascension_level":7}