{"gold_per_floor":[109,32,32,32,46,46,77,94,144,169,169,20,40,56,56,161,161,178,93,25,44,60,92,17,17,17,49,49,49,69,69,69,173,173,186,1,13,13,13],"floor_reached":39,"playtime":7334,"items_purged":["Strike_G"],"score":477,"play_id":"3bbe9fa6-533d-40cc-bb43-3288f5c19eab","local_time":"20181014193044","is_ascension_mode":false,"campfire_choices":[{"data":"Neutralize","floor":6.0,"key":"SMITH"},{"data":"Blur","floor":11,"key":"SMITH"},{"data":"Cloak And Dagger","floor":15,"key":"SMITH"},{"data":"Infinite Blades","floor":25,"key":"SMITH"},{"floor":28,"key":"REST"},{"floor":32,"key":"REST"}],"neow_cost":"NONE","seed_source_timestamp":0,"circlet_count":0,"master_deck":["Defend_G","Defend_G","Strike_G+1","Strike_G+1","Strike_G","Survivor","Neutralize+1","Deflect","Caltrops+1","Backflip","Footwork","Blur+1","Infinite Blades","Slice","Cloak And Dagger+1","A Thousand Cuts","All Out Attack+1","Dash+1","Poisoned Stab+1","Noxious Fumes+1","Infinite Blades+1","Sucker Punch+1","Prepared","Endless Agony","Blade Dance+1","Noxious Fumes+1","Sadistic Nature","Doubt"],"special_seed":0,"relics":["Runic Pyramid","Vajra","Boot","Whetstone","Astrolabe","Paper Crane","Pen Nib","WingedGreaves","Bag of Preparation","WristBlade"],"potions_floor_usage":[16,23,27,27,33,35,37],"damage_taken":[{"damage":1.0,"enemies":"Jaw Worm","floor":1.0,"turns":5.0},{"damage":0.0,"enemies":"2 Louse","floor":5.0,"turns":3.0},{"damage":12.0,"enemies":"Lagavulin","floor":7.0,"turns":10.0},{"damage":3.0,"enemies":"Small Slimes","floor":8.0,"turns":3.0},{"damage":5,"enemies":"3 Sentries","floor":10,"turns":10},{"damage":0,"enemies":"Blue Slaver","floor":13,"turns":4},{"damage":0,"enemies":"Looter","floor":14,"turns":4},{"damage":0,"enemies":"Slime Boss","floor":16,"turns":12},{"damage":27,"enemies":"Spheric Guardian","floor":18,"turns":5},{"damage":1,"enemies":"Chosen","floor":21,"turns":5},{"damage":9,"enemies":"Snake Plant","floor":22,"turns":4},{"damage":6,"enemies":"Book of Stabbing","floor":23,"turns":6},{"damage":19,"enemies":"Gremlin Leader","floor":27,"turns":6},{"damage":13,"enemies":"3 Cultists","floor":30,"turns":4},{"damage":40,"enemies":"Automaton","floor":33,"turns":9},{"damage":39,"enemies":"3 Darklings","floor":35,"turns":3},{"damage":13,"enemies":"Orb Walker","floor":37,"turns":4},{"damage":23,"enemies":"4 Shapes","floor":39,"turns":5}],"seed_played":"-6092521541242568614","potions_obtained":[{"floor":5.0,"key":"EssenceOfSteel"},{"floor":8.0,"key":"Regen Potion"},{"floor":10,"key":"Block Potion"},{"floor":21,"key":"Weak Potion"},{"floor":23,"key":"Energy Potion"},{"floor":33,"key":"Regen Potion"},{"floor":35,"key":"LiquidBronze"}],"is_trial":false,"path_per_floor":["M","$","?","?","M","R","E","M","T","E","R","$","M","M","R","B",null,"M","?","$","M","M","E","?","R","T","E","R","$","M","?","R","B",null,"M","$","M","?"],"character_chosen":"THE_SILENT","items_purchased":["Caltrops","Infinite Blades","Infinite Blades","Sadistic Nature"],"campfire_rested":2,"item_purchase_floors":[2,12,20,36],"current_hp_per_floor":[69,69,69,69,69,69,57,54,54,49,49,49,49,49,49,49,70,43,43,43,42,33,27,27,27,27,23,44,44,31,31,52,12,70,36,36,23,23,0],"gold":13,"neow_bonus":"BOSS_RELIC","is_prod":false,"is_daily":false,"chose_seed":false,"campfire_upgraded":4,"win_rate":0,"timestamp":1539534644,"path_taken":["M","$","?","?","M","R","E","M","T","E","R","$","M","M","R","BOSS","M","?","$","M","M","E","?","R","T","E","R","$","M","?","R","BOSS","M","$","M","?","M"],"build_version":"2018-10-11","purchased_purges":1,"victory":false,"max_hp_per_floor":[70,70,70,70,70,70,70,70,70,70,70,70,70,70,70,70,70,70,70,70,70,70,70,70,70,70,70,70,70,70,70,70,70,70,70,70,70,70,70],"card_choices":[{"not_picked":["Underhanded Strike","Bane"],"picked":"Deflect","floor":1.0},{"not_picked":["Backstab","Prepared"],"picked":"Backflip","floor":5.0},{"not_picked":["Venomology","Leg Sweep"],"picked":"Footwork","floor":7.0},{"not_picked":["Backflip","All Out Attack"],"picked":"Blur","floor":8.0},{"not_picked":["Choke","Poisoned Stab","Venomology"],"picked":"SKIP","floor":10},{"not_picked":["Dagger Throw","Distraction"],"picked":"Slice","floor":13},{"not_picked":["Outmaneuver","Flying Knee"],"picked":"Cloak And Dagger","floor":14},{"not_picked":["After Image","Die Die Die"],"picked":"A Thousand Cuts","floor":16},{"not_picked":["Footwork","Deadly Poison+1"],"picked":"Noxious Fumes+1","floor":18},{"not_picked":["Distraction+1","Quick Slash+1"],"picked":"Sucker Punch+1","floor":21},{"not_picked":["Crippling Poison","Masterful Stab","Underhanded Strike"],"picked":"SKIP","floor":22},{"not_picked":["Blur","Poisoned Stab"],"picked":"Prepared","floor":23},{"not_picked":["Predator+1","Expertise"],"picked":"Endless Agony","floor":27},{"not_picked":["Predator","Slice"],"picked":"Blade Dance+1","floor":30},{"not_picked":["Prepared","Calculated Gamble"],"picked":"Noxious Fumes+1","floor":35},{"not_picked":["Sucker Punch+1","Dodge and Roll","Dagger Spray+1"],"picked":"SKIP","floor":37}],"player_experience":100184,"relics_obtained":[{"floor":7.0,"key":"Vajra"},{"floor":9.0,"key":"Boot"},{"floor":10,"key":"Whetstone"},{"floor":23,"key":"Pen Nib"},{"floor":26,"key":"WingedGreaves"},{"floor":27,"key":"Bag of Preparation"}],"event_choices":[{"event_name":"The Cleric","player_choice":"Leave","floor":3.0,"damage_taken":0.0},{"event_name":"Living Wall","player_choice":"Grow","floor":4.0,"damage_taken":0.0},{"event_name":"Addict","player_choice":"Obtained Relic","floor":19,"damage_taken":0},{"event_name":"Beggar","player_choice":"Gave Gold","floor":24,"damage_taken":0},{"event_name":"The Mausoleum","player_choice":"No","floor":31,"damage_taken":0},{"event_name":"Match and Keep!","player_choice":"1 cards matched","floor":38,"damage_taken":0},{"event_name":"Match and Keep!","player_choice":"1 cards matched","floor":38,"damage_taken":0}],"is_beta":false,"boss_relics":[{"not_picked":["Runic Dome","Calling Bell"],"picked":"Astrolabe"},{"not_picked":["Black Star","Cursed Key"],"picked":"WristBlade"}],"items_purged_floors":[12],"is_endless":false,"potions_floor_spawned":[5,8,10,13,21,23,33,35],"killed_by":"4 Shapes","ascension_level":0}