{"gold_per_floor":[111,8,83,16,16,16,41,41,41,5,39,39,56,82,82,157,157,171,37,47,77,2,52,21,41,113,113,123,22,22,52,52,123,123,134,134,234,124,143,172,172,202,226,226,251,27,45,58,58,58],"floor_reached":50,"playtime":2764,"items_purged":["Strike_R"],"score":1150,"play_id":"2a113413-956e-4467-8f14-2f65b9bead9d","local_time":"20190526181145","is_ascension_mode":true,"campfire_choices":[{"data":"Anger","floor":6.0,"key":"SMITH"},{"floor":8.0,"key":"REST"},{"data":"Demon Form","floor":12.0,"key":"SMITH"},{"data":"Sword Boomerang","floor":15.0,"key":"SMITH"},{"floor":27.0,"key":"REST"},{"data":"Whirlwind","floor":30.0,"key":"SMITH"},{"floor":32.0,"key":"REST"},{"floor":41.0,"key":"RECALL"},{"floor":44.0,"key":"REST"},{"floor":49,"key":"REST"}],"neow_cost":"NONE","seed_source_timestamp":0,"circlet_count":0,"master_deck":["AscendersBane","Defend_R","Defend_R","Bash+1","Anger+1","Trip","Demon Form+1","Sword Boomerang+1","Inflame","Pummel+1","Offering+1","Evolve","Whirlwind+1","Shrug It Off","Inflame+1","Headbutt+1","Warcry+1","True Grit","Iron Wave+1","Impervious","Rage","Battle Trance"],"special_seed":0,"relics":["Burning Blood","The Courier","Boot","Calipers","Orichalcum","Busted Crown","Bag of Preparation","Red Mask","Meat on the Bone","Sundial","Astrolabe","WingedGreaves","Blood Vial","Dream Catcher","Oddly Smooth Stone","Whetstone"],"potions_floor_usage":[],"damage_taken":[{"damage":24.0,"enemies":"Cultist","floor":1.0,"turns":6.0},{"damage":45.0,"enemies":"3 Sentries","floor":7.0,"turns":8.0},{"damage":0.0,"enemies":"Lagavulin","floor":11.0,"turns":4.0},{"damage":7.0,"enemies":"Jaw Worm","floor":13.0,"turns":3.0},{"damage":21.0,"enemies":"The Guardian","floor":16.0,"turns":8.0},{"damage":28.0,"enemies":"Shell Parasite","floor":18.0,"turns":3.0},{"damage":22.0,"enemies":"2 Thieves","floor":20.0,"turns":4.0},{"damage":23.0,"enemies":"Masked Bandits","floor":21.0,"turns":4.0},{"damage":13.0,"enemies":"Centurion and Healer","floor":25.0,"turns":4.0},{"damage":18.0,"enemies":"Snecko","floor":28.0,"turns":4.0},{"damage":18.0,"enemies":"Book of Stabbing","floor":31.0,"turns":2.0},{"damage":46.0,"enemies":"Champ","floor":33.0,"turns":6.0},{"damage":7.0,"enemies":"3 Darklings","floor":35.0,"turns":2.0},{"damage":28.0,"enemies":"Mind Bloom Boss Battle","floor":37.0,"turns":5.0},{"damage":2.0,"enemies":"Orb Walker","floor":39.0,"turns":2.0},{"damage":9.0,"enemies":"Giant Head","floor":40.0,"turns":4.0},{"damage":18.0,"enemies":"Nemesis","floor":42.0,"turns":3.0},{"damage":44.0,"enemies":"Giant Head","floor":45.0,"turns":5.0},{"damage":7.0,"enemies":"Transient","floor":47.0,"turns":6.0},{"damage":12,"enemies":"Spire Growth","floor":48,"turns":3},{"damage":90,"enemies":"Awakened One","floor":50,"turns":7}],"seed_played":"-1801212552949570275","potions_obtained":[{"floor":1.0,"key":"LiquidBronze"},{"floor":13.0,"key":"Regen Potion"},{"floor":18.0,"key":"Poison Potion"},{"floor":21.0,"key":"SkillPotion"},{"floor":28.0,"key":"AttackPotion"},{"floor":33.0,"key":"SkillPotion"},{"floor":40.0,"key":"Poison Potion"},{"floor":42.0,"key":"AttackPotion"},{"floor":45.0,"key":"Swift Potion"}],"is_trial":false,"path_per_floor":["M","$","T","$","?","R","E","R","T","$","E","R","M","T","R","B",null,"M","$","M","?","?","?","$","M","T","R","M","$","R","E","R","B",null,"M","?","?","?","M","E","R","E","T","R","E","$","M","M","R","B"],"character_chosen":"IRONCLAD","items_purchased":["Trip","Demon Form","Inflame","Bag of Preparation","Whirlwind","Shrug It Off","Impervious","Rage","Battle Trance","SteroidPotion"],"campfire_rested":5,"item_purchase_floors":[2,4,10,19,24,29,46,46,46,46],"current_hp_per_floor":[50,50,50,50,50,50,11,33,33,33,39,39,38,38,38,23,62,49,49,33,16,16,16,16,9,9,31,31,31,31,31,53,25,63,62,62,52,52,56,53,53,43,43,64,40,40,53,49,70,0],"gold":58,"neow_bonus":"REMOVE_CARD","is_prod":false,"is_daily":false,"chose_seed":false,"campfire_upgraded":4,"win_rate":0,"timestamp":1558919505,"path_taken":["M","$","?","?","?","R","E","R","T","$","E","R","M","?","R","BOSS","M","$","M","?","?","?","?","M","T","R","?","$","R","E","R","BOSS","M","?","?","?","M","E","R","E","T","R","E","$","M","?","R","BOSS"],"build_version":"2019-05-24v2","purchased_purges":1,"victory":false,"max_hp_per_floor":[75,75,75,75,75,75,75,75,75,75,75,75,75,75,75,75,75,75,75,75,75,75,75,75,75,75,75,75,75,75,75,75,75,75,75,71,71,71,71,71,71,71,71,71,71,71,71,71,71,71],"card_choices":[{"not_picked":["Rupture","True Grit"],"picked":"Anger","floor":1.0},{"not_picked":["Seeing Red","Sentinel"],"picked":"Sword Boomerang","floor":7.0},{"not_picked":["Brutality","Blood for Blood","Sentinel"],"picked":"SKIP","floor":11.0},{"not_picked":["Brutality","Blood for Blood","Sentinel"],"picked":"SKIP","floor":11.0},{"not_picked":["Sword Boomerang","Heavy Blade"],"picked":"Pummel","floor":13.0},{"not_picked":["Juggernaut","Berserk"],"picked":"Offering","floor":16.0},{"not_picked":["Flex"],"picked":"SKIP","floor":18.0},{"not_picked":[],"picked":"Evolve","floor":20.0},{"not_picked":["Body Slam"],"picked":"SKIP","floor":25.0},{"not_picked":["Heavy Blade"],"picked":"SKIP","floor":28.0},{"not_picked":["Inflame"],"picked":"SKIP","floor":31.0},{"not_picked":["Sword Boomerang"],"picked":"SKIP","floor":35.0},{"not_picked":["Anger"],"picked":"SKIP","floor":39.0},{"not_picked":["Anger"],"picked":"SKIP","floor":39.0},{"not_picked":["Anger"],"picked":"SKIP","floor":39.0},{"not_picked":["Heavy Blade"],"picked":"SKIP","floor":40.0},{"not_picked":["Heavy Blade"],"picked":"SKIP","floor":40.0},{"not_picked":["Corruption"],"picked":"SKIP","floor":42.0},{"not_picked":[],"picked":"True Grit","floor":44.0},{"not_picked":[],"picked":"Iron Wave+1","floor":45.0},{"not_picked":["Flex"],"picked":"SKIP","floor":47.0},{"not_picked":["Entrench"],"picked":"SKIP","floor":48}],"player_experience":1577885,"relics_obtained":[{"floor":3.0,"key":"The Courier"},{"floor":7.0,"key":"Boot"},{"floor":11.0,"key":"Calipers"},{"floor":14.0,"key":"Orichalcum"},{"floor":21.0,"key":"Red Mask"},{"floor":26.0,"key":"Meat on the Bone"},{"floor":31.0,"key":"Sundial"},{"floor":37.0,"key":"WingedGreaves"},{"floor":40.0,"key":"Blood Vial"},{"floor":42.0,"key":"Dream Catcher"},{"floor":43.0,"key":"Oddly Smooth Stone"},{"floor":45.0,"key":"Whetstone"}],"event_choices":[{"damage_healed":0.0,"max_hp_gain":0.0,"max_hp_loss":0.0,"gold_gain":0.0,"event_name":"Liars Game","player_choice":"Ignored","floor":5.0,"gold_loss":0.0,"damage_taken":0.0},{"damage_healed":0.0,"max_hp_gain":0.0,"max_hp_loss":0.0,"gold_gain":0.0,"event_name":"Masked Bandits","player_choice":"Fought Bandits","floor":21.0,"gold_loss":0.0,"damage_taken":0.0},{"cards_removed":["Strike_R"],"damage_healed":0.0,"max_hp_gain":0.0,"max_hp_loss":0.0,"gold_gain":0.0,"event_name":"Beggar","player_choice":"Gave Gold","floor":22.0,"gold_loss":75.0,"damage_taken":0.0},{"damage_healed":0.0,"max_hp_gain":0.0,"max_hp_loss":0.0,"gold_gain":50.0,"event_name":"Nest","player_choice":"Stole From Cult","floor":23.0,"gold_loss":0.0,"damage_taken":0.0},{"damage_healed":0.0,"max_hp_gain":0.0,"max_hp_loss":4.0,"gold_gain":0.0,"event_name":"Winding Halls","player_choice":"Max HP","floor":36.0,"gold_loss":0.0,"damage_taken":0.0},{"damage_healed":0.0,"max_hp_gain":0.0,"max_hp_loss":0.0,"gold_gain":0.0,"event_name":"MindBloom","player_choice":"Fight","floor":37.0,"gold_loss":0.0,"damage_taken":0.0},{"cards_removed":["Defend_R"],"damage_healed":0.0,"max_hp_gain":0.0,"max_hp_loss":0.0,"gold_gain":0.0,"event_name":"Designer","player_choice":"Upgrade and Remove","floor":38.0,"gold_loss":110.0,"damage_taken":0.0,"cards_upgraded":["Offering"]}],"is_beta":true,"boss_relics":[{"not_picked":["Ectoplasm","Orrery"],"picked":"Busted Crown"},{"not_picked":["Tiny House","Velvet Choker"],"picked":"Astrolabe"}],"items_purged_floors":[29],"is_endless":false,"potions_floor_spawned":[1,13,16,18,21,28,33,40,42,45],"killed_by":"Awakened One","ascension_level":20}