{"gold_per_floor":[111,131,81,81,94,94,128,139,139,139,13,27,54,72,72,72],"floor_reached":16,"playtime":645,"items_purged":["Strike_R"],"score":157,"play_id":"51cd8754-9272-4410-b78a-cf07139eaa77","local_time":"20190421173032","is_ascension_mode":true,"campfire_choices":[{"data":"True Grit","floor":6,"key":"SMITH"},{"data":"Shrug It Off","floor":15,"key":"SMITH"}],"neow_cost":"NONE","seed_source_timestamp":389206837533368,"circlet_count":0,"master_deck":["Strike_R","Strike_R","Defend_R","Defend_R","Defend_R","Defend_R","Bash","Infernal Blade","True Grit+1","Pommel Strike","Metallicize+1","Shrug It Off+1","Clothesline"],"relics":["Burning Blood","Orichalcum","Dodecahedron","Letter Opener"],"potions_floor_usage":[16,16,16],"damage_taken":[{"damage":6,"enemies":"Cultist","floor":1,"turns":4},{"damage":6,"enemies":"Jaw Worm","floor":2,"turns":4},{"damage":3,"enemies":"2 Louse","floor":5,"turns":3},{"damage":43,"enemies":"Gremlin Nob","floor":7,"turns":5},{"damage":4,"enemies":"Exordium Thugs","floor":8,"turns":4},{"damage":11,"enemies":"Red Slaver","floor":12,"turns":5},{"damage":11,"enemies":"3 Sentries","floor":13,"turns":12},{"damage":2,"enemies":"Exordium Wildlife","floor":14,"turns":4},{"damage":43,"enemies":"Slime Boss","floor":16,"turns":11}],"seed_played":"-1145002976106905201","potions_obtained":[{"floor":7,"key":"Swift Potion"},{"floor":8,"key":"SpeedPotion"},{"floor":12,"key":"BloodPotion"}],"is_trial":false,"path_per_floor":["M","M","?","?","M","R","E","M","T","?","$","M","E","M","R","B"],"character_chosen":"IRONCLAD","items_purchased":["Shrug It Off"],"campfire_rested":0,"item_purchase_floors":[11],"current_hp_per_floor":[72,72,72,72,75,75,38,40,40,40,40,35,30,34,34,0],"gold":72,"neow_bonus":"REMOVE_CARD","is_prod":false,"is_daily":false,"chose_seed":false,"campfire_upgraded":2,"win_rate":0,"timestamp":1555882232,"path_taken":["M","?","?","?","M","R","E","M","T","?","$","M","E","M","R","BOSS"],"build_version":"2019-01-23","purchased_purges":1,"victory":false,"max_hp_per_floor":[80,80,80,80,80,80,80,80,80,80,80,80,80,80,80,80],"card_choices":[{"not_picked":["Warcry","Body Slam"],"picked":"Infernal Blade","floor":1},{"not_picked":["Power Through","Anger","Warcry"],"picked":"SKIP","floor":2},{"not_picked":["Dropkick","Blood for Blood"],"picked":"True Grit","floor":5},{"not_picked":["Fire Breathing","Anger"],"picked":"Pommel Strike","floor":7},{"not_picked":["Hemokinesis","Flex"],"picked":"Metallicize","floor":8},{"not_picked":["Flex","Rupture"],"picked":"Clothesline","floor":12},{"not_picked":["Sever Soul","Evolve","Sword Boomerang"],"picked":"SKIP","floor":13},{"not_picked":["Dropkick","Second Wind","Wild Strike"],"picked":"SKIP","floor":14}],"player_experience":258466,"relics_obtained":[{"floor":7,"key":"Orichalcum"},{"floor":9,"key":"Dodecahedron"},{"floor":13,"key":"Letter Opener"}],"event_choices":[{"cards_removed":["Strike_R"],"damage_healed":0,"gold_gain":0,"player_choice":"Card Removal","damage_taken":0,"max_hp_gain":0,"max_hp_loss":0,"event_name":"The Cleric","floor":3,"gold_loss":50},{"damage_healed":0,"gold_gain":0,"player_choice":"Ignored","damage_taken":0,"max_hp_gain":0,"max_hp_loss":0,"event_name":"Liars Game","floor":4,"gold_loss":0},{"damage_healed":0,"gold_gain":0,"player_choice":"Upgraded","damage_taken":0,"max_hp_gain":0,"max_hp_loss":0,"event_name":"Upgrade Shrine","floor":10,"gold_loss":0,"cards_upgraded":["Metallicize"]}],"is_beta":false,"boss_relics":[],"items_purged_floors":[11],"is_endless":false,"potions_floor_spawned":[7,8,12,13,14],"killed_by":"Slime Boss","ascension_level":8}