{"gold_per_floor":[109,125,300,318,331,360,372,372,372,390,405,423,423,448,448,545,545,561,581,9,9,9,55,55,130,181,208,123,134,154,20,20,120,120,134,134,154,170,184,184,184],"floor_reached":41,"playtime":3379,"items_purged":[],"score":482,"play_id":"96881903-b697-42f0-b34a-562fe8eb95b8","local_time":"20180922212119","is_ascension_mode":false,"campfire_choices":[{"floor":8,"key":"REST"},{"floor":13,"key":"REST"},{"floor":15,"key":"REST"},{"floor":24,"key":"REST"},{"floor":32,"key":"REST"},{"floor":40,"key":"REST"}],"neow_cost":"NONE","seed_source_timestamp":228188411197772,"circlet_count":0,"master_deck":["Strike_R","Strike_R","Strike_R","Defend_R","Defend_R","Defend_R","Bash","Cleave","Pummel","Inflame","Shrug It Off","Disarm","Clash","Heavy Blade+1","Anger+1","Battle Trance","Twin Strike+1","Reaper+1","Flex+1","Shrug It Off+1","Inflame","Perfected Strike+1","HandOfGreed+1","Blood for Blood+1","Fire Breathing","Metallicize","Entrench+1","Perfected Strike+1","Warcry","Whirlwind+1","Impervious","Decay","Disarm+1","Armaments+1","Battle Trance","Jack Of All Trades","Purity","Twin Strike+1","Burning Pact"],"relics":["Fusion Hammer","Nunchaku","Molten Egg 2","Odd Mushroom","Busted Crown","Dodecahedron","Self Forming Clay","Meat on the Bone","Potion Belt","Letter Opener","Centennial Puzzle","Astrolabe"],"potions_floor_usage":[11,11,16,16,19,25,27,33,33,41],"damage_taken":[{"damage":0,"enemies":"2 Louse","floor":1,"turns":3},{"damage":0,"enemies":"Cultist","floor":2,"turns":3},{"damage":2,"enemies":"Jaw Worm","floor":4,"turns":3},{"damage":0,"enemies":"Looter","floor":5,"turns":3},{"damage":38,"enemies":"Lagavulin","floor":6,"turns":7},{"damage":9,"enemies":"Exordium Thugs","floor":7,"turns":4},{"damage":1,"enemies":"3 Louse","floor":10,"turns":2},{"damage":0,"enemies":"Blue Slaver","floor":11,"turns":3},{"damage":0,"enemies":"2 Fungi Beasts","floor":12,"turns":2},{"damage":0,"enemies":"The Mushroom Lair","floor":14,"turns":3},{"damage":10,"enemies":"Slime Boss","floor":16,"turns":6},{"damage":0,"enemies":"Chosen","floor":18,"turns":3},{"damage":5,"enemies":"Spheric Guardian","floor":19,"turns":3},{"damage":18,"enemies":"Gremlin Leader","floor":23,"turns":5},{"damage":36,"enemies":"Slavers","floor":25,"turns":6},{"damage":31,"enemies":"Book of Stabbing","floor":27,"turns":6},{"damage":7,"enemies":"Centurion and Healer","floor":29,"turns":4},{"damage":7,"enemies":"Cultist and Chosen","floor":30,"turns":3},{"damage":79,"enemies":"Automaton","floor":33,"turns":8},{"damage":16,"enemies":"3 Darklings","floor":35,"turns":2},{"damage":13,"enemies":"3 Shapes","floor":37,"turns":2},{"damage":20,"enemies":"Maw","floor":38,"turns":6},{"damage":15,"enemies":"3 Darklings","floor":39,"turns":3},{"damage":71,"enemies":"Nemesis","floor":41,"turns":4}],"seed_played":"-1778589829274039641","potions_obtained":[{"floor":4,"key":"Energy Potion"},{"floor":7,"key":"Regen Potion"},{"floor":10,"key":"Block Potion"},{"floor":11,"key":"AttackPotion"},{"floor":14,"key":"Poison Potion"},{"floor":16,"key":"AttackPotion"},{"floor":25,"key":"Block Potion"},{"floor":27,"key":"SteroidPotion"},{"floor":30,"key":"Swift Potion"},{"floor":39,"key":"Ancient Potion"}],"is_trial":false,"path_per_floor":["M","M","?","M","M","E","M","R","T","M","M","M","R","?","R","B",null,"M","M","$","?","?","E","R","E","T","E","?","M","M","$","R","B",null,"M","?","M","M","M","R"],"character_chosen":"IRONCLAD","items_purchased":["Dodecahedron","Inflame","Perfected Strike+1","HandOfGreed+1","Perfected Strike+1","Warcry","Whirlwind+1"],"campfire_rested":6,"item_purchase_floors":[20,20,20,20,31,31,31],"current_hp_per_floor":[80,80,80,78,78,40,31,55,55,54,59,59,80,80,80,70,80,80,80,80,80,80,62,80,44,44,30,30,51,54,54,78,21,80,64,59,61,47,44,68,0],"gold":184,"neow_bonus":"BOSS_RELIC","is_prod":false,"is_daily":false,"chose_seed":false,"campfire_upgraded":0,"win_rate":0.0,"timestamp":1537672879,"path_taken":["M","M","?","M","M","E","M","R","T","M","M","M","R","?","R","BOSS","M","M","$","?","?","E","R","E","T","E","?","?","M","$","R","BOSS","M","?","M","M","?","R","E"],"build_version":"2018-09-20","purchased_purges":0,"victory":false,"max_hp_per_floor":[80,80,80,80,80,80,80,80,80,80,80,80,80,80,80,80,80,80,80,80,80,80,80,80,80,80,80,80,80,80,80,80,80,80,80,80,80,80,80,80,80],"card_choices":[{"not_picked":["Carnage","Uppercut"],"picked":"Cleave","floor":1},{"not_picked":["Sever Soul","Rage"],"picked":"Pummel","floor":2},{"not_picked":["Clash","Infernal Blade"],"picked":"Inflame","floor":4},{"not_picked":["True Grit","Bloodletting"],"picked":"Shrug It Off","floor":5},{"not_picked":["Feel No Pain","Combust"],"picked":"Disarm","floor":6},{"not_picked":["Sword Boomerang","Twin Strike"],"picked":"Clash","floor":7},{"not_picked":["Entrench","Thunderclap+1"],"picked":"Heavy Blade+1","floor":10},{"not_picked":["Blood for Blood+1","Power Through"],"picked":"Anger+1","floor":11},{"not_picked":["Iron Wave+1","Thunderclap+1"],"picked":"Battle Trance","floor":12},{"not_picked":["Clothesline+1","True Grit"],"picked":"Twin Strike+1","floor":14},{"not_picked":["Juggernaut","Bludgeon+1"],"picked":"Reaper+1","floor":16},{"not_picked":[],"picked":"Flex+1","floor":18},{"not_picked":[],"picked":"Shrug It Off+1","floor":19},{"not_picked":["Dual Wield"],"picked":"SKIP","floor":23},{"not_picked":[],"picked":"Fire Breathing","floor":25},{"not_picked":["True Grit"],"picked":"SKIP","floor":27},{"not_picked":[],"picked":"Metallicize","floor":29},{"not_picked":[],"picked":"Entrench+1","floor":30},{"not_picked":[],"picked":"Impervious","floor":33},{"not_picked":[],"picked":"Battle Trance","floor":35},{"not_picked":[],"picked":"Jack Of All Trades","floor":36},{"not_picked":[],"picked":"Purity","floor":36},{"not_picked":[],"picked":"Twin Strike+1","floor":37},{"not_picked":[],"picked":"Burning Pact","floor":38},{"not_picked":["Combust"],"picked":"SKIP","floor":39}],"player_experience":9504,"relics_obtained":[{"floor":6,"key":"Nunchaku"},{"floor":9,"key":"Molten Egg 2"},{"floor":14,"key":"Odd Mushroom"},{"floor":23,"key":"Self Forming Clay"},{"floor":25,"key":"Meat on the Bone"},{"floor":26,"key":"Potion Belt"},{"floor":27,"key":"Letter Opener"}],"event_choices":[{"event_name":"Liars Game","player_choice":"agreed","floor":3,"damage_taken":0},{"event_name":"Mushrooms","player_choice":"Fought Mushrooms","floor":14,"damage_taken":0},{"event_name":"Ghosts","player_choice":"Ignored","floor":21,"damage_taken":0},{"event_name":"Transmorgrifier","player_choice":"Transform","floor":22,"damage_taken":0},{"event_name":"Addict","player_choice":"Obtained Relic","floor":28,"damage_taken":0},{"event_name":"SensoryStone","player_choice":"Memory 2","floor":36,"damage_taken":0}],"is_beta":false,"boss_relics":[{"not_picked":["Orrery","White Beast Statue"],"picked":"Busted Crown"},{"not_picked":["Cursed Key","Black Star"],"picked":"Astrolabe"}],"items_purged_floors":[],"is_endless":false,"potions_floor_spawned":[4,7,10,11,14,16,25,27,30,39],"killed_by":"Nemesis","ascension_level":0}