{"gold_per_floor":[113,113,113,123,133,161,175,175,175,200,200,218,21,40,40,112,112,123,140,140,25,38,38,56,81,106,106,21,48,48,82,82,157,157,176,176,47,58,1057,1057,183,215,215,232,266,286,312,329,329,329,329,329,329,15,47,47],"floor_reached":57,"playtime":5195,"items_purged":["Strike_R","Normality","Decay","Strike_R+1"],"score":3295,"play_id":"87caa4d4-a41f-432c-a2b5-340ef378927c","local_time":"20190609214649","is_ascension_mode":true,"campfire_choices":[{"data":"Armaments","floor":8.0,"key":"SMITH"},{"data":"Shrug It Off","floor":11.0,"key":"SMITH"},{"data":"Disarm","floor":15.0,"key":"SMITH"},{"data":"Juggernaut","floor":23.0,"key":"SMITH"},{"data":"Feel No Pain","floor":27.0,"key":"SMITH"},{"data":"Evolve","floor":30.0,"key":"SMITH"},{"floor":32.0,"key":"RECALL"},{"data":"Corruption","floor":40.0,"key":"SMITH"},{"data":"Feel No Pain","floor":49.0,"key":"SMITH"},{"floor":53.0,"key":"REST"}],"neow_cost":"NONE","seed_source_timestamp":964438218886805,"circlet_count":0,"master_deck":["AscendersBane","Defend_R","Defend_R","Defend_R","Defend_R","Bash+1","Clothesline","Shrug It Off+1","Armaments+1","Evolve+1","Disarm+1","Uppercut+1","Ghostly Armor+1","Feel No Pain","Feel No Pain+1","Corruption+1","Juggernaut+1","Whirlwind+1","Evolve+1","Carnage+1","Warcry+1","Warcry+1","Disarm+1","Shrug It Off+1","Flame Barrier+1","Feed+1","Barricade","Dark Embrace","Clumsy","Battle Trance+1","Master of Strategy+1","Feel No Pain+1","Shrug It Off+1","Body Slam+1","Offering+1","Feel No Pain","Corruption","Juggernaut","Shrug It Off+1","Berserk","Shrug It Off+1","Disarm+1","Burning Pact+1"],"special_seed":0,"relics":["Burning Blood","Whetstone","Dead Branch","Molten Egg 2","The Courier","Toxic Egg 2","Astrolabe","Ornamental Fan","Calipers","Smiling Mask","Blue Candle","Calling Bell","Omamori","Pear","Champion Belt","OrangePellets","Bag of Preparation","Bag of Marbles","Lantern","Nunchaku","Darkstone Periapt","StoneCalendar","Regal Pillow","Medical Kit","Blood Vial"],"potions_floor_usage":[],"damage_taken":[{"damage":4.0,"enemies":"Jaw Worm","floor":1.0,"turns":4.0},{"damage":3.0,"enemies":"2 Louse","floor":4.0,"turns":3.0},{"damage":2.0,"enemies":"Cultist","floor":5.0,"turns":4.0},{"damage":16.0,"enemies":"3 Sentries","floor":6.0,"turns":8.0},{"damage":27.0,"enemies":"Lots of Slimes","floor":7.0,"turns":8.0},{"damage":11.0,"enemies":"Lagavulin","floor":10.0,"turns":10.0},{"damage":3.0,"enemies":"2 Fungi Beasts","floor":12.0,"turns":4.0},{"damage":4.0,"enemies":"Large Slime","floor":14.0,"turns":6.0},{"damage":5.0,"enemies":"Hexaghost","floor":16.0,"turns":10.0},{"damage":0.0,"enemies":"Shell Parasite","floor":18.0,"turns":4.0},{"damage":18.0,"enemies":"3 Byrds","floor":19.0,"turns":3.0},{"damage":8.0,"enemies":"Snecko","floor":22.0,"turns":4.0},{"damage":0.0,"enemies":"Centurion and Healer","floor":24.0,"turns":4.0},{"damage":5.0,"enemies":"Slavers","floor":25.0,"turns":5.0},{"damage":7.0,"enemies":"Book of Stabbing","floor":29.0,"turns":11.0},{"damage":29.0,"enemies":"Gremlin Leader","floor":31.0,"turns":8.0},{"damage":0.0,"enemies":"Champ","floor":33.0,"turns":14.0},{"damage":1.0,"enemies":"3 Shapes","floor":35.0,"turns":2.0},{"damage":8.0,"enemies":"3 Darklings","floor":38.0,"turns":3.0},{"damage":48.0,"enemies":"Reptomancer","floor":42.0,"turns":3.0},{"damage":0.0,"enemies":"Transient","floor":44.0,"turns":6.0},{"damage":0.0,"enemies":"Nemesis","floor":45.0,"turns":10.0},{"damage":0.0,"enemies":"Sphere and 2 Shapes","floor":46.0,"turns":5.0},{"damage":6.0,"enemies":"Reptomancer","floor":47.0,"turns":3.0},{"damage":0.0,"enemies":"3 Darklings","floor":48.0,"turns":3.0},{"damage":12.0,"enemies":"Awakened One","floor":50.0,"turns":6.0},{"damage":15.0,"enemies":"Time Eater","floor":51.0,"turns":7.0},{"damage":20,"enemies":"Shield and Spear","floor":55,"turns":7},{"damage":17,"enemies":"The Heart","floor":56,"turns":10}],"seed_played":"7876960243901914740","potions_obtained":[{"floor":1.0,"key":"Dexterity Potion"},{"floor":4.0,"key":"Block Potion"},{"floor":7.0,"key":"SkillPotion"},{"floor":12.0,"key":"Strength Potion"},{"floor":20.0,"key":"Regen Potion"},{"floor":22.0,"key":"SteroidPotion"},{"floor":29.0,"key":"SkillPotion"},{"floor":31.0,"key":"PowerPotion"},{"floor":35.0,"key":"Ancient Potion"}],"is_trial":false,"path_per_floor":["M","?","?","M","M","E","M","R","T","E","R","M","$","M","R","B",null,"M","M","?","$","M","R","M","E","T","R","?","E","R","E","R","B",null,"M","?","$","M","?","R","$","E","T","M","E","M","E","M","R","B","B",null,"R","$","E","B",null],"character_chosen":"IRONCLAD","items_purchased":["Feel No Pain","Feel No Pain","Warcry+1","Disarm+1","Shrug It Off+1","Feel No Pain","Shrug It Off+1","OrangePellets","Bag of Preparation","Offering+1","Feel No Pain","Corruption","Bag of Marbles","Lantern","Medical Kit","AttackPotion","Swift Potion"],"campfire_rested":1,"item_purchase_floors":[13,13,21,21,21,37,37,41,41,41,41,41,41,41,54,54,54],"current_hp_per_floor":[70,65,65,68,72,62,41,41,41,36,36,39,39,41,41,42,67,73,61,61,61,71,71,75,75,75,75,75,78,78,55,55,65,89,93,93,93,95,95,95,95,53,53,59,65,75,75,81,81,75,70,96,105,105,91,82],"gold":47,"neow_bonus":"RANDOM_COMMON_RELIC","is_prod":false,"is_daily":false,"chose_seed":false,"campfire_upgraded":8,"win_rate":0,"timestamp":1560142009,"path_taken":["M","?","?","M","M","E","M","R","T","E","R","M","$","M","R","BOSS","M","M","?","$","M","R","?","E","T","R","?","E","R","E","R","BOSS","M","?","$","M","?","R","$","E","T","M","E","M","E","M","R","BOSS","BOSS","R","$","E","BOSS"],"build_version":"2019-06-07","purchased_purges":4,"victory":true,"max_hp_per_floor":[75,75,75,75,75,75,75,75,75,75,75,75,75,75,75,75,75,75,75,75,75,75,75,75,75,75,75,75,79,79,79,79,83,93,93,93,93,97,97,97,97,97,97,97,97,101,101,101,101,101,105,105,105,105,105,105],"card_choices":[{"not_picked":["Cleave","Perfected Strike"],"picked":"Clothesline","floor":1.0},{"not_picked":["Havoc","Thunderclap"],"picked":"Shrug It Off","floor":4.0},{"not_picked":["Flex","True Grit"],"picked":"Armaments","floor":5.0},{"not_picked":["Intimidate","Entrench"],"picked":"Evolve","floor":6.0},{"not_picked":["Rage","Thunderclap+1"],"picked":"Disarm","floor":7.0},{"not_picked":["Power Through","Headbutt+1"],"picked":"Uppercut+1","floor":10.0},{"not_picked":["Perfected Strike+1","Headbutt+1"],"picked":"Ghostly Armor+1","floor":12.0},{"not_picked":["Berserk","Flex+1"],"picked":"Corruption","floor":14.0},{"not_picked":["Demon Form","Double Tap+1"],"picked":"Juggernaut","floor":16.0},{"not_picked":["Thunderclap+1","Infernal Blade+1"],"picked":"Warcry+1","floor":18.0},{"not_picked":["Twin Strike+1","Clothesline+1","Iron Wave+1"],"picked":"SKIP","floor":19.0},{"not_picked":["Second Wind+1","Seeing Red+1","Sword Boomerang+1"],"picked":"SKIP","floor":22.0},{"not_picked":["Second Wind+1","Seeing Red+1","Sword Boomerang+1"],"picked":"SKIP","floor":22.0},{"not_picked":["Flex+1","Pommel Strike+1"],"picked":"Flame Barrier+1","floor":24.0},{"not_picked":["Clothesline+1","Armaments+1"],"picked":"Feed+1","floor":25.0},{"not_picked":["Rupture","Power Through+1"],"picked":"Barricade","floor":29.0},{"not_picked":["Clash+1","Clothesline+1","Evolve"],"picked":"SKIP","floor":31.0},{"not_picked":["Exhume+1","Limit Break+1"],"picked":"Dark Embrace","floor":33.0},{"not_picked":["Perfected Strike+1","Evolve"],"picked":"Battle Trance+1","floor":35.0},{"not_picked":["Magnetism","Sadistic Nature"],"picked":"Master of Strategy+1","floor":36.0},{"not_picked":["Thunderclap+1","Power Through+1"],"picked":"Body Slam+1","floor":38.0},{"not_picked":["Anger+1","Flame Barrier+1"],"picked":"Juggernaut","floor":42.0},{"not_picked":["Dual Wield+1","Body Slam+1"],"picked":"Shrug It Off+1","floor":44.0},{"not_picked":["Twin Strike+1","Cleave+1","Wild Strike+1"],"picked":"SKIP","floor":45.0},{"not_picked":["Clothesline+1","Hemokinesis+1"],"picked":"Berserk","floor":46.0},{"not_picked":["Pommel Strike+1","Clothesline+1"],"picked":"Shrug It Off+1","floor":47.0},{"not_picked":["Body Slam+1","Warcry+1"],"picked":"Disarm+1","floor":48.0},{"not_picked":["Searing Blow+1","Flex+1"],"picked":"Burning Pact+1","floor":55}],"player_experience":1652842,"relics_obtained":[{"floor":6.0,"key":"Molten Egg 2"},{"floor":9.0,"key":"The Courier"},{"floor":10.0,"key":"Toxic Egg 2"},{"floor":25.0,"key":"Ornamental Fan"},{"floor":29.0,"key":"Smiling Mask"},{"floor":31.0,"key":"Blue Candle"},{"floor":34.0,"key":"Omamori"},{"floor":34.0,"key":"Pear"},{"floor":34.0,"key":"Champion Belt"},{"floor":42.0,"key":"Nunchaku"},{"floor":43.0,"key":"Darkstone Periapt"},{"floor":45.0,"key":"StoneCalendar"},{"floor":47.0,"key":"Regal Pillow"},{"floor":55,"key":"Blood Vial"}],"event_choices":[{"damage_healed":0.0,"max_hp_gain":0.0,"max_hp_loss":0.0,"gold_gain":0.0,"event_name":"Scrap Ooze","player_choice":"Success","floor":2.0,"gold_loss":0.0,"damage_taken":5.0,"relics_obtained":["Dead Branch"]},{"damage_healed":0.0,"max_hp_gain":0.0,"max_hp_loss":0.0,"gold_gain":0.0,"event_name":"Upgrade Shrine","player_choice":"Upgraded","floor":3.0,"gold_loss":0.0,"damage_taken":0.0,"cards_upgraded":["Bash"]},{"damage_healed":0.0,"max_hp_gain":0.0,"max_hp_loss":0.0,"gold_gain":0.0,"event_name":"Lab","player_choice":"Got Potions","floor":20.0,"gold_loss":0.0,"damage_taken":0.0},{"damage_healed":0.0,"max_hp_gain":0.0,"max_hp_loss":0.0,"gold_gain":0.0,"event_name":"Addict","player_choice":"Obtained Relic","floor":28.0,"gold_loss":85.0,"damage_taken":0.0,"relics_obtained":["Calipers"]},{"damage_healed":0.0,"max_hp_gain":0.0,"max_hp_loss":0.0,"gold_gain":0.0,"event_name":"SensoryStone","player_choice":"Memory 1","floor":36.0,"gold_loss":0.0,"damage_taken":0.0},{"damage_healed":0.0,"max_hp_gain":0.0,"max_hp_loss":0.0,"gold_gain":999.0,"event_name":"MindBloom","player_choice":"Gold","floor":39.0,"gold_loss":0.0,"damage_taken":0.0,"cards_obtained":["Normality","Normality"]}],"is_beta":true,"boss_relics":[{"not_picked":["Lizard Tail","Velvet Choker"],"picked":"Astrolabe"},{"not_picked":["Black Blood","Runic Cube"],"picked":"Calling Bell"}],"items_purged_floors":[13,37,41,54],"is_endless":false,"potions_floor_spawned":[1,4,7,12,22,29,31,35,46,47,48,55],"ascension_level":20}