{"gold_per_floor":[110,110,128,141,95,123,30,59,82,94,94,107,38,48,48,147,147,160,173,189,200,213,213,213],"floor_reached":24,"playtime":1322,"items_purged":[],"score":325,"play_id":"cbd4c2e8-a750-4165-8caa-e5e7768608b2","local_time":"20190412205729","is_ascension_mode":true,"campfire_choices":[{"data":"Armaments","floor":11,"key":"SMITH"},{"data":"Corruption","floor":15,"key":"SMITH"},{"floor":23,"key":"REST"}],"neow_cost":"NONE","seed_source_timestamp":68658880886936,"circlet_count":0,"master_deck":["Strike_R","Strike_R","Strike_R","Strike_R","Strike_R","Defend_R","Defend_R","Defend_R","Defend_R","Bash","Feed","Heavy Blade","Flex","Warcry","Armaments+1","Pommel Strike","Flash of Steel","Pommel Strike","Berserk","Corruption+1","Offering","Flex","Twin Strike","Heavy Blade","Demon Form"],"relics":["Burning Blood","Boot","Pen Nib","Strawberry","Cursed Key"],"potions_floor_usage":[6,14,19,20,21,22,22],"damage_taken":[{"damage":3,"enemies":"Small Slimes","floor":1,"turns":3},{"damage":10,"enemies":"Jaw Worm","floor":3,"turns":5},{"damage":0,"enemies":"Cultist","floor":4,"turns":2},{"damage":35,"enemies":"Gremlin Nob","floor":6,"turns":5},{"damage":30,"enemies":"3 Sentries","floor":8,"turns":8},{"damage":10,"enemies":"Exordium Thugs","floor":10,"turns":4},{"damage":12,"enemies":"Lots of Slimes","floor":12,"turns":5},{"damage":4,"enemies":"Exordium Wildlife","floor":14,"turns":3},{"damage":0,"enemies":"Slime Boss","floor":16,"turns":8},{"damage":11,"enemies":"Spheric Guardian","floor":18,"turns":3},{"damage":16,"enemies":"3 Byrds","floor":19,"turns":4},{"damage":24,"enemies":"Shelled Parasite and Fungi","floor":20,"turns":3},{"damage":42,"enemies":"Snecko","floor":21,"turns":7},{"damage":26,"enemies":"Sentry and Sphere","floor":22,"turns":5},{"damage":66,"enemies":"Slavers","floor":24,"turns":3}],"seed_played":"2698739854599748649","potions_obtained":[{"floor":1,"key":"SpeedPotion"},{"floor":4,"key":"FearPotion"},{"floor":10,"key":"LiquidBronze"},{"floor":12,"key":"Explosive Potion"},{"floor":16,"key":"AttackPotion"},{"floor":20,"key":"EssenceOfSteel"},{"floor":21,"key":"SkillPotion"}],"is_trial":false,"path_per_floor":["M","?","M","M","$","E","$","E","T","M","R","M","$","M","R","B",null,"M","M","M","M","M","R","E"],"character_chosen":"IRONCLAD","items_purchased":["Armaments","Flash of Steel","Corruption"],"campfire_rested":1,"item_purchase_floors":[5,7,13],"current_hp_per_floor":[83,71,70,76,76,47,47,33,33,33,33,30,30,32,32,41,106,104,97,79,46,26,60,0],"gold":213,"neow_bonus":"ONE_RANDOM_RARE_CARD","is_prod":false,"is_daily":false,"chose_seed":false,"campfire_upgraded":2,"win_rate":0,"timestamp":1555117049,"path_taken":["M","?","M","M","$","E","?","E","T","M","R","M","$","M","R","BOSS","M","M","M","M","M","R","E"],"build_version":"2019-01-23","purchased_purges":0,"victory":false,"max_hp_per_floor":[83,83,86,86,86,86,86,96,96,100,100,103,103,103,103,106,106,109,112,112,115,115,115,115],"card_choices":[{"not_picked":["Clash","Blood for Blood"],"picked":"Heavy Blade","floor":1},{"not_picked":["Perfected Strike","Pommel Strike"],"picked":"Flex","floor":3},{"not_picked":["True Grit","Bludgeon"],"picked":"Warcry","floor":4},{"not_picked":["Whirlwind","Headbutt"],"picked":"Pommel Strike","floor":6},{"not_picked":["Armaments","Entrench"],"picked":"Pommel Strike","floor":8},{"not_picked":["Armaments","Heavy Blade","Perfected Strike"],"picked":"SKIP","floor":10},{"not_picked":["Rage","Sever Soul"],"picked":"Berserk","floor":12},{"not_picked":["Pommel Strike","Clothesline","Iron Wave"],"picked":"SKIP","floor":14},{"not_picked":["Double Tap","Juggernaut"],"picked":"Offering","floor":16},{"not_picked":["Searing Blow","Pummel+1"],"picked":"Flex","floor":18},{"not_picked":["Flex","Wild Strike","Dual Wield"],"picked":"SKIP","floor":19},{"not_picked":["Havoc","Clash"],"picked":"Twin Strike","floor":20},{"not_picked":["Warcry+1","Shrug It Off+1"],"picked":"Heavy Blade","floor":21},{"not_picked":["Metallicize","Pommel Strike"],"picked":"Demon Form","floor":22}],"player_experience":131593,"relics_obtained":[{"floor":6,"key":"Pen Nib"},{"floor":8,"key":"Strawberry"}],"event_choices":[{"damage_healed":0,"gold_gain":0,"player_choice":"Success","damage_taken":12,"relics_obtained":["Boot"],"max_hp_gain":0,"max_hp_loss":0,"event_name":"Scrap Ooze","floor":2,"gold_loss":0}],"is_beta":false,"boss_relics":[{"not_picked":["Snecko Eye","Black Star"],"picked":"Cursed Key"}],"items_purged_floors":[],"is_endless":false,"potions_floor_spawned":[1,4,10,12,16,18,20,21],"killed_by":"Slavers","ascension_level":1}