{"gold_per_floor":[109,127,138,138,138,201,222,61,61,74,0,0,0,25,25,153,153,167,167,180,201,225,225,250,284,355,355,390,409,13,32,32,163,163,184,198,212,7,7,46,46,79,104,6,6,6,6,31,31,31],"floor_reached":51,"playtime":4004,"items_purged":[],"score":749,"play_id":"dc9dc265-10df-4040-8dc3-dd3aaeeee88b","local_time":"20190329134155","is_ascension_mode":false,"campfire_choices":[{"data":"Infinite Blades","floor":12.0,"key":"SMITH"},{"floor":15.0,"key":"REST"},{"data":"Bane","floor":23.0,"key":"SMITH"},{"floor":27,"key":"REST"},{"floor":32,"key":"REST"},{"floor":41,"key":"REST"},{"floor":45,"key":"REST"},{"floor":49,"key":"REST"}],"neow_cost":"NONE","seed_source_timestamp":0,"circlet_count":0,"master_deck":["Survivor","Neutralize+1","After Image","Footwork","Deadly Poison","Quick Slash","Leg Sweep","Sucker Punch","Infinite Blades+1","Flash of Steel","Heel Hook","Well Laid Plans","Poisoned Stab","Bullet Time","Acrobatics","After Image","Night Terror","Endless Agony","Tools of the Trade","After Image","Bane+1","Predator","Endless Agony","Sucker Punch","Distraction+1","Poisoned Stab+1","Poisoned Stab","Bane+1","Sucker Punch+1","Prepared","Accuracy","A Thousand Cuts+1","Dagger Throw+1","PiercingWail+1","Parasite","Corpse Explosion","Adrenaline","Underhanded Strike","Bandage Up","Quick Slash+1"],"special_seed":0,"relics":["Ring of the Snake","Golden Idol","Potion Belt","Question Card","Pandora\u0027s Box","Nloth\u0027s Gift","Kunai","Ornamental Fan","Bottled Lightning","Orichalcum","Sling","Fusion Hammer","Happy Flower","Mercury Hourglass","Blood Vial","Juzu Bracelet"],"potions_floor_usage":[25,25,33,37,40],"damage_taken":[{"damage":0.0,"enemies":"Jaw Worm","floor":1.0,"turns":4.0},{"damage":4.0,"enemies":"2 Louse","floor":2.0,"turns":4.0},{"damage":5.0,"enemies":"Small Slimes","floor":3.0,"turns":5.0},{"damage":6.0,"enemies":"Lagavulin","floor":6.0,"turns":8.0},{"damage":0.0,"enemies":"Exordium Thugs","floor":7.0,"turns":6.0},{"damage":5.0,"enemies":"2 Fungi Beasts","floor":10.0,"turns":4.0},{"damage":3.0,"enemies":"Red Slaver","floor":14.0,"turns":4.0},{"damage":18.0,"enemies":"Hexaghost","floor":16.0,"turns":10.0},{"damage":2.0,"enemies":"Shell Parasite","floor":18.0,"turns":3.0},{"damage":0.0,"enemies":"Spheric Guardian","floor":20.0,"turns":6.0},{"damage":11.0,"enemies":"3 Cultists","floor":21.0,"turns":6.0},{"damage":5.0,"enemies":"Centurion and Healer","floor":22.0,"turns":7.0},{"damage":13.0,"enemies":"Chosen and Byrds","floor":24.0,"turns":5.0},{"damage":33,"enemies":"Slavers","floor":25,"turns":6},{"damage":8,"enemies":"Book of Stabbing","floor":28,"turns":6},{"damage":9,"enemies":"Cultist and Chosen","floor":29,"turns":6},{"damage":8,"enemies":"Shelled Parasite and Fungi","floor":31,"turns":5},{"damage":4,"enemies":"Champ","floor":33,"turns":13},{"damage":11,"enemies":"3 Shapes","floor":35,"turns":4},{"damage":9,"enemies":"3 Darklings","floor":36,"turns":7},{"damage":1,"enemies":"Writhing Mass","floor":37,"turns":6},{"damage":17,"enemies":"Giant Head","floor":40,"turns":8},{"damage":3,"enemies":"Reptomancer","floor":42,"turns":5},{"damage":0,"enemies":"Sphere and 2 Shapes","floor":48,"turns":3},{"damage":25,"enemies":"Donu and Deca","floor":50,"turns":7}],"seed_played":"-2309805829878126337","potions_obtained":[{"floor":1.0,"key":"Fruit Juice"},{"floor":3.0,"key":"Ancient Potion"},{"floor":6.0,"key":"GhostInAJar"},{"floor":16.0,"key":"GamblersBrew"},{"floor":21.0,"key":"PowerPotion"},{"floor":22.0,"key":"SkillPotion"},{"floor":25,"key":"Ancient Potion"},{"floor":28,"key":"GhostInAJar"},{"floor":31,"key":"PowerPotion"},{"floor":36,"key":"GhostInAJar"},{"floor":42,"key":"LiquidBronze"},{"floor":48,"key":"Block Potion"}],"is_trial":false,"path_per_floor":["M","M","M","?","?","E","M","$","T","M","$","R","T","M","R","B",null,"M","?","M","M","M","R","M","E","T","R","E","M","$","M","R","B",null,"M","M","M","$","?","E","R","E","T","$","R","?","?","M","R","B",null],"character_chosen":"THE_SILENT","items_purchased":["Infinite Blades","Flash of Steel","Well Laid Plans","Orichalcum","Accuracy","Sling","Happy Flower","SkillPotion","Bandage Up"],"campfire_rested":6,"item_purchase_floors":[8,8,11,30,30,30,38,38,44],"current_hp_per_floor":[70,66,61,44,44,43,43,43,43,38,38,38,38,35,57,39,75,73,73,73,62,57,57,44,11,11,33,25,16,16,8,30,26,75,64,55,54,54,54,37,59,56,56,56,75,75,71,71,71,46],"gold":31,"neow_bonus":"ONE_RANDOM_RARE_CARD","is_prod":false,"is_daily":false,"chose_seed":false,"campfire_upgraded":2,"win_rate":0.0,"timestamp":1553881315,"path_taken":["M","M","M","?","?","E","M","$","T","M","?","R","?","M","R","BOSS","M","?","M","M","?","R","M","E","T","R","E","M","?","M","R","BOSS","M","M","M","$","?","E","R","E","T","$","R","?","?","M","R","BOSS"],"build_version":"2019-01-23","purchased_purges":0,"victory":true,"max_hp_per_floor":[70,70,70,70,70,75,75,75,75,75,75,75,75,75,75,75,75,75,75,75,75,75,75,75,75,75,75,75,75,75,75,75,75,75,75,75,75,75,75,75,75,75,75,75,75,75,71,71,71,71],"card_choices":[{"not_picked":["Calculated Gamble","Leg Sweep"],"picked":"Footwork","floor":1.0},{"not_picked":["Bane","Dagger Spray"],"picked":"Deadly Poison","floor":2.0},{"not_picked":["Heel Hook","Sucker Punch"],"picked":"Quick Slash","floor":3.0},{"not_picked":["Phantasmal Killer","Dash"],"picked":"Leg Sweep","floor":6.0},{"not_picked":["Accuracy","Acrobatics"],"picked":"Sucker Punch","floor":7.0},{"not_picked":["Dodge and Roll","Deflect"],"picked":"Heel Hook","floor":10.0},{"not_picked":["Underhanded Strike","Cloak And Dagger","A Thousand Cuts"],"picked":"Poisoned Stab","floor":14.0},{"not_picked":["Die Die Die","Storm of Steel","Venomology"],"picked":"Bullet Time","floor":16.0},{"not_picked":["Dagger Throw","Well Laid Plans","Terror"],"picked":"Distraction+1","floor":18.0},{"not_picked":["Slice","Deflect","Deadly Poison"],"picked":"Poisoned Stab+1","floor":20.0},{"not_picked":["Sucker Punch","Bouncing Flask","PiercingWail","Reflex"],"picked":"SKIP","floor":21.0},{"not_picked":["Caltrops","Expertise","Leg Sweep+1"],"picked":"Poisoned Stab","floor":22.0},{"not_picked":["Escape Plan","Terror+1","Tactician"],"picked":"Bane+1","floor":24},{"not_picked":["Deflect+1","Glass Knife","Skewer","Bane"],"picked":"SKIP","floor":25},{"not_picked":["Cloak And Dagger","Doppelganger","Dash"],"picked":"Sucker Punch+1","floor":28},{"not_picked":["Acrobatics+1","PiercingWail","Flying Knee"],"picked":"Prepared","floor":29},{"not_picked":["Backflip","Acrobatics","Bane","Predator"],"picked":"SKIP","floor":31},{"not_picked":["Die Die Die","Venomology","Malaise"],"picked":"A Thousand Cuts","floor":33},{"not_picked":["Caltrops","Backflip","Prepared"],"picked":"Dagger Throw+1","floor":35},{"not_picked":["Die Die Die","Bane+1","Outmaneuver+1"],"picked":"PiercingWail+1","floor":36},{"not_picked":["Dodge and Roll","Glass Knife","Riddle With Holes+1"],"picked":"Corpse Explosion","floor":37},{"not_picked":["Corpse Explosion","After Image","Acrobatics"],"picked":"Adrenaline","floor":40},{"not_picked":["Flechettes","Unload","Distraction+1"],"picked":"Underhanded Strike","floor":42},{"not_picked":["Dagger Throw+1","Dagger Spray","Distraction"],"picked":"Quick Slash+1","floor":48}],"player_experience":79905,"relics_obtained":[{"floor":6.0,"key":"Tiny Chest"},{"floor":9.0,"key":"Potion Belt"},{"floor":13.0,"key":"Question Card"},{"floor":25,"key":"Kunai"},{"floor":26,"key":"Ornamental Fan"},{"floor":28,"key":"Bottled Lightning"},{"floor":40,"key":"Mercury Hourglass"},{"floor":42,"key":"Blood Vial"},{"floor":43,"key":"Juzu Bracelet"}],"event_choices":[{"damage_healed":0.0,"max_hp_gain":0.0,"max_hp_loss":0.0,"gold_gain":0.0,"event_name":"Golden Idol","player_choice":"Take Damage","floor":4.0,"gold_loss":0.0,"damage_taken":17.0,"relics_obtained":["Golden Idol"]},{"damage_healed":0.0,"max_hp_gain":0.0,"max_hp_loss":0.0,"gold_gain":0.0,"event_name":"Living Wall","player_choice":"Grow","floor":5.0,"gold_loss":0.0,"damage_taken":0.0,"cards_upgraded":["Neutralize"]},{"damage_healed":0.0,"max_hp_gain":0.0,"max_hp_loss":0.0,"gold_gain":0.0,"event_name":"N\u0027loth","player_choice":"Traded Relic","floor":19.0,"relics_lost":["Tiny Chest"],"gold_loss":0.0,"damage_taken":0.0,"relics_obtained":["Nloth\u0027s Gift"]},{"damage_healed":0,"gold_gain":0,"player_choice":"Upgraded","damage_taken":0,"max_hp_gain":0,"max_hp_loss":0,"event_name":"Upgrade Shrine","floor":39,"gold_loss":0,"cards_upgraded":["A Thousand Cuts"]},{"damage_healed":0,"gold_gain":0,"player_choice":"Ignored","damage_taken":0,"max_hp_gain":0,"max_hp_loss":0,"event_name":"Mysterious Sphere","floor":46,"gold_loss":0},{"damage_healed":0,"gold_gain":0,"player_choice":"Max HP","damage_taken":0,"max_hp_gain":0,"max_hp_loss":4,"event_name":"Winding Halls","floor":47,"gold_loss":0}],"is_beta":false,"boss_relics":[{"not_picked":["Cursed Key","Ectoplasm"],"picked":"Pandora\u0027s Box"},{"not_picked":["Astrolabe","Coffee Dripper"],"picked":"Fusion Hammer"}],"items_purged_floors":[],"is_endless":false,"potions_floor_spawned":[1,3,6,16,21,22,25,28,31,36,42,48],"ascension_level":0}