{"gold_per_floor":[118,137,153,153,172,172,204,204,228,198,214,214,232,247,247,247],"floor_reached":16,"playtime":1347,"items_purged":[],"score":151,"play_id":"f39617d5-906b-42bc-bec1-88c17cdd47f4","local_time":"20190425091225","is_ascension_mode":true,"campfire_choices":[{"data":"Footwork","floor":6,"key":"SMITH"},{"floor":12,"key":"REST"},{"floor":15,"key":"REST"}],"neow_cost":"TEN_PERCENT_HP_LOSS","seed_source_timestamp":515147336729964,"circlet_count":0,"master_deck":["Defend_G","Defend_G","Defend_G","Defend_G","Defend_G","Strike_G","Strike_G","Strike_G","Strike_G","Strike_G","Survivor","Neutralize","After Image","Dodge and Roll","Flying Knee","Footwork+1","Setup","Noxious Fumes","Backflip","After Image"],"relics":["Ring of the Snake","Omamori","CultistMask","Smiling Mask"],"potions_floor_usage":[5,5,14,16],"damage_taken":[{"damage":0,"enemies":"Jaw Worm","floor":1,"turns":5},{"damage":0,"enemies":"Cultist","floor":2,"turns":5},{"damage":10,"enemies":"Small Slimes","floor":3,"turns":4},{"damage":24,"enemies":"Gremlin Gang","floor":5,"turns":7},{"damage":20,"enemies":"Lagavulin","floor":7,"turns":14},{"damage":4,"enemies":"Looter","floor":10,"turns":4},{"damage":0,"enemies":"Blue Slaver","floor":11,"turns":6},{"damage":2,"enemies":"Exordium Thugs","floor":13,"turns":7},{"damage":3,"enemies":"3 Louse","floor":14,"turns":3},{"damage":36,"enemies":"Hexaghost","floor":16,"turns":16}],"seed_played":"6657195674565362614","potions_obtained":[{"floor":1,"key":"FearPotion"},{"floor":3,"key":"Poison Potion"},{"floor":7,"key":"Explosive Potion"},{"floor":11,"key":"Swift Potion"},{"floor":13,"key":"Block Potion"}],"is_trial":false,"path_per_floor":["M","M","M","?","M","R","E","?","T","M","M","R","M","M","R","B"],"character_chosen":"THE_SILENT","items_purchased":[],"campfire_rested":2,"item_purchase_floors":[],"current_hp_per_floor":[63,63,53,53,29,29,9,9,9,5,5,23,21,18,36,0],"gold":247,"neow_bonus":"THREE_RARE_CARDS","is_prod":false,"is_daily":false,"chose_seed":false,"campfire_upgraded":1,"win_rate":0,"timestamp":1556197945,"path_taken":["M","M","M","?","?","R","E","?","T","?","M","R","M","M","R","BOSS"],"build_version":"2019-01-23","purchased_purges":0,"victory":false,"max_hp_per_floor":[63,63,63,63,63,63,63,63,63,63,63,63,63,63,63,63],"card_choices":[{"not_picked":["A Thousand Cuts","Die Die Die"],"picked":"After Image","floor":0},{"not_picked":["All Out Attack","Reflex"],"picked":"Dodge and Roll","floor":1},{"not_picked":["Blade Dance","Reflex"],"picked":"Flying Knee","floor":2},{"not_picked":["Acrobatics","Crippling Poison"],"picked":"Footwork","floor":3},{"not_picked":["Underhanded Strike","Deflect","Calculated Gamble"],"picked":"SKIP","floor":5},{"not_picked":["Flying Knee","Sucker Punch"],"picked":"Noxious Fumes","floor":7},{"not_picked":["Acrobatics","Riddle With Holes","Sucker Punch"],"picked":"SKIP","floor":10},{"not_picked":["Outmaneuver","Flying Knee"],"picked":"Backflip","floor":11},{"not_picked":["Cloak And Dagger","Dash"],"picked":"After Image","floor":13},{"not_picked":["Finisher","Acrobatics","Prepared"],"picked":"SKIP","floor":14}],"player_experience":300487,"relics_obtained":[{"floor":7,"key":"Omamori"},{"floor":9,"key":"Smiling Mask"}],"event_choices":[{"damage_healed":0,"gold_gain":0,"player_choice":"1 cards matched","damage_taken":0,"max_hp_gain":0,"max_hp_loss":0,"event_name":"Match and Keep!","floor":4,"gold_loss":0,"cards_obtained":["Setup"]},{"damage_healed":0,"gold_gain":0,"player_choice":"Trade","damage_taken":0,"relics_obtained":["CultistMask"],"max_hp_gain":0,"max_hp_loss":0,"event_name":"FaceTrader","floor":8,"gold_loss":0}],"is_beta":false,"boss_relics":[],"items_purged_floors":[],"is_endless":false,"potions_floor_spawned":[1,3,7,11,13],"killed_by":"Hexaghost","ascension_level":9}