{"gold_per_floor":[217,217,167,181,30,30,56,56,81,81,81,93,93,111,111,208,208,219,219,12,22,22,22,37,37,37,37,37,49,77,89,101,209,221,245,275,301,313,325,337,369,381,420,448,470,482,494],"floor_reached":47,"playtime":3113,"items_purged":["Defend_R"],"score":475,"play_id":"84235876-aad5-422a-97be-8c88e168423d","local_time":"20190602224123","is_ascension_mode":false,"campfire_choices":[{"data":"Armaments","floor":6,"key":"SMITH"},{"data":"Bash","floor":8,"key":"SMITH"},{"data":"Armaments","floor":13,"key":"SMITH"},{"data":"Metallicize","floor":15,"key":"SMITH"},{"data":"Barricade","floor":23,"key":"SMITH"},{"data":"Entrench","floor":25,"key":"SMITH"},{"data":"Whirlwind","floor":27,"key":"SMITH"},{"floor":29,"key":"DIG"},{"floor":32,"key":"DIG"},{"floor":40,"key":"DIG"},{"floor":42,"key":"DIG"}],"neow_cost":"NONE","seed_source_timestamp":1546077427714200,"circlet_count":0,"master_deck":["Strike_R","Strike_R","Defend_R","Defend_R","Defend_R","Bash+1","Whirlwind+1","Armaments+1","Metallicize+1","Armaments+1","Barricade+1","Entrench+1","Ghostly","Ghostly+1","Ghostly+1","Ghostly","Ghostly+1","Body Slam+1","Warcry+1","Parasite","Rampage","Parasite"],"relics":["Burning Blood","Magic Flower","Red Skull","Pen Nib","Philosopher\u0027s Stone","Chemical X","Shovel","MawBank","Orichalcum","Happy Flower","Sozu","Anchor","War Paint","Vajra"],"potions_floor_usage":[16,21,33,46],"damage_taken":[{"damage":10,"enemies":"Small Slimes","floor":1,"turns":4},{"damage":6,"enemies":"Jaw Worm","floor":4,"turns":3},{"damage":17,"enemies":"Lagavulin","floor":7,"turns":7},{"damage":5,"enemies":"2 Louse","floor":12,"turns":2},{"damage":4,"enemies":"Blue Slaver","floor":14,"turns":4},{"damage":54,"enemies":"The Guardian","floor":16,"turns":14},{"damage":13,"enemies":"Shell Parasite","floor":18,"turns":8},{"damage":1,"enemies":"2 Thieves","floor":21,"turns":4},{"damage":13,"enemies":"Sentry and Sphere","floor":24,"turns":15},{"damage":14,"enemies":"Snake Plant","floor":30,"turns":8},{"damage":21,"enemies":"Collector","floor":33,"turns":8},{"damage":0,"enemies":"3 Darklings","floor":35,"turns":5},{"damage":0,"enemies":"Orb Walker","floor":36,"turns":5},{"damage":0,"enemies":"Writhing Mass","floor":37,"turns":6},{"damage":0,"enemies":"Jaw Worm Horde","floor":41,"turns":1},{"damage":0,"enemies":"4 Shapes","floor":44,"turns":2},{"damage":0,"enemies":"Writhing Mass","floor":45,"turns":5},{"damage":0,"enemies":"Spire Growth","floor":46,"turns":1},{"damage":61,"enemies":"2 Orb Walkers","floor":47,"turns":8}],"seed_played":"3403299207053669655","potions_obtained":[{"floor":1,"key":"EssenceOfSteel"},{"floor":14,"key":"Regen Potion"},{"floor":18,"key":"SkillPotion"},{"floor":24,"key":"SmokeBomb"}],"is_trial":false,"path_per_floor":["M","?","?","M","$","R","E","R","T","?","$","M","R","M","R","B",null,"M","?","$","M","?","R","M","R","T","R","T","R","M","?","R","B",null,"M","M","M","?","?","R","M","R","T","M","M","M","?"],"character_chosen":"IRONCLAD","items_purchased":["Metallicize","Chemical X"],"campfire_rested":0,"item_purchase_floors":[5,20],"current_hp_per_floor":[76,76,76,76,76,76,65,65,65,62,62,66,66,71,71,26,80,76,76,76,80,40,40,36,36,36,36,36,36,31,31,31,40,40,40,40,40,40,40,40,40,40,40,40,40,40,0],"gold":494,"neow_bonus":"HUNDRED_GOLD","is_prod":false,"is_daily":false,"chose_seed":false,"campfire_upgraded":7,"win_rate":0,"timestamp":1559529683,"path_taken":["M","?","?","M","$","R","E","R","T","?","$","M","R","M","R","BOSS","M","?","$","M","?","R","M","R","T","R","?","R","M","?","R","BOSS","M","?","M","?","?","R","M","R","T","M","M","?","?"],"build_version":"2019-01-23","purchased_purges":1,"victory":false,"max_hp_per_floor":[80,80,80,80,80,80,80,80,80,80,80,80,80,80,80,80,80,80,80,80,80,40,40,40,40,40,40,40,40,40,40,40,40,40,40,40,40,40,40,40,40,40,40,40,40,40,40],"card_choices":[{"not_picked":["Bloodletting","Corruption"],"picked":"Whirlwind","floor":1},{"not_picked":["Hemokinesis","Dual Wield"],"picked":"Armaments","floor":4},{"not_picked":["Clothesline","Body Slam"],"picked":"Cleave","floor":7},{"not_picked":["Whirlwind","Berserk"],"picked":"Armaments","floor":12},{"not_picked":["Warcry","Clash","Seeing Red"],"picked":"SKIP","floor":14},{"not_picked":["Juggernaut","Dark Embrace"],"picked":"Barricade","floor":16},{"not_picked":["Iron Wave","Thunderclap","Rupture+1"],"picked":"SKIP","floor":18},{"not_picked":["Reckless Charge","Flex+1"],"picked":"Entrench","floor":21},{"not_picked":["Havoc","Sentinel","Headbutt"],"picked":"SKIP","floor":24},{"not_picked":["Headbutt","Infernal Blade","Clothesline"],"picked":"SKIP","floor":30},{"not_picked":["Blood for Blood","True Grit","Inflame"],"picked":"SKIP","floor":35},{"not_picked":["True Grit+1","Flex"],"picked":"Warcry+1","floor":36},{"not_picked":["Second Wind+1","Clothesline","Twin Strike"],"picked":"SKIP","floor":37},{"not_picked":["Infernal Blade","Iron Wave"],"picked":"Rampage","floor":41},{"not_picked":["Pommel Strike","Twin Strike","Flex"],"picked":"SKIP","floor":44},{"not_picked":["Warcry","Hemokinesis+1","Burning Pact+1"],"picked":"SKIP","floor":45}],"player_experience":1049305,"relics_obtained":[{"floor":7,"key":"Magic Flower"},{"floor":9,"key":"Red Skull"},{"floor":26,"key":"Shovel"},{"floor":28,"key":"MawBank"},{"floor":29,"key":"Orichalcum"},{"floor":32,"key":"Happy Flower"},{"floor":40,"key":"Anchor"},{"floor":42,"key":"War Paint"},{"floor":43,"key":"Vajra"}],"event_choices":[{"cards_removed":["Strike_R"],"damage_healed":0,"gold_gain":0,"player_choice":"Forget","damage_taken":0,"max_hp_gain":0,"max_hp_loss":0,"event_name":"Living Wall","floor":2,"gold_loss":0},{"cards_removed":["Strike_R"],"damage_healed":0,"gold_gain":0,"player_choice":"Card Removal","damage_taken":0,"max_hp_gain":0,"max_hp_loss":0,"event_name":"The Cleric","floor":3,"gold_loss":50},{"damage_healed":0,"gold_gain":0,"player_choice":"Success","damage_taken":3,"relics_obtained":["Pen Nib"],"max_hp_gain":0,"max_hp_loss":0,"event_name":"Scrap Ooze","floor":10,"gold_loss":0},{"damage_healed":0,"gold_gain":0,"player_choice":"Ignored","damage_taken":0,"max_hp_gain":0,"max_hp_loss":0,"event_name":"Vampires","floor":19,"gold_loss":0},{"damage_healed":0,"gold_gain":0,"player_choice":"Became a Ghost","damage_taken":0,"max_hp_gain":0,"max_hp_loss":40,"event_name":"Ghosts","floor":22,"gold_loss":0,"cards_obtained":["Ghostly","Ghostly","Ghostly","Ghostly","Ghostly"]},{"cards_removed":["Cleave"],"damage_healed":0,"gold_gain":0,"player_choice":"Took Card","damage_taken":0,"max_hp_gain":0,"max_hp_loss":0,"event_name":"NoteForYourself","floor":31,"gold_loss":0,"cards_obtained":["Body Slam"]},{"cards_removed":["Strike_R"],"damage_healed":0,"gold_gain":0,"player_choice":"Removed Attack","damage_taken":0,"max_hp_gain":0,"max_hp_loss":0,"event_name":"Falling","floor":38,"gold_loss":0},{"damage_healed":0,"gold_gain":0,"player_choice":"Forge","damage_taken":0,"max_hp_gain":0,"max_hp_loss":0,"event_name":"Accursed Blacksmith","floor":39,"gold_loss":0,"cards_upgraded":["Ghostly"]},{"damage_healed":0,"gold_gain":0,"player_choice":"Fight","damage_taken":0,"max_hp_gain":0,"max_hp_loss":0,"event_name":"Mysterious Sphere","floor":47,"gold_loss":0}],"is_beta":false,"boss_relics":[{"not_picked":["Pandora\u0027s Box","Tiny House"],"picked":"Philosopher\u0027s Stone"},{"not_picked":["Runic Dome","Orrery"],"picked":"Sozu"}],"items_purged_floors":[5],"is_endless":false,"potions_floor_spawned":[1,14,18,24,36,37,41,46],"killed_by":"2 Orb Walkers","ascension_level":0}