{"gold_per_floor":[18,36,36,36,52,83,83,109,109,109,127,127,47,66,66,161,161,146,161,161,177,195,195,207,240,240,240,268,268,279,294,294,395,395,414,514,526,542,558,558,558,569,593,174,186,186],"floor_reached":46,"playtime":2670,"items_purged":["Strike_G"],"score":714,"play_id":"70eb001c-ce1b-4759-b21d-3194a96e457a","local_time":"20190428172758","is_ascension_mode":true,"campfire_choices":[{"data":"Dodge and Roll","floor":7.0,"key":"SMITH"},{"data":"Deadly Poison","floor":10.0,"key":"SMITH"},{"floor":15.0,"key":"REST"},{"data":"Noxious Fumes","floor":23.0,"key":"SMITH"},{"floor":27.0,"key":"REST"},{"floor":29.0,"key":"REST"},{"data":"Dodge and Roll","floor":32.0,"key":"SMITH"},{"data":"After Image","floor":40.0,"key":"SMITH"}],"neow_cost":"NO_GOLD","seed_source_timestamp":0,"circlet_count":0,"master_deck":["AscendersBane","Defend_G","Defend_G","Defend_G","Defend_G","Defend_G","Strike_G","Strike_G","Strike_G","Survivor","Neutralize+1","Dodge and Roll+1","Infinite Blades","Deadly Poison+1","Flying Knee","Backflip","Noxious Fumes+1","After Image","Footwork+1","Dodge and Roll+1","Adrenaline","Corpse Explosion","Corpse Explosion","Backflip+1","After Image+1"],"special_seed":0,"relics":["Ring of the Snake","Torii","Omamori","Darkstone Periapt","Runic Pyramid","Nloth\u0027s Gift","Blue Candle","Nunchaku","Matryoshka","Sozu","Pocketwatch","MawBank","PreservedInsect","Regal Pillow","OrangePellets"],"potions_floor_usage":[],"damage_taken":[{"damage":3.0,"enemies":"Jaw Worm","floor":1.0,"turns":9.0},{"damage":0.0,"enemies":"Small Slimes","floor":2.0,"turns":4.0},{"damage":0.0,"enemies":"Cultist","floor":5.0,"turns":4.0},{"damage":28.0,"enemies":"3 Sentries","floor":6.0,"turns":12.0},{"damage":9.0,"enemies":"Gremlin Nob","floor":8.0,"turns":6.0},{"damage":0.0,"enemies":"2 Fungi Beasts","floor":11.0,"turns":5.0},{"damage":10.0,"enemies":"Lots of Slimes","floor":14.0,"turns":4.0},{"damage":6.0,"enemies":"Hexaghost","floor":16.0,"turns":9.0},{"damage":12.0,"enemies":"2 Thieves","floor":18.0,"turns":4.0},{"damage":1.0,"enemies":"Spheric Guardian","floor":19.0,"turns":6.0},{"damage":28.0,"enemies":"Snecko","floor":21.0,"turns":7.0},{"damage":11.0,"enemies":"Snake Plant","floor":22.0,"turns":6.0},{"damage":1.0,"enemies":"Centurion and Healer","floor":24.0,"turns":8.0},{"damage":2.0,"enemies":"Book of Stabbing","floor":25.0,"turns":8.0},{"damage":26.0,"enemies":"Slavers","floor":28.0,"turns":6.0},{"damage":2.0,"enemies":"Snecko","floor":30.0,"turns":6.0},{"damage":7.0,"enemies":"Snake Plant","floor":31.0,"turns":5.0},{"damage":23.0,"enemies":"Collector","floor":33.0,"turns":11.0},{"damage":0.0,"enemies":"3 Shapes","floor":35.0,"turns":4.0},{"damage":1.0,"enemies":"Mind Bloom Boss Battle","floor":36.0,"turns":8.0},{"damage":0.0,"enemies":"Orb Walker","floor":37.0,"turns":5.0},{"damage":24.0,"enemies":"Jaw Worm Horde","floor":38.0,"turns":4.0},{"damage":0.0,"enemies":"Spire Growth","floor":39.0,"turns":7.0},{"damage":1.0,"enemies":"4 Shapes","floor":42.0,"turns":3.0},{"damage":26.0,"enemies":"Transient","floor":45.0,"turns":5.0},{"damage":19,"enemies":"3 Darklings","floor":46,"turns":4}],"seed_played":"-3921245719250930759","potions_obtained":[{"floor":2.0,"key":"GhostInAJar"},{"floor":6.0,"key":"GamblersBrew"},{"floor":8.0,"key":"Swift Potion"},{"floor":16.0,"key":"Explosive Potion"},{"floor":18.0,"key":"Energy Potion"},{"floor":22.0,"key":"Swift Potion"},{"floor":30.0,"key":"AttackPotion"},{"floor":31.0,"key":"SkillPotion"},{"floor":33.0,"key":"GhostInAJar"}],"is_trial":false,"path_per_floor":["M","M","?","?","M","E","R","E","T","R","M","?","$","M","R","B",null,"M","M","?","M","M","R","M","E","T","R","E","R","M","M","R","B",null,"M","?","M","M","M","R","?","M","T","$","M","M"],"character_chosen":"THE_SILENT","items_purchased":["Backflip","Noxious Fumes","Regal Pillow","OrangePellets"],"campfire_rested":3,"item_purchase_floors":[13,13,44,44],"current_hp_per_floor":[74,74,71,71,71,43,43,34,34,34,34,34,34,24,49,43,74,62,61,61,33,22,22,21,19,19,44,18,43,41,34,34,11,66,66,65,65,41,41,41,41,40,40,40,14,0],"gold":186,"neow_bonus":"TWENTY_PERCENT_HP_BONUS","is_prod":false,"is_daily":false,"chose_seed":false,"campfire_upgraded":5,"win_rate":0,"timestamp":1556486878,"path_taken":["M","M","?","?","M","E","R","E","T","R","?","?","$","?","R","BOSS","M","?","?","M","M","R","?","E","T","R","E","R","M","M","R","BOSS","M","?","M","M","M","R","?","M","T","$","M","M"],"build_version":"2019-01-23","purchased_purges":1,"victory":false,"max_hp_per_floor":[84,84,84,84,84,84,84,84,84,84,84,84,84,84,84,84,84,84,84,84,84,84,84,84,84,84,84,84,84,84,84,84,84,84,84,84,84,84,84,84,84,84,84,84,84,84],"card_choices":[{"not_picked":["Flying Knee","Cloak And Dagger"],"picked":"Dodge and Roll","floor":1.0},{"not_picked":["Underhanded Strike","Slice"],"picked":"Infinite Blades","floor":2.0},{"not_picked":["Catalyst","Acrobatics","Masterful Stab"],"picked":"SKIP","floor":5.0},{"not_picked":["Finisher","Acrobatics","Wraith Form v2"],"picked":"SKIP","floor":6.0},{"not_picked":["Prepared","Escape Plan"],"picked":"Deadly Poison","floor":8.0},{"not_picked":["Sucker Punch","Dagger Throw"],"picked":"Flying Knee","floor":11.0},{"not_picked":["Underhanded Strike","Flying Knee","Masterful Stab"],"picked":"SKIP","floor":14.0},{"not_picked":["Grand Finale","A Thousand Cuts"],"picked":"After Image","floor":16.0},{"not_picked":["Skewer","Deadly Poison","Bane"],"picked":"SKIP","floor":18.0},{"not_picked":["Acrobatics","Slice","Underhanded Strike"],"picked":"SKIP","floor":19.0},{"not_picked":["Blur","Crippling Poison"],"picked":"Footwork+1","floor":21.0},{"not_picked":["Poisoned Stab","Dagger Throw+1"],"picked":"Dodge and Roll","floor":22.0},{"not_picked":["Deadly Poison","Endless Agony+1"],"picked":"Adrenaline","floor":24.0},{"not_picked":["Outmaneuver","Poisoned Stab","Deadly Poison"],"picked":"SKIP","floor":25.0},{"not_picked":["Wraith Form v2","Deflect"],"picked":"Corpse Explosion","floor":28.0},{"not_picked":["Underhanded Strike","Blade Dance","Flying Knee"],"picked":"SKIP","floor":30.0},{"not_picked":["Outmaneuver+1","Acrobatics","Expertise"],"picked":"SKIP","floor":31.0},{"not_picked":["Die Die Die","After Image"],"picked":"Corpse Explosion","floor":33.0},{"not_picked":["Underhanded Strike+1","Poisoned Stab+1"],"picked":"Backflip+1","floor":35.0},{"not_picked":["Outmaneuver+1","Poisoned Stab+1","Terror"],"picked":"SKIP","floor":37.0},{"not_picked":["Predator+1","Storm of Steel","PiercingWail+1"],"picked":"SKIP","floor":38.0},{"not_picked":["Deadly Poison+1","Masterful Stab"],"picked":"After Image","floor":39.0},{"not_picked":["Backflip","Deadly Poison+1","Flying Knee+1"],"picked":"SKIP","floor":42.0},{"not_picked":["Dagger Throw+1","Cloak And Dagger+1","A Thousand Cuts"],"picked":"SKIP","floor":45.0}],"player_experience":332287,"relics_obtained":[{"floor":6.0,"key":"Torii"},{"floor":8.0,"key":"Omamori"},{"floor":9.0,"key":"Darkstone Periapt"},{"floor":25.0,"key":"Blue Candle"},{"floor":26.0,"key":"Nunchaku"},{"floor":28.0,"key":"Matryoshka"},{"floor":36.0,"key":"Pocketwatch"},{"floor":43.0,"key":"MawBank"},{"floor":43.0,"key":"PreservedInsect"}],"event_choices":[{"damage_healed":0.0,"max_hp_gain":0.0,"max_hp_loss":0.0,"gold_gain":0.0,"event_name":"Scrap Ooze","player_choice":"Success","floor":3.0,"gold_loss":0.0,"damage_taken":3.0,"relics_obtained":["Potion Belt"]},{"damage_healed":0.0,"max_hp_gain":0.0,"max_hp_loss":0.0,"gold_gain":0.0,"event_name":"Accursed Blacksmith","player_choice":"Forge","floor":4.0,"gold_loss":0.0,"damage_taken":0.0,"cards_upgraded":["Neutralize"]},{"cards_removed":["Strike_G"],"damage_healed":0.0,"max_hp_gain":0.0,"max_hp_loss":0.0,"gold_gain":0.0,"event_name":"Purifier","player_choice":"Purged","floor":12.0,"gold_loss":0.0,"damage_taken":0.0},{"damage_healed":0.0,"max_hp_gain":0.0,"max_hp_loss":0.0,"gold_gain":0.0,"event_name":"N\u0027loth","player_choice":"Traded Relic","floor":20.0,"relics_lost":["Potion Belt"],"gold_loss":0.0,"damage_taken":0.0,"relics_obtained":["Nloth\u0027s Gift"]},{"damage_healed":0.0,"max_hp_gain":0.0,"max_hp_loss":0.0,"gold_gain":0.0,"event_name":"MindBloom","player_choice":"Fight","floor":36.0,"gold_loss":0.0,"damage_taken":0.0},{"damage_healed":0.0,"max_hp_gain":0.0,"max_hp_loss":0.0,"gold_gain":0.0,"event_name":"The Woman in Blue","player_choice":"Bought 0 Potions","floor":41.0,"gold_loss":0.0,"damage_taken":0.0}],"is_beta":false,"boss_relics":[{"not_picked":["Ring of the Serpent","Lizard Tail"],"picked":"Runic Pyramid"},{"not_picked":["Runic Dome","WristBlade"],"picked":"Sozu"}],"items_purged_floors":[44],"is_endless":false,"potions_floor_spawned":[2,6,8,16,18,22,30,31,33,38,39,42],"killed_by":"3 Darklings","ascension_level":10}