{"gold_per_floor":[212,230,19,31,42,42,72,72,72,22,52,67,92,110,110,215,215,227,327,339,100,10,36,36,52,52,62,75,75,106,126,126,228,228,248,268,268,284,384,384,16,16,16,49,49,75,25,50,50,50],"floor_reached":51,"playtime":2850,"items_purged":["Strike_R","Strike_R","Strike_R","Limit Break"],"score":1110,"play_id":"48ce4a02-0f83-4d01-8b56-fdfe145d2e83","local_time":"20190421153619","is_ascension_mode":true,"campfire_choices":[{"data":"True Grit","floor":6,"key":"SMITH"},{"data":"Juggernaut","floor":8,"key":"SMITH"},{"data":"Armaments","floor":15,"key":"SMITH"},{"data":"Barricade","floor":24,"key":"SMITH"},{"data":"Feel No Pain","floor":29,"key":"SMITH"},{"data":"Havoc","floor":32,"key":"SMITH"},{"data":"Battle Trance","floor":40,"key":"SMITH"},{"data":"Metallicize","floor":42,"key":"SMITH"},{"data":"Impervious","floor":45,"key":"SMITH"},{"data":"Metallicize","floor":49,"key":"SMITH"}],"neow_cost":"NONE","seed_source_timestamp":382742813652532,"circlet_count":0,"master_deck":["Defend_R","Defend_R","Defend_R","Defend_R","Bash","Headbutt","True Grit+1","Juggernaut+1","Feel No Pain+1","Clothesline","Barricade+1","Armaments+1","Impervious+1","Havoc+1","True Grit+1","Metallicize+1","Battle Trance+1","Sentinel","Impervious+1","Entrench+1","Reaper","Madness","Madness","Shockwave","Metallicize+1"],"relics":["Burning Blood","Charon\u0027s Ashes","Turnip","Bag of Marbles","Smiling Mask","Philosopher\u0027s Stone","Omamori","Ornamental Fan","FossilizedHelix","Sozu","Torii","Pear","Bottled Lightning","Red Skull","Bottled Tornado","Strawberry"],"potions_floor_usage":[5,23,27,27,50,50],"damage_taken":[{"damage":2,"enemies":"2 Louse","floor":1,"turns":3},{"damage":7,"enemies":"Small Slimes","floor":2,"turns":3},{"damage":6,"enemies":"Jaw Worm","floor":4,"turns":5},{"damage":10,"enemies":"3 Louse","floor":5,"turns":4},{"damage":16,"enemies":"3 Sentries","floor":11,"turns":6},{"damage":20,"enemies":"Lots of Slimes","floor":12,"turns":4},{"damage":10,"enemies":"Lagavulin","floor":13,"turns":6},{"damage":4,"enemies":"Blue Slaver","floor":14,"turns":4},{"damage":33,"enemies":"Hexaghost","floor":16,"turns":12},{"damage":18,"enemies":"Chosen","floor":18,"turns":5},{"damage":1,"enemies":"Spheric Guardian","floor":20,"turns":6},{"damage":33,"enemies":"Slavers","floor":23,"turns":5},{"damage":2,"enemies":"Centurion and Healer","floor":25,"turns":9},{"damage":16,"enemies":"Chosen and Byrds","floor":27,"turns":5},{"damage":1,"enemies":"3 Cultists","floor":28,"turns":5},{"damage":16,"enemies":"Gremlin Leader","floor":30,"turns":8},{"damage":0,"enemies":"Snecko","floor":31,"turns":6},{"damage":16,"enemies":"Collector","floor":33,"turns":11},{"damage":0,"enemies":"3 Darklings","floor":35,"turns":5},{"damage":0,"enemies":"3 Shapes","floor":36,"turns":4},{"damage":24,"enemies":"3 Darklings","floor":38,"turns":6},{"damage":0,"enemies":"Mind Bloom Boss Battle","floor":39,"turns":6},{"damage":0,"enemies":"Nemesis","floor":44,"turns":9},{"damage":0,"enemies":"Giant Head","floor":46,"turns":10},{"damage":17,"enemies":"Reptomancer","floor":48,"turns":8},{"damage":20,"enemies":"Awakened One","floor":50,"turns":16}],"seed_played":"-1594092779524781297","potions_obtained":[{"floor":1,"key":"Block Potion"},{"floor":2,"key":"LiquidBronze"},{"floor":11,"key":"Strength Potion"},{"floor":14,"key":"BloodPotion"},{"floor":16,"key":"Ancient Potion"},{"floor":25,"key":"BloodPotion"},{"floor":28,"key":"Dexterity Potion"},{"floor":30,"key":"FearPotion"}],"is_trial":false,"path_per_floor":["M","M","$","M","M","R","?","R","T","?","E","M","E","M","R","B",null,"M","?","M","$","?","E","R","M","T","M","M","R","E","M","R","B",null,"M","M","?","M","?","R","$","R","T","E","R","E","$","E","R","B",null],"character_chosen":"IRONCLAD","items_purchased":["Juggernaut","Metallicize","Battle Trance","Sentinel","Pear","Shockwave"],"campfire_rested":0,"item_purchase_floors":[3,21,21,21,41,41],"current_hp_per_floor":[76,75,75,75,71,71,71,71,71,71,61,47,43,45,45,18,65,53,53,58,58,58,31,31,35,35,33,38,38,28,40,40,42,71,80,80,70,52,64,64,74,74,74,81,81,90,90,89,89,82],"gold":50,"neow_bonus":"HUNDRED_GOLD","is_prod":false,"is_daily":false,"chose_seed":false,"campfire_upgraded":10,"win_rate":0,"timestamp":1555875379,"path_taken":["M","M","$","M","M","R","?","R","T","?","E","M","E","?","R","BOSS","M","?","?","$","?","E","R","M","T","M","M","R","E","?","R","BOSS","M","M","?","M","?","R","?","R","T","E","R","E","?","E","R","BOSS"],"build_version":"2019-01-23","purchased_purges":4,"victory":true,"max_hp_per_floor":[80,80,80,80,80,80,80,80,80,80,80,80,80,80,80,80,80,80,80,80,80,80,80,80,80,80,80,80,80,80,80,80,80,80,80,80,80,80,80,80,90,90,90,90,90,90,90,97,97,97],"card_choices":[{"not_picked":["Bloodletting","Combust"],"picked":"Headbutt","floor":1},{"not_picked":["Twin Strike","Warcry"],"picked":"True Grit","floor":2},{"not_picked":["Clothesline","True Grit"],"picked":"Limit Break","floor":4},{"not_picked":["Twin Strike","Flex","Cleave"],"picked":"SKIP","floor":5},{"not_picked":["Flex","Pommel Strike"],"picked":"Feel No Pain","floor":11},{"not_picked":["Iron Wave","Twin Strike"],"picked":"Clothesline","floor":12},{"not_picked":["Iron Wave","Blood for Blood"],"picked":"Barricade","floor":13},{"not_picked":["Blood for Blood","Flex"],"picked":"Armaments","floor":14},{"not_picked":["Exhume","Limit Break"],"picked":"Impervious","floor":16},{"not_picked":["Heavy Blade","Iron Wave"],"picked":"Havoc","floor":18},{"not_picked":["Clothesline+1","Sword Boomerang+1"],"picked":"True Grit+1","floor":20},{"not_picked":["Whirlwind","Anger"],"picked":"Impervious","floor":23},{"not_picked":["Heavy Blade","Rampage","Iron Wave"],"picked":"SKIP","floor":25},{"not_picked":["Dark Embrace","Perfected Strike","Thunderclap"],"picked":"SKIP","floor":27},{"not_picked":["Anger+1","Pommel Strike+1"],"picked":"Entrench+1","floor":28},{"not_picked":["Clothesline","Bloodletting"],"picked":"Reaper","floor":30},{"not_picked":["Rage","Heavy Blade","Clothesline"],"picked":"SKIP","floor":31},{"not_picked":["Iron Wave","Clash","Perfected Strike"],"picked":"SKIP","floor":35},{"not_picked":["Hemokinesis+1","Anger+1","Pommel Strike+1"],"picked":"SKIP","floor":36},{"not_picked":["Pommel Strike","Fire Breathing","Pummel+1"],"picked":"SKIP","floor":38},{"not_picked":["Cleave+1","Clash","Havoc"],"picked":"SKIP","floor":44},{"not_picked":["Flex+1","Immolate","Iron Wave+1"],"picked":"SKIP","floor":46},{"not_picked":["Clash","Sever Soul"],"picked":"Metallicize","floor":48}],"player_experience":255616,"relics_obtained":[{"floor":9,"key":"Turnip"},{"floor":11,"key":"Bag of Marbles"},{"floor":13,"key":"Smiling Mask"},{"floor":23,"key":"Omamori"},{"floor":26,"key":"Ornamental Fan"},{"floor":30,"key":"FossilizedHelix"},{"floor":39,"key":"Torii"},{"floor":43,"key":"Bottled Lightning"},{"floor":44,"key":"Red Skull"},{"floor":46,"key":"Bottled Tornado"},{"floor":48,"key":"Strawberry"}],"event_choices":[{"damage_healed":0,"gold_gain":30,"player_choice":"Searched \u00273\u0027 times","damage_taken":0,"relics_obtained":["Charon\u0027s Ashes"],"max_hp_gain":0,"max_hp_loss":0,"event_name":"Dead Adventurer","floor":7,"gold_loss":0},{"cards_removed":["Strike_R"],"damage_healed":0,"gold_gain":0,"player_choice":"Card Removal","damage_taken":0,"max_hp_gain":0,"max_hp_loss":0,"event_name":"The Cleric","floor":10,"gold_loss":50},{"damage_healed":0,"gold_gain":100,"player_choice":"Pray","damage_taken":0,"max_hp_gain":0,"max_hp_loss":0,"event_name":"Golden Shrine","floor":19,"gold_loss":0},{"cards_removed":["Strike_R"],"damage_healed":0,"gold_gain":0,"player_choice":"Upgrade and Remove","damage_taken":0,"max_hp_gain":0,"max_hp_loss":0,"event_name":"Designer","floor":22,"gold_loss":90,"cards_upgraded":["Impervious"]},{"damage_healed":0,"gold_gain":0,"player_choice":"Embrace Madness","damage_taken":10,"max_hp_gain":0,"max_hp_loss":0,"event_name":"Winding Halls","floor":37,"gold_loss":0,"cards_obtained":["Madness","Madness"]},{"damage_healed":0,"gold_gain":0,"player_choice":"Fight","damage_taken":0,"max_hp_gain":0,"max_hp_loss":0,"event_name":"MindBloom","floor":39,"gold_loss":0}],"is_beta":false,"boss_relics":[{"not_picked":["Black Blood","Runic Cube"],"picked":"Philosopher\u0027s Stone"},{"not_picked":["Orrery","Eternal Feather"],"picked":"Sozu"}],"items_purged_floors":[3,21,41,47],"is_endless":false,"potions_floor_spawned":[1,2,11,14,16,25,28,30,44,46,48],"ascension_level":7}