{"gold_per_floor":[114,126,38,53,23,23,56,76,76,96,106,106,106,106],"floor_reached":14,"playtime":664,"items_purged":[],"score":138,"play_id":"a3972f9b-6585-4a35-a498-38adbf832242","local_time":"20190609153752","is_ascension_mode":true,"campfire_choices":[{"data":"Bash","floor":6,"key":"SMITH"}],"neow_cost":"NONE","seed_source_timestamp":869882883298386,"circlet_count":0,"master_deck":["AscendersBane","Strike_R+1","Strike_R","Strike_R","Strike_R","Strike_R","Defend_R","Defend_R","Defend_R+1","Defend_R","Bash+1","Wild Strike","Battle Trance","Spot Weakness","Pommel Strike","Shockwave"],"relics":["Burning Blood","Bag of Marbles","Bird Faced Urn","Magic Flower","Calipers","Omamori"],"potions_floor_usage":[7,11,14],"damage_taken":[{"damage":1,"enemies":"2 Louse","floor":1,"turns":3},{"damage":1,"enemies":"Cultist","floor":2,"turns":3},{"damage":9,"enemies":"Jaw Worm","floor":4,"turns":3},{"damage":36,"enemies":"Lagavulin","floor":7,"turns":7},{"damage":20,"enemies":"Gremlin Gang","floor":8,"turns":4},{"damage":34,"enemies":"Exordium Thugs","floor":10,"turns":6},{"damage":2,"enemies":"3 Louse","floor":11,"turns":3},{"damage":5,"enemies":"Large Slime","floor":14,"turns":1}],"seed_played":"-8538242964967602015","potions_obtained":[{"floor":5,"key":"GamblersBrew"},{"floor":5,"key":"Weak Potion"},{"floor":10,"key":"Block Potion"},{"floor":11,"key":"GamblersBrew"}],"is_trial":false,"path_per_floor":["M","M","?","M","?","R","E","M","T","M","M","T","?","M"],"character_chosen":"IRONCLAD","items_purchased":[],"campfire_rested":0,"item_purchase_floors":[],"current_hp_per_floor":[77,80,80,77,77,77,47,36,36,11,18,18,2,0],"gold":106,"neow_bonus":"RANDOM_COMMON_RELIC","is_prod":false,"is_daily":false,"chose_seed":false,"campfire_upgraded":1,"win_rate":0,"timestamp":1560109072,"path_taken":["M","M","?","?","?","R","E","M","T","?","M","?","?","M"],"build_version":"2019-01-23","purchased_purges":0,"victory":false,"max_hp_per_floor":[80,80,80,80,80,80,80,80,80,80,80,80,80,80],"card_choices":[{"not_picked":["Heavy Blade","Sword Boomerang"],"picked":"Wild Strike","floor":1},{"not_picked":["Evolve","Cleave"],"picked":"Battle Trance","floor":2},{"not_picked":["Thunderclap","Wild Strike","Clash"],"picked":"SKIP","floor":4},{"not_picked":["Pommel Strike","Twin Strike"],"picked":"Spot Weakness","floor":7},{"not_picked":["Clash","Havoc"],"picked":"Pommel Strike","floor":8},{"not_picked":["Berserk","Rupture","Sword Boomerang"],"picked":"SKIP","floor":10},{"not_picked":["Wild Strike","Warcry"],"picked":"Shockwave","floor":11}],"player_experience":429938,"relics_obtained":[{"floor":7,"key":"Magic Flower"},{"floor":9,"key":"Calipers"},{"floor":12,"key":"Omamori"}],"event_choices":[{"damage_healed":0,"gold_gain":0,"player_choice":"Paid Gold","damage_taken":0,"relics_obtained":["Bird Faced Urn"],"max_hp_gain":0,"max_hp_loss":0,"event_name":"WeMeetAgain","floor":3,"gold_loss":88},{"damage_healed":0,"gold_gain":0,"player_choice":"Bought 2 Potions","damage_taken":0,"max_hp_gain":0,"max_hp_loss":0,"event_name":"The Woman in Blue","floor":5,"gold_loss":0},{"damage_healed":0,"gold_gain":0,"player_choice":"Entered Light","damage_taken":16,"max_hp_gain":0,"max_hp_loss":0,"event_name":"Shining Light","floor":13,"gold_loss":0,"cards_upgraded":["Defend_R","Strike_R"]}],"is_beta":false,"boss_relics":[],"items_purged_floors":[],"is_endless":false,"potions_floor_spawned":[10,11],"killed_by":"Large Slime","ascension_level":10}