{"gold_per_floor":[361,59,69,69,69,69,99,99,124,124,137,149,149,9,9,114,114,54,72,88,105,29,29,47,47],"floor_reached":25,"playtime":1129,"items_purged":["Strike_R"],"score":302,"play_id":"50b085c0-35c1-44ee-9c9d-109bd7089a7b","local_time":"20190424093436","is_ascension_mode":true,"campfire_choices":[{"data":"Mayhem","floor":6,"key":"SMITH"},{"data":"True Grit","floor":8,"key":"SMITH"},{"data":"Shrug It Off","floor":10,"key":"SMITH"},{"data":"Anger","floor":13,"key":"SMITH"},{"data":"Bash","floor":15,"key":"SMITH"},{"floor":23,"key":"REST"}],"neow_cost":"PERCENT_DAMAGE","seed_source_timestamp":478475092694422,"circlet_count":0,"master_deck":["AscendersBane","Strike_R","Strike_R","Defend_R","Defend_R","Defend_R","Defend_R","Bash+1","Anger+1","Shrug It Off+1","Mayhem+1","True Grit+1","Anger","Immolate","Battle Trance","Limit Break","Barricade","Body Slam+1","Shockwave+1","Metallicize","Disarm"],"relics":["Burning Blood","Bottled Flame","Smiling Mask","Snecko Eye"],"potions_floor_usage":[7,19,20],"damage_taken":[{"damage":1,"enemies":"Cultist","floor":1,"turns":3},{"damage":2,"enemies":"Jaw Worm","floor":3,"turns":4},{"damage":31,"enemies":"3 Sentries","floor":7,"turns":9},{"damage":12,"enemies":"Small Slimes","floor":11,"turns":3},{"damage":0,"enemies":"Blue Slaver","floor":12,"turns":3},{"damage":26,"enemies":"The Guardian","floor":16,"turns":10},{"damage":17,"enemies":"2 Thieves","floor":18,"turns":4},{"damage":13,"enemies":"Shell Parasite","floor":19,"turns":7},{"damage":8,"enemies":"Snake Plant","floor":20,"turns":4},{"damage":33,"enemies":"Sentry and Sphere","floor":21,"turns":6},{"damage":38,"enemies":"Centurion and Healer","floor":24,"turns":9},{"damage":9,"enemies":"Snake Plant","floor":25,"turns":4}],"seed_played":"1914012992205795656","potions_obtained":[{"floor":3,"key":"EssenceOfSteel"},{"floor":7,"key":"LiquidBronze"},{"floor":12,"key":"Weak Potion"},{"floor":19,"key":"GamblersBrew"},{"floor":24,"key":"Explosive Potion"}],"is_trial":false,"path_per_floor":["M","$","M","?","?","R","E","R","T","R","M","M","R","$","R","B",null,"M","M","M","M","$","R","M","M"],"character_chosen":"IRONCLAD","items_purchased":["Shrug It Off","Mayhem","Limit Break","Metallicize"],"campfire_rested":1,"item_purchase_floors":[2,2,14,22],"current_hp_per_floor":[56,56,60,60,60,60,35,35,35,35,29,35,35,35,35,15,64,53,46,44,17,17,41,9,0],"gold":47,"neow_bonus":"TWO_FIFTY_GOLD","is_prod":false,"is_daily":false,"chose_seed":false,"campfire_upgraded":5,"win_rate":0,"timestamp":1556112876,"path_taken":["M","$","?","?","?","R","E","R","T","R","?","M","R","$","R","BOSS","M","M","M","?","$","R","M","M"],"build_version":"2019-01-23","purchased_purges":1,"victory":false,"max_hp_per_floor":[80,80,80,80,80,80,80,80,80,80,80,80,80,80,80,80,80,80,80,80,80,80,80,80,80],"card_choices":[{"not_picked":["Sword Boomerang","Havoc"],"picked":"Anger","floor":1},{"not_picked":["Havoc","Flame Barrier"],"picked":"True Grit","floor":3},{"not_picked":["Rage","Wild Strike"],"picked":"Immolate","floor":7},{"not_picked":["Dual Wield","Thunderclap"],"picked":"Battle Trance","floor":11},{"not_picked":["Flex","Second Wind","Wild Strike"],"picked":"SKIP","floor":12},{"not_picked":["Brutality","Immolate"],"picked":"Barricade","floor":16},{"not_picked":["Sword Boomerang","Intimidate"],"picked":"Body Slam+1","floor":18},{"not_picked":["Feel No Pain","Pommel Strike"],"picked":"Shockwave+1","floor":19},{"not_picked":["Reckless Charge","Heavy Blade","Rage+1"],"picked":"SKIP","floor":20},{"not_picked":["Perfected Strike","Sever Soul","Body Slam"],"picked":"SKIP","floor":21},{"not_picked":["True Grit+1","Intimidate"],"picked":"Disarm","floor":24}],"player_experience":287461,"relics_obtained":[{"floor":7,"key":"Bottled Flame"},{"floor":9,"key":"Smiling Mask"}],"event_choices":[{"damage_healed":0,"gold_gain":0,"cards_transformed":["Strike_R"],"player_choice":"Change","damage_taken":0,"max_hp_gain":0,"max_hp_loss":0,"event_name":"Living Wall","floor":4,"gold_loss":0,"cards_obtained":["Anger"]},{"cards_removed":["Strike_R"],"damage_healed":0,"gold_gain":0,"player_choice":"Offered Basic","damage_taken":0,"max_hp_gain":0,"max_hp_loss":0,"event_name":"Bonfire Elementals","floor":5,"gold_loss":0}],"is_beta":false,"boss_relics":[{"not_picked":["Fusion Hammer","Runic Pyramid"],"picked":"Snecko Eye"}],"items_purged_floors":[2],"is_endless":false,"potions_floor_spawned":[3,7,12,19,24],"killed_by":"Snake Plant","ascension_level":10}