{"gold_per_floor":[114,59,59,59,79,114,135,135,210,231,252,252,273,297,297,386,386,401,419,419,419,419],"floor_reached":22,"playtime":1116,"items_purged":[],"score":440,"play_id":"5eebae36-9fc9-47f6-99ae-5ffbbca926c1","local_time":"20190603202712","is_ascension_mode":true,"campfire_choices":[{"data":"Noxious Fumes","floor":8,"key":"SMITH"},{"data":"Cloak And Dagger","floor":12,"key":"SMITH"},{"data":"Dagger Spray","floor":15,"key":"SMITH"}],"neow_cost":"NONE","seed_source_timestamp":1841524555865385,"circlet_count":0,"master_deck":["AscendersBane","Defend_G","Defend_G+1","Defend_G+1","Defend_G","Defend_G","Survivor","Neutralize","Dagger Throw","Cloak And Dagger+1","Dagger Spray+1","Noxious Fumes+1","Deflect","Cloak And Dagger","PiercingWail","Dash","Expertise","Quick Slash","Bite","Bite","Bite","Bite","Bite"],"relics":["Ring of the Snake","NeowsBlessing","Golden Idol","War Paint","Meat on the Bone","Philosopher\u0027s Stone"],"potions_floor_usage":[13,16,18,22],"damage_taken":[{"damage":0,"enemies":"Cultist","floor":1,"turns":1},{"damage":0,"enemies":"Small Slimes","floor":5,"turns":1},{"damage":0,"enemies":"Lagavulin","floor":6,"turns":1},{"damage":4,"enemies":"2 Louse","floor":7,"turns":3},{"damage":13,"enemies":"2 Fungi Beasts","floor":10,"turns":4},{"damage":3,"enemies":"Looter","floor":11,"turns":4},{"damage":8,"enemies":"Exordium Thugs","floor":13,"turns":3},{"damage":1,"enemies":"Exordium Wildlife","floor":14,"turns":4},{"damage":35,"enemies":"Slime Boss","floor":16,"turns":11},{"damage":22,"enemies":"3 Byrds","floor":18,"turns":6},{"damage":15,"enemies":"Shell Parasite","floor":19,"turns":9},{"damage":50,"enemies":"Masked Bandits","floor":22,"turns":3}],"seed_played":"-6189267370582855175","potions_obtained":[{"floor":1,"key":"PowerPotion"},{"floor":6,"key":"Explosive Potion"},{"floor":13,"key":"Energy Potion"},{"floor":19,"key":"FearPotion"}],"is_trial":false,"path_per_floor":["M","$","?","?","M","E","M","R","T","M","M","R","M","M","R","B",null,"M","M","?","?","?"],"character_chosen":"THE_SILENT","items_purchased":["Cloak And Dagger"],"campfire_rested":0,"item_purchase_floors":[2],"current_hp_per_floor":[59,59,59,59,59,59,55,55,55,42,39,39,43,42,42,19,54,44,41,41,41,0],"gold":419,"neow_bonus":"THREE_ENEMY_KILL","is_prod":false,"is_daily":false,"chose_seed":false,"campfire_upgraded":3,"win_rate":0,"timestamp":1559608032,"path_taken":["M","$","?","?","M","E","?","R","T","M","M","R","M","M","R","BOSS","M","M","?","?","?"],"build_version":"2019-01-23","purchased_purges":0,"victory":false,"max_hp_per_floor":[66,66,66,66,66,66,66,66,66,66,66,66,66,66,66,66,66,66,66,66,46,46],"card_choices":[{"not_picked":["Accuracy","Outmaneuver"],"picked":"Dagger Throw","floor":1},{"not_picked":["Prepared","Cloak And Dagger"],"picked":"Dagger Spray","floor":5},{"not_picked":["Wraith Form v2","Backflip"],"picked":"Noxious Fumes","floor":6},{"not_picked":["Quick Slash","Dagger Spray"],"picked":"Deflect","floor":7},{"not_picked":["Accuracy","Dagger Throw","Quick Slash"],"picked":"SKIP","floor":10},{"not_picked":["Poisoned Stab","Endless Agony","Deadly Poison"],"picked":"SKIP","floor":11},{"not_picked":["Accuracy","Underhanded Strike"],"picked":"Cloak And Dagger","floor":13},{"not_picked":["Deflect","Dagger Throw"],"picked":"PiercingWail","floor":14},{"not_picked":["Cloak And Dagger","Infinite Blades","Terror"],"picked":"SKIP","floor":18},{"not_picked":["Flying Knee","Skewer"],"picked":"Dash","floor":19}],"player_experience":550696,"relics_obtained":[{"floor":6,"key":"War Paint"},{"floor":9,"key":"Meat on the Bone"}],"event_choices":[{"damage_healed":0,"gold_gain":0,"player_choice":"Take Wound","damage_taken":0,"relics_obtained":["Golden Idol"],"max_hp_gain":0,"max_hp_loss":0,"event_name":"Golden Idol","floor":3,"gold_loss":0,"cards_obtained":["Injury"]},{"cards_removed":["Injury"],"damage_healed":0,"gold_gain":0,"player_choice":"Card Removal","damage_taken":0,"max_hp_gain":0,"max_hp_loss":0,"event_name":"Wheel of Change","floor":4,"gold_loss":0},{"damage_healed":0,"gold_gain":0,"cards_transformed":["Strike_G","Strike_G"],"player_choice":"Became Test Subject","damage_taken":0,"max_hp_gain":0,"max_hp_loss":0,"event_name":"Drug Dealer","floor":20,"gold_loss":0,"cards_obtained":["Expertise","Quick Slash"]},{"damage_healed":0,"gold_gain":0,"player_choice":"Became a vampire","damage_taken":0,"max_hp_gain":0,"max_hp_loss":20,"event_name":"Vampires","floor":21,"gold_loss":0,"cards_obtained":["Bite","Bite","Bite","Bite","Bite"]},{"damage_healed":0,"gold_gain":0,"player_choice":"Fought Bandits","damage_taken":0,"max_hp_gain":0,"max_hp_loss":0,"event_name":"Masked Bandits","floor":22,"gold_loss":0}],"is_beta":false,"boss_relics":[{"not_picked":["WristBlade","Fusion Hammer"],"picked":"Philosopher\u0027s Stone"}],"items_purged_floors":[],"is_endless":false,"potions_floor_spawned":[1,6,11,13,14,19],"killed_by":"Masked Bandits","ascension_level":19}