{"gold_per_floor":[112,132,143,161,179,209,209,309,309,309,338,338,349,365,365,465,465,483,276,276,376,388,388,400,400,400,432,432,462,479,222,222,324,324,334,349,349],"floor_reached":37,"playtime":1891,"items_purged":["Strike_R","Strike_R"],"score":446,"play_id":"fd449a48-ec88-48bf-850a-e7bcb814b69b","local_time":"20190516212101","is_ascension_mode":false,"campfire_choices":[{"data":"Inflame","floor":7.0,"key":"SMITH"},{"data":"Clothesline","floor":10.0,"key":"SMITH"},{"data":"True Grit","floor":12.0,"key":"SMITH"},{"data":"Flame Barrier","floor":15.0,"key":"SMITH"},{"data":"Uppercut","floor":23,"key":"SMITH"},{"floor":25,"key":"REST"},{"floor":28,"key":"REST"},{"data":"1","floor":32,"key":"LIFT"}],"neow_cost":"NONE","seed_source_timestamp":0,"circlet_count":0,"master_deck":["Strike_R","Strike_R","Strike_R","Defend_R","Defend_R","Defend_R","Defend_R","Bash","Inflame+1","Flame Barrier+1","True Grit+1","Clothesline+1","Havoc+1","Demon Form","Shrug It Off+1","Uppercut+1","Seeing Red+1","Intimidate+1","Disarm+1","Havoc+1","Shrug It Off+1"],"special_seed":0,"relics":["Burning Blood","Ancient Tea Set","Toxic Egg 2","Paper Frog","Pear","Runic Pyramid","Girya","Kunai","Blood Vial","Darkstone Periapt","Smiling Mask","Juzu Bracelet","Sozu"],"potions_floor_usage":[21,24,24,24,24,29,29,37,37],"damage_taken":[{"damage":12.0,"enemies":"Small Slimes","floor":1.0,"turns":5.0},{"damage":1.0,"enemies":"Cultist","floor":2.0,"turns":3.0},{"damage":1.0,"enemies":"2 Louse","floor":3.0,"turns":3.0},{"damage":0.0,"enemies":"Looter","floor":4.0,"turns":4.0},{"damage":3.0,"enemies":"Large Slime","floor":5.0,"turns":6.0},{"damage":34.0,"enemies":"Gremlin Nob","floor":6.0,"turns":6.0},{"damage":32.0,"enemies":"Lagavulin","floor":11.0,"turns":8.0},{"damage":9.0,"enemies":"3 Louse","floor":13.0,"turns":4.0},{"damage":1.0,"enemies":"Lots of Slimes","floor":14.0,"turns":6.0},{"damage":27.0,"enemies":"Slime Boss","floor":16.0,"turns":10.0},{"damage":15.0,"enemies":"Spheric Guardian","floor":18.0,"turns":7.0},{"damage":22,"enemies":"Colosseum Slavers","floor":21,"turns":4},{"damage":38,"enemies":"Colosseum Nobs","floor":21,"turns":5},{"damage":0,"enemies":"Chosen","floor":22,"turns":5},{"damage":8,"enemies":"Shelled Parasite and Fungi","floor":24,"turns":6},{"damage":34,"enemies":"Book of Stabbing","floor":27,"turns":7},{"damage":20,"enemies":"Slavers","floor":29,"turns":7},{"damage":1,"enemies":"Snecko","floor":30,"turns":6},{"damage":35,"enemies":"Champ","floor":33,"turns":9},{"damage":20,"enemies":"3 Darklings","floor":35,"turns":5},{"damage":12,"enemies":"3 Shapes","floor":36,"turns":6},{"damage":92,"enemies":"2 Orb Walkers","floor":37,"turns":7}],"seed_played":"8645574810683168729","potions_obtained":[{"floor":1.0,"key":"Block Potion"},{"floor":3.0,"key":"GamblersBrew"},{"floor":4.0,"key":"Dexterity Potion"},{"floor":6.0,"key":"Poison Potion"},{"floor":14.0,"key":"Dexterity Potion"},{"floor":18.0,"key":"PowerPotion"},{"floor":21,"key":"Swift Potion"},{"floor":22,"key":"EntropicBrew"},{"floor":30,"key":"Energy Potion"},{"floor":33,"key":"BloodPotion"}],"is_trial":false,"path_per_floor":["M","M","M","M","M","E","R","?","T","R","E","R","M","M","R","B",null,"M","$","?","?","M","R","M","R","T","E","R","E","M","$","R","B",null,"M","M","?"],"character_chosen":"IRONCLAD","items_purchased":["Shrug It Off+1","Uppercut","Juzu Bracelet","Havoc+1"],"campfire_rested":2,"item_purchase_floors":[19,19,31,31],"current_hp_per_floor":[74,79,80,80,80,52,52,52,52,52,36,36,33,38,38,17,90,81,81,63,15,21,21,19,47,47,21,49,37,44,44,44,17,95,81,77,0],"gold":349,"neow_bonus":"RANDOM_COMMON_RELIC","is_prod":false,"is_daily":false,"chose_seed":false,"campfire_upgraded":5,"win_rate":0,"timestamp":1558056061,"path_taken":["M","M","M","M","M","E","R","?","T","R","E","R","?","M","R","BOSS","M","$","?","?","M","R","M","R","T","E","R","E","M","$","R","BOSS","M","M","?"],"build_version":"2019-01-23","purchased_purges":2,"victory":false,"max_hp_per_floor":[80,80,80,80,80,80,80,80,80,80,90,90,90,90,90,90,90,90,90,95,95,95,95,95,95,95,95,95,95,95,95,95,95,95,95,95,95],"card_choices":[{"not_picked":["Bloodletting","Sever Soul"],"picked":"Inflame","floor":1.0},{"not_picked":["Perfected Strike","Bloodletting"],"picked":"Flame Barrier","floor":2.0},{"not_picked":["Blood for Blood","Pummel"],"picked":"True Grit","floor":3.0},{"not_picked":["Anger","Sword Boomerang","Cleave"],"picked":"SKIP","floor":4.0},{"not_picked":["Body Slam","Thunderclap"],"picked":"Clothesline","floor":5.0},{"not_picked":["Combust","Double Tap","Clash"],"picked":"SKIP","floor":6.0},{"not_picked":["True Grit+1","Fire Breathing","Blood for Blood"],"picked":"SKIP","floor":11.0},{"not_picked":["Flame Barrier+1","Twin Strike"],"picked":"Havoc+1","floor":13.0},{"not_picked":["Twin Strike","Warcry+1","Sentinel+1"],"picked":"SKIP","floor":14.0},{"not_picked":["Double Tap+1","Brutality"],"picked":"Demon Form","floor":16.0},{"not_picked":["Bloodletting+1","Spot Weakness+1","Iron Wave"],"picked":"SKIP","floor":18.0},{"not_picked":["Clothesline","Sever Soul","Dropkick"],"picked":"SKIP","floor":22},{"not_picked":["Flame Barrier+1","Havoc+1"],"picked":"Seeing Red+1","floor":24},{"not_picked":["Thunderclap","Dark Embrace"],"picked":"Intimidate+1","floor":27},{"not_picked":["Intimidate+1","Anger+1","Armaments+1"],"picked":"SKIP","floor":29},{"not_picked":["Ghostly Armor+1","Feel No Pain+1"],"picked":"Disarm+1","floor":30},{"not_picked":["Ghostly Armor+1","Twin Strike"],"picked":"Shrug It Off+1","floor":35},{"not_picked":["Pommel Strike+1","Flex+1","Perfected Strike"],"picked":"SKIP","floor":36}],"player_experience":451179,"relics_obtained":[{"floor":6.0,"key":"Toxic Egg 2"},{"floor":9.0,"key":"Paper Frog"},{"floor":11.0,"key":"Pear"},{"floor":21,"key":"Girya"},{"floor":21,"key":"Kunai"},{"floor":26,"key":"Blood Vial"},{"floor":27,"key":"Darkstone Periapt"},{"floor":29,"key":"Smiling Mask"}],"event_choices":[{"damage_healed":0.0,"max_hp_gain":0.0,"max_hp_loss":0.0,"gold_gain":100.0,"event_name":"Golden Shrine","player_choice":"Pray","floor":8.0,"gold_loss":0.0,"damage_taken":0.0},{"damage_healed":0.0,"max_hp_gain":5.0,"max_hp_loss":0.0,"gold_gain":0.0,"event_name":"Forgotten Altar","player_choice":"Shed Blood","floor":20.0,"gold_loss":0.0,"damage_taken":23.0},{"damage_healed":0,"gold_gain":0,"player_choice":"Fight","damage_taken":0,"max_hp_gain":0,"max_hp_loss":0,"event_name":"Colosseum","floor":21,"gold_loss":0},{"damage_healed":0,"gold_gain":0,"player_choice":"Fought Nobs","damage_taken":0,"max_hp_gain":0,"max_hp_loss":0,"event_name":"Colosseum","floor":21,"gold_loss":0},{"damage_healed":0,"gold_gain":0,"player_choice":"Fight","damage_taken":0,"max_hp_gain":0,"max_hp_loss":0,"event_name":"Mysterious Sphere","floor":37,"gold_loss":0}],"is_beta":false,"boss_relics":[{"not_picked":["White Beast Statue","Runic Cube"],"picked":"Runic Pyramid"},{"not_picked":["Philosopher\u0027s Stone","Fusion Hammer"],"picked":"Sozu"}],"items_purged_floors":[19,31],"is_endless":false,"potions_floor_spawned":[1,3,4,6,14,18,21,22,30,33,35],"killed_by":"2 Orb Walkers","ascension_level":0}