{"gold_per_floor":[114,131,145,70,70,96,96,116,141,141,154,165,94,106,106,208,208,227,245,258,258,258,292,309,319,319,27,27,54,67,67,67,165,165,184,198,215,215],"floor_reached":38,"playtime":2714,"items_purged":["Strike_G"],"score":422,"play_id":"8cf7cb9e-028d-4318-99e9-bc8c7cb95f00","local_time":"20181020000948","is_ascension_mode":false,"campfire_choices":[{"data":"Blur","floor":7,"key":"SMITH"},{"data":"Dodge and Roll","floor":10,"key":"SMITH"},{"floor":15,"key":"REST"},{"floor":28,"key":"REST"},{"data":"After Image","floor":32,"key":"SMITH"}],"neow_cost":"NONE","seed_source_timestamp":298861747946598,"circlet_count":0,"master_deck":["Survivor","Neutralize","Blur+1","Poisoned Stab","Bane","Dodge and Roll+1","Deadly Poison","Bouncing Flask","Bane","Crippling Poison","Deflect","After Image+1","Quick Slash","Underhanded Strike+1","Quick Slash","Blur+1","Noxious Fumes","Adrenaline","Deadly Poison","Backflip","Well Laid Plans+1","Night Terror","Dagger Spray","Leg Sweep","Backstab","Dagger Spray","Deadly Poison","Heel Hook","Riddle With Holes","Deflect","Well Laid Plans","Endless Agony","Choke","Bane+1"],"relics":["Ring of the Snake","NeowsBlessing","PreservedInsect","Omamori","HoveringKite","WarpedTongs","Smiling Mask","Shuriken","Question Card","Snake Skull","Pandora\u0027s Box"],"potions_floor_usage":[6,6,16,24,33,33,33],"damage_taken":[{"damage":0,"enemies":"2 Louse","floor":1,"turns":1},{"damage":0,"enemies":"Small Slimes","floor":2,"turns":1},{"damage":0,"enemies":"Jaw Worm","floor":3,"turns":1},{"damage":26,"enemies":"Gremlin Nob","floor":6,"turns":5},{"damage":9,"enemies":"Lots of Slimes","floor":8,"turns":5},{"damage":0,"enemies":"2 Fungi Beasts","floor":11,"turns":3},{"damage":1,"enemies":"Red Slaver","floor":12,"turns":4},{"damage":0,"enemies":"Looter","floor":14,"turns":3},{"damage":23,"enemies":"Hexaghost","floor":16,"turns":8},{"damage":0,"enemies":"3 Byrds","floor":18,"turns":6},{"damage":0,"enemies":"Shell Parasite","floor":19,"turns":5},{"damage":20,"enemies":"Snake Plant","floor":20,"turns":5},{"damage":6,"enemies":"Gremlin Leader","floor":23,"turns":5},{"damage":0,"enemies":"3 Cultists","floor":24,"turns":4},{"damage":14,"enemies":"Shelled Parasite and Fungi","floor":25,"turns":5},{"damage":13,"enemies":"Book of Stabbing","floor":29,"turns":5},{"damage":0,"enemies":"Snecko","floor":30,"turns":4},{"damage":28,"enemies":"Champ","floor":33,"turns":10},{"damage":11,"enemies":"Orb Walker","floor":35,"turns":3},{"damage":24,"enemies":"3 Darklings","floor":36,"turns":4},{"damage":35,"enemies":"4 Shapes","floor":37,"turns":7},{"damage":8,"enemies":"Transient","floor":38,"turns":2}],"seed_played":"8956576109436663960","potions_obtained":[{"floor":1,"key":"SkillPotion"},{"floor":3,"key":"Block Potion"},{"floor":11,"key":"SpeedPotion"},{"floor":14,"key":"Strength Potion"},{"floor":23,"key":"PowerPotion"},{"floor":25,"key":"PowerPotion"},{"floor":30,"key":"Swift Potion"},{"floor":33,"key":"Ancient Potion"}],"is_trial":false,"path_per_floor":["M","M","M","$","?","E","R","M","T","R","M","M","$","M","R","B",null,"M","M","M","?","?","E","M","M","T","$","R","E","M","?","R","B",null,"M","M","M"],"character_chosen":"THE_SILENT","items_purchased":["Crippling Poison","Question Card","Deadly Poison"],"campfire_rested":2,"item_purchase_floors":[13,27,27],"current_hp_per_floor":[70,70,70,70,75,49,49,40,40,40,40,39,39,39,61,38,75,75,75,55,55,55,49,49,35,35,35,57,44,44,44,44,16,75,64,40,5,0],"gold":215,"neow_bonus":"THREE_ENEMY_KILL","is_prod":false,"is_daily":false,"chose_seed":false,"campfire_upgraded":3,"win_rate":0,"timestamp":1539983388,"path_taken":["M","M","M","$","?","E","R","M","T","R","M","M","$","M","R","BOSS","M","?","M","?","?","E","M","?","T","$","R","E","M","?","R","BOSS","M","M","?","M"],"build_version":"2018-10-18","purchased_purges":1,"victory":false,"max_hp_per_floor":[70,70,70,70,75,75,75,75,75,75,75,75,75,75,75,75,75,75,75,75,75,75,75,75,75,75,75,75,75,75,75,75,75,75,75,75,75,75],"card_choices":[{"not_picked":["Prepared","Dash"],"picked":"Blur","floor":1},{"not_picked":["Setup","Endless Agony"],"picked":"Poisoned Stab","floor":2},{"not_picked":["Dagger Spray","Deflect"],"picked":"Bane","floor":3},{"not_picked":["Cloak And Dagger","Blade Dance"],"picked":"Dodge and Roll","floor":6},{"not_picked":["Sucker Punch","Dodge and Roll"],"picked":"Deadly Poison","floor":8},{"not_picked":["Well Laid Plans","Underhanded Strike"],"picked":"Bouncing Flask","floor":11},{"not_picked":["Acrobatics","Dagger Spray"],"picked":"Bane","floor":12},{"not_picked":["Underhanded Strike","Prepared"],"picked":"Deflect","floor":14},{"not_picked":["Phantasmal Killer","Corpse Explosion"],"picked":"After Image","floor":16},{"not_picked":["Blade Dance","Predator+1"],"picked":"Quick Slash","floor":18},{"not_picked":["Concentrate","Reflex+1"],"picked":"Underhanded Strike+1","floor":19},{"not_picked":["Caltrops","Sucker Punch"],"picked":"Quick Slash","floor":20},{"not_picked":["Prepared","Skewer"],"picked":"Blur+1","floor":23},{"not_picked":["PiercingWail+1","Leg Sweep"],"picked":"Noxious Fumes","floor":24},{"not_picked":["Deadly Poison","Dagger Spray+1"],"picked":"Adrenaline","floor":25},{"not_picked":["Grand Finale","Endless Agony","Expertise"],"picked":"Backflip","floor":29},{"not_picked":["Slice","Calculated Gamble","Prepared"],"picked":"Well Laid Plans+1","floor":30},{"not_picked":["Tools of the Trade","A Thousand Cuts","Adrenaline"],"picked":"Night Terror","floor":33},{"not_picked":["Cloak And Dagger","Deflect","Quick Slash+1"],"picked":"Endless Agony","floor":35},{"not_picked":["Outmaneuver+1","Infinite Blades","Expertise"],"picked":"Choke","floor":36},{"not_picked":["Heel Hook+1","Calculated Gamble+1","Crippling Poison"],"picked":"Bane+1","floor":37}],"player_experience":170874,"relics_obtained":[{"floor":6,"key":"PreservedInsect"},{"floor":9,"key":"Omamori"},{"floor":23,"key":"Smiling Mask"},{"floor":26,"key":"Shuriken"},{"floor":29,"key":"Snake Skull"}],"event_choices":[{"damage_healed":0,"gold_gain":0,"player_choice":"Donut","damage_taken":0,"max_hp_gain":5,"max_hp_loss":0,"event_name":"Big Fish","floor":5,"gold_loss":0},{"damage_healed":0,"gold_gain":0,"player_choice":"Rummage","damage_taken":0,"relics_obtained":["WarpedTongs"],"max_hp_gain":0,"max_hp_loss":0,"event_name":"Accursed Blacksmith","floor":21,"gold_loss":0,"cards_obtained":["Pain"]},{"damage_healed":0,"gold_gain":0,"player_choice":"Simplicity","damage_taken":0,"max_hp_gain":0,"max_hp_loss":0,"event_name":"Back to Basics","floor":22,"gold_loss":0,"cards_upgraded":["Defend_G","Defend_G","Defend_G","Defend_G","Defend_G","Strike_G","Strike_G","Strike_G","Strike_G"]},{"damage_healed":0,"gold_gain":0,"player_choice":"Ignored","damage_taken":0,"max_hp_gain":0,"max_hp_loss":0,"event_name":"Ghosts","floor":31,"gold_loss":0}],"is_beta":false,"boss_relics":[{"not_picked":["Runic Dome","Runic Pyramid"],"picked":"HoveringKite"},{"not_picked":["Lizard Tail","Empty Cage"],"picked":"Pandora\u0027s Box"}],"items_purged_floors":[4],"is_endless":false,"potions_floor_spawned":[1,3,11,14,23,25,30,33],"killed_by":"Transient","ascension_level":0}