{"gold_per_floor":[109,122,8,27,37,72,72,72,72,72,89,104,104,104,104,207,207,220,236,248,3,3],"floor_reached":22,"playtime":1201,"items_purged":["Strike_B","Strike_B"],"score":207,"play_id":"b0acf63b-0a6d-4972-9e37-ea4c2ad4a150","local_time":"20181126035040","is_ascension_mode":true,"campfire_choices":[{"floor":8.0,"key":"REST"},{"floor":10.0,"key":"REST"},{"data":"Zap","floor":15.0,"key":"SMITH"}],"neow_cost":"NONE","seed_source_timestamp":167835370339259,"circlet_count":0,"master_deck":["Strike_B","Strike_B+1","Defend_B","Defend_B","Defend_B","Defend_B","Zap+1","Dualcast+1","FTL","Sweeping Beam","White Noise","Gash","Gash","Reinforced Body","All For One","Defragment","Conserve Battery","Glacier","Skim","Stack"],"special_seed":0,"relics":["Cracked Core","Omamori","The Courier","Juzu Bracelet","Orrery","HandDrill"],"potions_floor_usage":[],"damage_taken":[{"damage":2.0,"enemies":"2 Louse","floor":1.0,"turns":3.0},{"damage":0.0,"enemies":"Small Slimes","floor":2.0,"turns":2.0},{"damage":0.0,"enemies":"Cultist","floor":4.0,"turns":3.0},{"damage":19.0,"enemies":"3 Louse","floor":5.0,"turns":3.0},{"damage":24.0,"enemies":"Gremlin Nob","floor":6.0,"turns":4.0},{"damage":0.0,"enemies":"Large Slime","floor":11.0,"turns":3.0},{"damage":13.0,"enemies":"Exordium Thugs","floor":12.0,"turns":3.0},{"damage":27.0,"enemies":"Hexaghost","floor":16.0,"turns":8.0},{"damage":8,"enemies":"Shell Parasite","floor":18,"turns":8},{"damage":0,"enemies":"3 Byrds","floor":19,"turns":3},{"damage":39,"enemies":"Centurion and Healer","floor":20,"turns":10},{"damage":0,"enemies":"Snake Plant","floor":22,"turns":2}],"seed_played":"-3894130840184025080","potions_obtained":[{"floor":2.0,"key":"PowerPotion"},{"floor":4.0,"key":"Weak Potion"},{"floor":12.0,"key":"Strength Potion"},{"floor":19,"key":"Strength Potion"}],"is_trial":false,"path_per_floor":["M","M","$","M","M","E","?","R","T","R","M","M","?","?","R","B",null,"M","M","M","$","M"],"character_chosen":"DEFECT","items_purchased":["White Noise","HandDrill"],"campfire_rested":2,"item_purchase_floors":[3,21],"current_hp_per_floor":[80,80,80,80,61,37,25,49,49,73,73,60,44,82,82,55,82,74,74,35,35,35],"gold":3,"neow_bonus":"TEN_PERCENT_HP_BONUS","is_prod":false,"is_daily":false,"chose_seed":false,"campfire_upgraded":1,"win_rate":0,"timestamp":1543193440,"path_taken":["M","M","$","M","M","E","?","R","T","R","M","M","?","?","R","BOSS","M","M","M","$","M"],"build_version":"2018-11-15","purchased_purges":2,"victory":false,"max_hp_per_floor":[82,82,82,82,82,82,82,82,82,82,82,82,82,82,82,82,82,82,82,82,82,82],"card_choices":[{"not_picked":["Streamline","Skim"],"picked":"FTL","floor":1.0},{"not_picked":["Skim","Coolheaded"],"picked":"Sweeping Beam","floor":2.0},{"not_picked":["Stack","Auto Shields"],"picked":"Gash","floor":4.0},{"not_picked":["Lockon","Steam"],"picked":"Gash","floor":5.0},{"not_picked":["Recycle","Consume"],"picked":"Reinforced Body","floor":6.0},{"not_picked":["Consume","Turbo","Cold Snap"],"picked":"SKIP","floor":11.0},{"not_picked":["Beam Cell","Skim","Doom and Gloom"],"picked":"SKIP","floor":12.0},{"not_picked":["Machine Learning","Creative AI"],"picked":"All For One","floor":16.0},{"not_picked":["Capacitor","Compile Driver"],"picked":"Defragment","floor":17.0},{"not_picked":["Recycle","Ball Lightning"],"picked":"Conserve Battery","floor":17.0},{"not_picked":["Recycle","Hologram"],"picked":"Glacier","floor":17.0},{"not_picked":["Melter","Cold Snap"],"picked":"Skim","floor":17.0},{"not_picked":["Rebound","Barrage","Streamline"],"picked":"SKIP","floor":18},{"not_picked":["Sweeping Beam","Hello World+1"],"picked":"Stack","floor":19},{"not_picked":["Undo","Cold Snap","Streamline"],"picked":"SKIP","floor":20}],"player_experience":395924,"relics_obtained":[{"floor":6.0,"key":"Omamori"},{"floor":9.0,"key":"Juzu Bracelet"}],"event_choices":[{"damage_healed":0.0,"max_hp_gain":0.0,"max_hp_loss":0.0,"gold_gain":0.0,"event_name":"Scrap Ooze","player_choice":"Success","floor":7.0,"gold_loss":0.0,"damage_taken":12.0,"relics_obtained":["The Courier"]},{"damage_healed":0.0,"max_hp_gain":0.0,"max_hp_loss":0.0,"gold_gain":0.0,"event_name":"Shining Light","player_choice":"Entered Light","floor":13.0,"gold_loss":0.0,"damage_taken":16.0,"cards_upgraded":["Dualcast","Strike_B"]},{"damage_healed":38.0,"max_hp_gain":0.0,"max_hp_loss":0.0,"gold_gain":0.0,"event_name":"Wheel of Change","player_choice":"Full Heal","floor":14.0,"gold_loss":0.0,"damage_taken":0.0}],"is_beta":false,"boss_relics":[{"not_picked":["Philosopher\u0027s Stone","White Beast Statue"],"picked":"Orrery"}],"items_purged_floors":[3,21],"is_endless":false,"potions_floor_spawned":[2,4,12,19],"killed_by":"Snake Plant","ascension_level":2}