{"gold_per_floor":[109,129,54,54,71,105,105,132,132,159,234,269,279,289,289,389,389,403,318,318,336,353,383,399,399,425,456,498,114,139,151,151,250,250,263,263,274,274,284,319,319,332,406,406,506,13,48,67,67,67],"floor_reached":51,"playtime":2885,"items_purged":["Defend_R","Warcry"],"score":1243,"play_id":"79cb49a9-0994-47fa-bd07-48cc73fef125","local_time":"20181028141046","is_ascension_mode":true,"campfire_choices":[{"data":"Perfected Strike","floor":7,"key":"SMITH"},{"data":"Armaments","floor":15,"key":"SMITH"},{"data":"Pommel Strike","floor":25,"key":"SMITH"},{"data":"Perfected Strike","floor":32,"key":"SMITH"},{"data":"Perfected Strike","floor":41,"key":"SMITH"},{"data":"Pommel Strike","floor":49,"key":"SMITH"}],"neow_cost":"NONE","seed_source_timestamp":338711848865743,"circlet_count":0,"master_deck":["Strike_R","Strike_R","Strike_R","Strike_R","Strike_R","Defend_R","Bash","Battle Trance","Armaments+1","Cleave","Perfected Strike+1","Pommel Strike+1","Armaments+1","Pommel Strike+1","Bloodletting+1","Offering+1","Seeing Red+1","Burning Pact+1","Perfected Strike+1","Seeing Red+1","Pommel Strike","Perfected Strike+1","Offering+1","Wild Strike","Madness+1","Warcry+1","Offering+1","Burning Pact+1","Thunderclap+1","Perfected Strike+1","Wild Strike+1","Swift Strike","Secret Technique+1","Pommel Strike+1","Headbutt+1","Clash+1","Madness+1","Madness+1","Pommel Strike","Clash","Impatience+1","Spot Weakness+1","Apotheosis+1","Inflame+1"],"relics":["Burning Blood","Ice Cream","Kunai","Pen Nib","Ornamental Fan","Toxic Egg 2","Meat on the Bone","Philosopher\u0027s Stone","Darkstone Periapt","Self Forming Clay","Happy Flower","MawBank","Gremlin Horn","The Courier","Orrery","Sundial","Letter Opener","Thread and Needle","Pantograph","Bottled Lightning"],"potions_floor_usage":[6,6,13,16,16,18,21,23,23,50,50,50],"damage_taken":[{"damage":14,"enemies":"Jaw Worm","floor":1,"turns":3},{"damage":1,"enemies":"Cultist","floor":2,"turns":3},{"damage":7,"enemies":"Small Slimes","floor":5,"turns":3},{"damage":35,"enemies":"Lagavulin","floor":6,"turns":5},{"damage":15,"enemies":"3 Sentries","floor":8,"turns":6},{"damage":5,"enemies":"Lagavulin","floor":10,"turns":5},{"damage":0,"enemies":"Gremlin Nob","floor":12,"turns":2},{"damage":1,"enemies":"Looter","floor":13,"turns":2},{"damage":3,"enemies":"Blue Slaver","floor":14,"turns":3},{"damage":28,"enemies":"The Guardian","floor":16,"turns":8},{"damage":30,"enemies":"2 Thieves","floor":18,"turns":2},{"damage":17,"enemies":"Chosen","floor":21,"turns":2},{"damage":6,"enemies":"3 Cultists","floor":22,"turns":3},{"damage":12,"enemies":"Book of Stabbing","floor":23,"turns":2},{"damage":9,"enemies":"Snecko","floor":24,"turns":2},{"damage":10,"enemies":"Chosen and Byrds","floor":27,"turns":3},{"damage":13,"enemies":"Gremlin Leader","floor":28,"turns":3},{"damage":6,"enemies":"Book of Stabbing","floor":30,"turns":1},{"damage":6,"enemies":"Sentry and Sphere","floor":31,"turns":2},{"damage":30,"enemies":"Collector","floor":33,"turns":3},{"damage":9,"enemies":"3 Darklings","floor":35,"turns":1},{"damage":6,"enemies":"Orb Walker","floor":37,"turns":1},{"damage":6,"enemies":"Jaw Worm Horde","floor":39,"turns":1},{"damage":6,"enemies":"Reptomancer","floor":40,"turns":1},{"damage":6,"enemies":"3 Darklings","floor":42,"turns":2},{"damage":6,"enemies":"Mind Bloom Boss Battle","floor":45,"turns":2},{"damage":12,"enemies":"Nemesis","floor":47,"turns":1},{"damage":4,"enemies":"4 Shapes","floor":48,"turns":1},{"damage":15,"enemies":"Time Eater","floor":50,"turns":2}],"seed_played":"8157619010470316669","potions_obtained":[{"floor":2,"key":"Energy Potion"},{"floor":5,"key":"Regen Potion"},{"floor":8,"key":"SpeedPotion"},{"floor":10,"key":"FearPotion"},{"floor":13,"key":"Block Potion"},{"floor":16,"key":"EntropicBrew"},{"floor":18,"key":"Strength Potion"},{"floor":28,"key":"Dexterity Potion"},{"floor":31,"key":"Dexterity Potion"},{"floor":33,"key":"Swift Potion"},{"floor":35,"key":"Ancient Potion"},{"floor":39,"key":"Energy Potion"},{"floor":42,"key":"SteroidPotion"},{"floor":47,"key":"Energy Potion"}],"is_trial":false,"path_per_floor":["M","M","$","?","M","E","R","E","T","E","?","E","M","M","R","B",null,"M","?","T","M","M","E","M","R","T","M","E","$","E","M","R","B",null,"M","?","M","?","M","E","R","M","T","?","?","$","E","M","R","B"],"character_chosen":"IRONCLAD","items_purchased":["Offering+1","Wild Strike","Madness+1","Pantograph","Clash","Impatience+1","Spot Weakness+1","Apotheosis+1"],"campfire_rested":0,"item_purchase_floors":[29,29,29,46,46,46,46,46],"current_hp_per_floor":[72,77,77,77,76,58,58,49,49,50,39,45,50,53,53,43,80,56,56,56,53,53,47,56,56,56,52,57,57,57,57,57,45,80,77,77,77,67,67,67,67,67,67,57,57,57,51,53,53,69],"gold":67,"neow_bonus":"TRANSFORM_CARD","is_prod":false,"is_daily":false,"chose_seed":false,"campfire_upgraded":6,"win_rate":0,"timestamp":1540757446,"path_taken":["M","M","$","?","M","E","R","E","T","E","?","E","M","M","R","BOSS","M","?","?","M","M","E","M","R","T","?","E","$","E","M","R","BOSS","M","?","?","?","M","E","R","M","T","?","?","$","E","M","R","BOSS"],"build_version":"2018-10-25v2","purchased_purges":2,"victory":true,"max_hp_per_floor":[80,80,80,80,80,80,80,80,80,80,80,80,80,80,80,80,80,80,80,80,80,80,80,80,80,80,80,80,80,80,80,80,80,80,80,80,80,80,80,80,80,80,80,80,80,80,80,80,80,80],"card_choices":[{"not_picked":["Shrug It Off","Havoc"],"picked":"Armaments","floor":1},{"not_picked":["Sword Boomerang","Second Wind","Clothesline"],"picked":"SKIP","floor":2},{"not_picked":["Shrug It Off","Thunderclap"],"picked":"Cleave","floor":5},{"not_picked":["Bludgeon","Anger"],"picked":"Perfected Strike","floor":6},{"not_picked":["Dropkick","Metallicize"],"picked":"Warcry","floor":8},{"not_picked":["Intimidate","Shrug It Off"],"picked":"Pommel Strike","floor":10},{"not_picked":["Uppercut","Hemokinesis"],"picked":"Armaments+1","floor":12},{"not_picked":["Rupture","Armaments+1"],"picked":"Pommel Strike","floor":13},{"not_picked":["Body Slam","Brutality"],"picked":"Bloodletting+1","floor":14},{"not_picked":["Fiend Fire","Limit Break+1"],"picked":"Offering+1","floor":16},{"not_picked":["Cleave","Havoc+1","Uppercut"],"picked":"SKIP","floor":18},{"not_picked":["Second Wind+1","Thunderclap+1"],"picked":"Seeing Red+1","floor":21},{"not_picked":["Evolve","Sword Boomerang"],"picked":"Burning Pact+1","floor":22},{"not_picked":["True Grit+1","Ghostly Armor+1"],"picked":"Perfected Strike+1","floor":23},{"not_picked":["Havoc+1","Carnage"],"picked":"Seeing Red+1","floor":24},{"not_picked":["Entrench+1","Thunderclap"],"picked":"Pommel Strike","floor":27},{"not_picked":["Impervious+1","Second Wind+1"],"picked":"Perfected Strike","floor":28},{"not_picked":["Second Wind+1","Hemokinesis"],"picked":"Warcry+1","floor":30},{"not_picked":["Corruption","Armaments+1","Dropkick"],"picked":"SKIP","floor":31},{"not_picked":["Brutality","Barricade"],"picked":"Offering+1","floor":33},{"not_picked":["Iron Wave+1","Warcry+1"],"picked":"Burning Pact+1","floor":34},{"not_picked":["Combust","Reckless Charge"],"picked":"Thunderclap+1","floor":34},{"not_picked":["Anger+1","Clash+1"],"picked":"Perfected Strike","floor":34},{"not_picked":["Armaments+1","Shrug It Off+1"],"picked":"Wild Strike+1","floor":34},{"not_picked":["Shrug It Off+1","Metallicize","Power Through+1"],"picked":"SKIP","floor":35},{"not_picked":["Sword Boomerang","Dropkick+1","Intimidate+1"],"picked":"SKIP","floor":37},{"not_picked":["Dark Shackles+1","Secret Technique+1"],"picked":"Swift Strike","floor":38},{"not_picked":["Jack Of All Trades+1","Forethought+1"],"picked":"Secret Technique+1","floor":38},{"not_picked":["Fire Breathing+1","Flame Barrier+1"],"picked":"Pommel Strike+1","floor":39},{"not_picked":["Armaments+1","Thunderclap+1"],"picked":"Headbutt+1","floor":40},{"not_picked":["Armaments+1","Bloodletting+1"],"picked":"Clash+1","floor":42},{"not_picked":["True Grit+1","Disarm+1"],"picked":"Pommel Strike","floor":45},{"not_picked":["Carnage+1","True Grit+1","Anger+1"],"picked":"SKIP","floor":47},{"not_picked":["Evolve+1","Warcry+1"],"picked":"Inflame+1","floor":48}],"player_experience":206068,"relics_obtained":[{"floor":4,"key":"Ice Cream"},{"floor":6,"key":"Kunai"},{"floor":8,"key":"Pen Nib"},{"floor":9,"key":"Ornamental Fan"},{"floor":10,"key":"Toxic Egg 2"},{"floor":12,"key":"Meat on the Bone"},{"floor":20,"key":"Self Forming Clay"},{"floor":23,"key":"Happy Flower"},{"floor":26,"key":"MawBank"},{"floor":28,"key":"Gremlin Horn"},{"floor":30,"key":"The Courier"},{"floor":40,"key":"Sundial"},{"floor":43,"key":"Letter Opener"},{"floor":45,"key":"Thread and Needle"},{"floor":47,"key":"Bottled Lightning"}],"event_choices":[{"damage_healed":0,"gold_gain":0,"player_choice":"Relic","damage_taken":0,"max_hp_gain":0,"max_hp_loss":0,"event_name":"Wheel of Change","floor":4,"gold_loss":0},{"damage_healed":0,"gold_gain":75,"player_choice":"Gather Gold","damage_taken":11,"max_hp_gain":0,"max_hp_loss":0,"event_name":"World of Goop","floor":11,"gold_loss":0},{"damage_healed":0,"gold_gain":0,"player_choice":"Obtained Relic","damage_taken":0,"relics_obtained":["Darkstone Periapt"],"max_hp_gain":0,"max_hp_loss":0,"event_name":"Addict","floor":19,"gold_loss":85},{"cards_removed":["Defend_R"],"damage_healed":0,"gold_gain":0,"player_choice":"Card Removal","damage_taken":0,"max_hp_gain":0,"max_hp_loss":0,"event_name":"Wheel of Change","floor":36,"gold_loss":0},{"damage_healed":0,"gold_gain":0,"player_choice":"Memory 3","damage_taken":10,"max_hp_gain":0,"max_hp_loss":0,"event_name":"SensoryStone","floor":38,"gold_loss":0},{"damage_healed":0,"gold_gain":0,"player_choice":"Embrace Madness","damage_taken":10,"max_hp_gain":0,"max_hp_loss":0,"event_name":"Winding Halls","floor":44,"gold_loss":0,"cards_obtained":["Madness","Madness"]},{"damage_healed":0,"gold_gain":0,"player_choice":"Fight","damage_taken":0,"max_hp_gain":0,"max_hp_loss":0,"event_name":"MindBloom","floor":45,"gold_loss":0}],"is_beta":false,"boss_relics":[{"not_picked":["Eternal Feather","Sozu"],"picked":"Philosopher\u0027s Stone"},{"not_picked":["Snecko Eye","White Beast Statue"],"picked":"Orrery"}],"items_purged_floors":[3,29],"is_endless":false,"potions_floor_spawned":[2,5,8,10,13,16,18,28,31,33,35,39,40,42,47],"ascension_level":3}