{"gold_per_floor":[121,149,209,234,260,272,301,338,375,387,425,448,460,506,518,628,640,669,681,166,166,166,179,179,199,199,211,211,221,250,263,263,359,359,372,42,54,54,77,77,104,104,177,208,227,242,242,252,252,252,252,252,26,56,56],"floor_reached":56,"playtime":6853,"items_purged":["Writhe","Strike_B","Defend_B"],"score":1843,"play_id":"197525f5-6325-4433-8d34-4ceff7969ba4","local_time":"20190522212403","is_ascension_mode":true,"campfire_choices":[{"data":"Zap","floor":6,"key":"SMITH"},{"floor":13,"key":"REST"},{"data":"Seek","floor":15,"key":"SMITH"},{"data":"Chill","floor":24,"key":"SMITH"},{"data":"Conserve Battery","floor":28,"key":"SMITH"},{"floor":32,"key":"REST"},{"floor":40,"key":"RECALL"},{"data":"Storm","floor":42,"key":"SMITH"},{"data":"Turbo","floor":47,"key":"SMITH"},{"data":"Compile Driver","floor":49,"key":"SMITH"},{"floor":52,"key":"REST"}],"neow_cost":"NONE","seed_source_timestamp":282006430016496,"circlet_count":0,"master_deck":["Strike_B","Strike_B+1","Strike_B+1","Defend_B","Defend_B","Zap+1","Dualcast","Turbo+1","Conserve Battery+1","Chill+1","Seek+1","Coolheaded+1","Turbo+1","Echo Form","Chill+1","Stack+1","Fission+1","Ball Lightning","Hologram+1","Recycle+1","Steam+1","Compile Driver+1","Undo+1","Multi-Cast+1","Coolheaded+1","Storm+1","Fission+1","Stack+1","Stack+1","Discovery+1","Discovery+1","Blind+1","Ball Lightning+1","Core Surge","Glacier+1","Hologram+1","Blizzard+1","Chill+1","Gash","Steam Power+1"],"relics":["Cracked Core","MawBank","Regal Pillow","Centennial Puzzle","Toxic Egg 2","Whetstone","Dead Branch","Busted Crown","Omamori","Runic Capacitor","Strawberry","Vajra","Oddly Smooth Stone","Runic Dome","Ancient Tea Set","Question Card","Gremlin Horn","Blood Vial","Art of War"],"potions_floor_usage":[8,8,29,46,55,55,55],"damage_taken":[{"damage":0,"enemies":"Cultist","floor":1,"turns":4},{"damage":3,"enemies":"Small Slimes","floor":2,"turns":3},{"damage":6,"enemies":"Jaw Worm","floor":4,"turns":4},{"damage":6,"enemies":"Blue Slaver","floor":5,"turns":4},{"damage":0,"enemies":"Exordium Wildlife","floor":7,"turns":7},{"damage":9,"enemies":"Lagavulin","floor":8,"turns":7},{"damage":7,"enemies":"3 Louse","floor":12,"turns":3},{"damage":3,"enemies":"3 Sentries","floor":14,"turns":12},{"damage":29,"enemies":"Hexaghost","floor":16,"turns":9},{"damage":13,"enemies":"Chosen","floor":18,"turns":5},{"damage":0,"enemies":"2 Thieves","floor":23,"turns":3},{"damage":0,"enemies":"Shelled Parasite and Fungi","floor":25,"turns":4},{"damage":3,"enemies":"Snake Plant","floor":27,"turns":4},{"damage":0,"enemies":"Snecko","floor":29,"turns":6},{"damage":15,"enemies":"Book of Stabbing","floor":30,"turns":6},{"damage":0,"enemies":"Chosen and Byrds","floor":31,"turns":4},{"damage":0,"enemies":"Champ","floor":33,"turns":7},{"damage":0,"enemies":"Orb Walker","floor":35,"turns":4},{"damage":0,"enemies":"3 Shapes","floor":37,"turns":3},{"damage":0,"enemies":"Giant Head","floor":41,"turns":8},{"damage":0,"enemies":"Reptomancer","floor":44,"turns":3},{"damage":0,"enemies":"Sphere and 2 Shapes","floor":45,"turns":2},{"damage":0,"enemies":"Jaw Worm Horde","floor":46,"turns":2},{"damage":3,"enemies":"Writhing Mass","floor":48,"turns":4},{"damage":30,"enemies":"Awakened One","floor":50,"turns":11},{"damage":0,"enemies":"Shield and Spear","floor":54,"turns":2},{"damage":43,"enemies":"The Heart","floor":55,"turns":7}],"seed_played":"6897803603569371497","potions_obtained":[{"floor":2,"key":"Swift Potion"},{"floor":5,"key":"FocusPotion"},{"floor":8,"key":"FearPotion"},{"floor":18,"key":"Energy Potion"},{"floor":27,"key":"PowerPotion"},{"floor":30,"key":"Ancient Potion"},{"floor":33,"key":"Block Potion"},{"floor":41,"key":"Regen Potion"},{"floor":44,"key":"PowerPotion"},{"floor":46,"key":"FocusPotion"}],"is_trial":false,"path_per_floor":["M","M","T","M","M","R","M","E","T","?","T","M","R","E","R","B",null,"M","?","$","?","?","M","R","M","T","M","R","M","E","M","R","B",null,"M","$","M","?","T","R","E","R","T","E","M","M","R","M","R","B",null,"R","$","E","B",null],"character_chosen":"DEFECT","items_purchased":["Runic Capacitor","Stack+1","Fission+1","Ball Lightning","Storm","Fission+1","Stack+1","Chill+1","Gash"],"campfire_rested":3,"item_purchase_floors":[20,20,20,20,36,36,36,53,53],"current_hp_per_floor":[68,65,65,59,53,53,53,44,44,37,37,30,67,64,64,35,65,52,52,52,52,59,59,59,59,59,56,56,56,41,41,80,80,82,82,82,82,72,72,72,72,72,72,72,74,81,81,79,79,51,74,82,82,82,39],"gold":56,"neow_bonus":"RANDOM_COMMON_RELIC","is_prod":false,"is_daily":false,"chose_seed":false,"campfire_upgraded":7,"win_rate":0,"timestamp":1558574643,"path_taken":["M","M","?","M","M","R","M","E","T","?","?","M","R","E","R","BOSS","M","?","$","?","?","?","R","M","T","M","R","M","E","M","R","BOSS","M","$","M","?","?","R","E","R","T","E","M","M","R","M","R","BOSS","R","$","E","BOSS"],"build_version":"2019-01-23","purchased_purges":3,"victory":true,"max_hp_per_floor":[75,75,75,75,75,75,75,75,75,75,75,75,75,75,75,75,75,75,75,75,75,82,82,82,82,82,82,82,82,82,82,82,82,82,82,82,82,82,82,82,82,82,82,82,82,82,82,82,82,82,82,82,82,82,82],"card_choices":[{"not_picked":["Steam","Redo"],"picked":"Turbo","floor":1},{"not_picked":["Leap","Sweeping Beam","Consume"],"picked":"SKIP","floor":2},{"not_picked":["Go for the Eyes","Hologram"],"picked":"Conserve Battery","floor":4},{"not_picked":["Fusion","Rip and Tear"],"picked":"Chill","floor":5},{"not_picked":["Hello World","Barrage"],"picked":"Seek","floor":7},{"not_picked":["Leap","Barrage","Blizzard"],"picked":"SKIP","floor":8},{"not_picked":["Cold Snap","Heatsinks"],"picked":"Coolheaded+1","floor":12},{"not_picked":["Redo+1","Hologram+1"],"picked":"Turbo+1","floor":14},{"not_picked":["Buffer","Electrodynamics"],"picked":"Echo Form","floor":16},{"not_picked":[],"picked":"Chill+1","floor":18},{"not_picked":[],"picked":"Hologram+1","floor":23},{"not_picked":[],"picked":"Recycle+1","floor":25},{"not_picked":[],"picked":"Steam+1","floor":27},{"not_picked":["Heatsinks"],"picked":"SKIP","floor":29},{"not_picked":[],"picked":"Compile Driver","floor":30},{"not_picked":[],"picked":"Undo+1","floor":31},{"not_picked":[],"picked":"Multi-Cast+1","floor":33},{"not_picked":[],"picked":"Coolheaded+1","floor":35},{"not_picked":[],"picked":"Stack+1","floor":37},{"not_picked":[],"picked":"Discovery+1","floor":38},{"not_picked":[],"picked":"Discovery+1","floor":38},{"not_picked":[],"picked":"Blind+1","floor":38},{"not_picked":[],"picked":"Ball Lightning+1","floor":41},{"not_picked":["Gash+1"],"picked":"Core Surge","floor":44},{"not_picked":["Static Discharge+1"],"picked":"Glacier+1","floor":45},{"not_picked":["Beam Cell"],"picked":"Hologram+1","floor":46},{"not_picked":["Compile Driver+1"],"picked":"Blizzard+1","floor":48},{"not_picked":["BootSequence+1"],"picked":"Steam Power+1","floor":54}],"player_experience":375100,"relics_obtained":[{"floor":8,"key":"Regal Pillow"},{"floor":9,"key":"Centennial Puzzle"},{"floor":11,"key":"Whetstone"},{"floor":14,"key":"Dead Branch"},{"floor":26,"key":"Vajra"},{"floor":30,"key":"Oddly Smooth Stone"},{"floor":39,"key":"Ancient Tea Set"},{"floor":41,"key":"Question Card"},{"floor":43,"key":"Gremlin Horn"},{"floor":44,"key":"Blood Vial"},{"floor":54,"key":"Art of War"}],"event_choices":[{"damage_healed":0,"gold_gain":0,"player_choice":"Success","damage_taken":7,"relics_obtained":["Toxic Egg 2"],"max_hp_gain":0,"max_hp_loss":0,"event_name":"Scrap Ooze","floor":10,"gold_loss":0},{"damage_healed":0,"gold_gain":0,"player_choice":"Opened","damage_taken":0,"relics_obtained":["Omamori"],"max_hp_gain":0,"max_hp_loss":0,"event_name":"The Mausoleum","floor":19,"gold_loss":0,"cards_obtained":["Writhe"]},{"cards_removed":["Defend_B"],"damage_healed":0,"gold_gain":0,"player_choice":"Elegance","damage_taken":0,"max_hp_gain":0,"max_hp_loss":0,"event_name":"Back to Basics","floor":21,"gold_loss":0},{"damage_healed":0,"gold_gain":0,"player_choice":"Gave Potion","damage_taken":0,"relics_obtained":["Strawberry"],"max_hp_gain":0,"max_hp_loss":0,"event_name":"WeMeetAgain","floor":22,"gold_loss":0},{"damage_healed":0,"gold_gain":0,"player_choice":"Memory 3","damage_taken":10,"max_hp_gain":0,"max_hp_loss":0,"event_name":"SensoryStone","floor":38,"gold_loss":0}],"is_beta":false,"boss_relics":[{"not_picked":["Black Star","Orrery"],"picked":"Busted Crown"},{"not_picked":["Inserter","Nuclear Battery"],"picked":"Runic Dome"}],"items_purged_floors":[20,36,53],"is_endless":false,"potions_floor_spawned":[2,5,8,18,27,30,33,41,44,45,46],"ascension_level":9}