{"gold_per_floor":[114,114,129,129,143,143,177,177,177,202,221,221],"floor_reached":12,"playtime":481,"items_purged":[],"score":160,"play_id":"81116cd2-1904-4e11-a9e7-8e3734cda81b","local_time":"20190606171829","is_ascension_mode":true,"campfire_choices":[{"data":"Sweeping Beam","floor":6.0,"key":"SMITH"},{"data":"Zap","floor":8,"key":"SMITH"}],"neow_cost":"NONE","seed_source_timestamp":693880892519955,"circlet_count":0,"master_deck":["AscendersBane","Strike_B","Strike_B","Strike_B","Strike_B","Defend_B","Defend_B","Defend_B","Defend_B","Zap+1","Dualcast","Sweeping Beam+1","Ball Lightning","Leap","Conserve Battery","Sweeping Beam"],"special_seed":0,"relics":["Cracked Core","Anchor","Golden Idol","Bottled Lightning","Mummified Hand"],"potions_floor_usage":[],"damage_taken":[{"damage":7.0,"enemies":"Small Slimes","floor":1.0,"turns":3.0},{"damage":0.0,"enemies":"Jaw Worm","floor":3.0,"turns":3.0},{"damage":1.0,"enemies":"Cultist","floor":5.0,"turns":3.0},{"damage":20.0,"enemies":"Gremlin Nob","floor":7.0,"turns":4.0},{"damage":0,"enemies":"Red Slaver","floor":10,"turns":2},{"damage":26,"enemies":"Gremlin Gang","floor":11,"turns":3},{"damage":26,"enemies":"Lagavulin","floor":12,"turns":4}],"seed_played":"1779428554420770215","potions_obtained":[{"floor":3.0,"key":"Block Potion"}],"is_trial":false,"path_per_floor":["M","?","M","?","M","R","E","R","T","M","M","E"],"character_chosen":"DEFECT","items_purchased":[],"campfire_rested":0,"item_purchase_floors":[],"current_hp_per_floor":[57,57,57,57,56,56,36,36,36,36,10,0],"gold":221,"neow_bonus":"RANDOM_COMMON_RELIC","is_prod":false,"is_daily":false,"chose_seed":false,"campfire_upgraded":2,"win_rate":0,"timestamp":1559866709,"path_taken":["M","?","M","?","M","R","E","R","T","M","M","E"],"build_version":"2019-06-05","purchased_purges":0,"victory":false,"max_hp_per_floor":[71,64,64,64,64,64,64,64,64,64,64,64],"card_choices":[{"not_picked":["Turbo","Force Field"],"picked":"Sweeping Beam","floor":1.0},{"not_picked":["Go for the Eyes","Hologram"],"picked":"Ball Lightning","floor":3.0},{"not_picked":["Redo","Steam"],"picked":"Leap","floor":5.0},{"not_picked":["Turbo","Gash"],"picked":"Conserve Battery","floor":7},{"not_picked":["Melter","Leap","Steam"],"picked":"SKIP","floor":10},{"not_picked":["Gash","Beam Cell"],"picked":"Sweeping Beam","floor":11}],"player_experience":1615470,"relics_obtained":[{"floor":7,"key":"Bottled Lightning"},{"floor":9,"key":"Mummified Hand"}],"event_choices":[{"damage_healed":0.0,"max_hp_gain":0.0,"max_hp_loss":7.0,"gold_gain":0.0,"event_name":"Golden Idol","player_choice":"Lose Max HP","floor":2.0,"gold_loss":0.0,"damage_taken":0.0,"relics_obtained":["Golden Idol"]},{"damage_healed":0.0,"max_hp_gain":0.0,"max_hp_loss":0.0,"gold_gain":0.0,"event_name":"Liars Game","player_choice":"Ignored","floor":4.0,"gold_loss":0.0,"damage_taken":0.0}],"is_beta":true,"boss_relics":[],"items_purged_floors":[],"is_endless":false,"potions_floor_spawned":[3],"killed_by":"Lagavulin","ascension_level":20}