{"gold_per_floor":[164,176,76,76,76,76,103,120,174,174,194,226,238,258,258,358,358,369,369,369],"floor_reached":20,"playtime":1071,"items_purged":[],"score":248,"play_id":"4520e0af-aaf3-4cb9-82e9-554985cec40b","local_time":"20190508080033","is_ascension_mode":true,"campfire_choices":[{"data":"Defragment","floor":6,"key":"SMITH"},{"data":"Coolheaded","floor":10,"key":"SMITH"},{"floor":15,"key":"REST"}],"neow_cost":"NONE","seed_source_timestamp":906624804206121,"circlet_count":0,"master_deck":["Strike_B+1","Strike_B","Strike_B","Strike_B","Defend_B","Defend_B","Defend_B","Defend_B","Zap","Dualcast","Coolheaded+1","Coolheaded","Defragment+1","FTL","Go for the Eyes","Compile Driver","Creative AI","Defragment+1"],"relics":["Tiny House","Happy Flower","StoneCalendar","PreservedInsect","Pen Nib","Inserter"],"potions_floor_usage":[16,16,20,20],"damage_taken":[{"damage":0,"enemies":"2 Louse","floor":1,"turns":4},{"damage":12,"enemies":"Small Slimes","floor":2,"turns":4},{"damage":10,"enemies":"Lagavulin","floor":7,"turns":9},{"damage":0,"enemies":"Cultist","floor":8,"turns":5},{"damage":7,"enemies":"Looter","floor":11,"turns":4},{"damage":22,"enemies":"Gremlin Nob","floor":12,"turns":5},{"damage":1,"enemies":"Large Slime","floor":13,"turns":5},{"damage":0,"enemies":"3 Louse","floor":14,"turns":4},{"damage":7,"enemies":"Hexaghost","floor":16,"turns":8},{"damage":7,"enemies":"Chosen","floor":18,"turns":6},{"damage":36,"enemies":"Colosseum Slavers","floor":20,"turns":7},{"damage":33,"enemies":"Colosseum Nobs","floor":20,"turns":5}],"seed_played":"-7977161377505114446","potions_obtained":[{"floor":0,"key":"EssenceOfSteel"},{"floor":5,"key":"Fire Potion"},{"floor":5,"key":"FocusPotion"},{"floor":5,"key":"Weak Potion"},{"floor":7,"key":"SpeedPotion"},{"floor":8,"key":"Dexterity Potion"},{"floor":12,"key":"SkillPotion"},{"floor":18,"key":"Explosive Potion"}],"is_trial":false,"path_per_floor":["M","M","$","?","?","R","E","M","T","R","M","E","M","M","R","B",null,"M","?","?"],"character_chosen":"DEFECT","items_purchased":["Coolheaded","Defragment"],"campfire_rested":1,"item_purchase_floors":[3,3],"current_hp_per_floor":[73,61,61,54,54,54,44,44,44,44,37,15,14,14,38,31,68,61,61,0],"gold":369,"neow_bonus":"BOSS_RELIC","is_prod":false,"is_daily":false,"chose_seed":false,"campfire_upgraded":2,"win_rate":0,"timestamp":1557316833,"path_taken":["M","M","$","?","?","R","E","?","T","R","M","E","M","M","R","BOSS","M","?","?"],"build_version":"2019-01-23","purchased_purges":0,"victory":false,"max_hp_per_floor":[80,80,80,80,80,80,80,80,80,80,80,80,80,80,80,80,80,80,80,80],"card_choices":[{"not_picked":["Compile Driver","Beam Cell"],"picked":"Coolheaded","floor":0},{"not_picked":["Chaos","Doom and Gloom","Rip and Tear"],"picked":"SKIP","floor":1},{"not_picked":["Hologram","Ball Lightning","Tempest"],"picked":"SKIP","floor":2},{"not_picked":["Hello World","Reprogram","Cold Snap"],"picked":"SKIP","floor":7},{"not_picked":["Cold Snap","Steam","Fission"],"picked":"SKIP","floor":8},{"not_picked":["Reprogram","Beam Cell"],"picked":"FTL","floor":11},{"not_picked":["Reprogram","Recycle"],"picked":"Go for the Eyes","floor":12},{"not_picked":["Chaos","Turbo"],"picked":"Compile Driver","floor":13},{"not_picked":["Beam Cell","Recycle","Stack"],"picked":"SKIP","floor":14},{"not_picked":["Reboot","Electrodynamics"],"picked":"Creative AI","floor":16},{"not_picked":["Steam","Sweeping Beam"],"picked":"Defragment+1","floor":18}],"player_experience":382863,"relics_obtained":[{"floor":7,"key":"StoneCalendar"},{"floor":9,"key":"PreservedInsect"},{"floor":12,"key":"Pen Nib"}],"event_choices":[{"damage_healed":0,"gold_gain":0,"player_choice":"Success","damage_taken":7,"relics_obtained":["Happy Flower"],"max_hp_gain":0,"max_hp_loss":0,"event_name":"Scrap Ooze","floor":4,"gold_loss":0},{"damage_healed":0,"gold_gain":0,"player_choice":"Got Potions","damage_taken":0,"max_hp_gain":0,"max_hp_loss":0,"event_name":"Lab","floor":5,"gold_loss":0},{"damage_healed":0,"gold_gain":0,"player_choice":"Ignored","damage_taken":0,"max_hp_gain":0,"max_hp_loss":0,"event_name":"Ghosts","floor":19,"gold_loss":0},{"damage_healed":0,"gold_gain":0,"player_choice":"Fight","damage_taken":0,"max_hp_gain":0,"max_hp_loss":0,"event_name":"Colosseum","floor":20,"gold_loss":0},{"damage_healed":0,"gold_gain":0,"player_choice":"Fought Nobs","damage_taken":0,"max_hp_gain":0,"max_hp_loss":0,"event_name":"Colosseum","floor":20,"gold_loss":0}],"is_beta":false,"boss_relics":[{"not_picked":["Fusion Hammer","Runic Dome"],"picked":"Inserter"}],"items_purged_floors":[],"is_endless":false,"potions_floor_spawned":[7,8,12,13,18,20],"killed_by":"Colosseum Nobs","ascension_level":7}