{"gold_per_floor":[210,223,238,74,93,93,93,93,119,146,73,73,104,104,104,205,205,221,321,339,357,37,37,47,47,119,119,137,137,137,147,147,252,252,266,278,278,378,23,23,23,38,38,71,71,49,49,60,60,60],"floor_reached":51,"playtime":3291,"items_purged":["Strike_B","Strike_B"],"score":721,"play_id":"b8197a41-a8cd-4434-9b46-bb2f6cb0d588","local_time":"20190419231609","is_ascension_mode":true,"campfire_choices":[{"data":"Chill","floor":6,"key":"SMITH"},{"data":"Chill","floor":8,"key":"SMITH"},{"data":"Loop","floor":12,"key":"SMITH"},{"data":"Coolheaded","floor":15,"key":"SMITH"},{"floor":23,"key":"REST"},{"data":"Capacitor","floor":25,"key":"SMITH"},{"floor":27,"key":"REST"},{"data":"Barrage","floor":30,"key":"SMITH"},{"data":"Machine Learning","floor":32,"key":"SMITH"},{"data":"Barrage","floor":40,"key":"SMITH"},{"data":"Creative AI","floor":41,"key":"SMITH"},{"floor":45,"key":"DIG"},{"data":"Barrage","floor":47,"key":"SMITH"},{"floor":49,"key":"REST"}],"neow_cost":"NONE","seed_source_timestamp":306868926546504,"circlet_count":0,"master_deck":["Strike_B","Strike_B","Defend_B","Defend_B","Defend_B","Defend_B","Zap","Dualcast","Chill+1","Sweeping Beam","Chill+1","Coolheaded+1","Barrage+1","Barrage+1","Loop+1","Machine Learning+1","Amplify","White Noise+1","Go for the Eyes+1","Go for the Eyes","Capacitor+1","Creative AI+1","Glacier+1","Barrage+1"],"relics":["FrozenCore","Bronze Scales","Art of War","Du-Vu Doll","Bag of Marbles","Incense Burner","Letter Opener","Kunai","Darkstone Periapt","Sozu","WingedGreaves","Mummified Hand","Toxic Egg 2","Shovel","Bag of Preparation"],"potions_floor_usage":[16,20,28,33,33,50],"damage_taken":[{"damage":0,"enemies":"Jaw Worm","floor":1,"turns":3},{"damage":3,"enemies":"Cultist","floor":2,"turns":4},{"damage":7,"enemies":"Small Slimes","floor":3,"turns":4},{"damage":0,"enemies":"Blue Slaver","floor":5,"turns":4},{"damage":5,"enemies":"3 Sentries","floor":10,"turns":8},{"damage":16,"enemies":"Gremlin Nob","floor":13,"turns":4},{"damage":33,"enemies":"Slime Boss","floor":16,"turns":10},{"damage":38,"enemies":"2 Thieves","floor":18,"turns":5},{"damage":7,"enemies":"Colosseum Slavers","floor":19,"turns":4},{"damage":38,"enemies":"Colosseum Nobs","floor":19,"turns":6},{"damage":5,"enemies":"Shell Parasite","floor":20,"turns":6},{"damage":0,"enemies":"Cultist and Chosen","floor":21,"turns":9},{"damage":3,"enemies":"Centurion and Healer","floor":24,"turns":9},{"damage":3,"enemies":"Snecko","floor":28,"turns":5},{"damage":10,"enemies":"Shelled Parasite and Fungi","floor":31,"turns":6},{"damage":11,"enemies":"Champ","floor":33,"turns":17},{"damage":5,"enemies":"Orb Walker","floor":35,"turns":4},{"damage":0,"enemies":"3 Darklings","floor":36,"turns":5},{"damage":6,"enemies":"Mind Bloom Boss Battle","floor":38,"turns":10},{"damage":0,"enemies":"Maw","floor":42,"turns":8},{"damage":22,"enemies":"Nemesis","floor":44,"turns":7},{"damage":0,"enemies":"Jaw Worm Horde","floor":48,"turns":3},{"damage":17,"enemies":"Donu and Deca","floor":50,"turns":12}],"seed_played":"-5428333917614191647","potions_obtained":[{"floor":1,"key":"Ancient Potion"},{"floor":3,"key":"Swift Potion"},{"floor":10,"key":"Fire Potion"},{"floor":13,"key":"FairyPotion"},{"floor":21,"key":"FearPotion"},{"floor":24,"key":"Regen Potion"},{"floor":31,"key":"Energy Potion"},{"floor":33,"key":"Energy Potion"}],"is_trial":false,"path_per_floor":["M","M","M","$","M","R","?","R","T","E","$","R","E","?","R","B",null,"M","?","M","M","$","R","M","R","T","R","M","?","R","M","R","B",null,"M","M","?","?","$","R","R","M","T","E","R","$","R","M","R","B",null],"character_chosen":"DEFECT","items_purchased":["Chill","Coolheaded","Loop","Capacitor","Kunai","Mummified Hand","Barrage"],"campfire_rested":3,"item_purchase_floors":[4,4,11,22,22,39,46],"current_hp_per_floor":[75,72,65,65,65,65,65,65,65,60,60,60,44,44,44,11,75,37,7,2,2,2,24,21,21,21,43,52,52,52,42,42,31,75,70,70,70,64,64,64,64,64,64,42,42,42,42,42,64,47],"gold":60,"neow_bonus":"HUNDRED_GOLD","is_prod":false,"is_daily":false,"chose_seed":false,"campfire_upgraded":10,"win_rate":0,"timestamp":1555730169,"path_taken":["M","M","M","$","M","R","?","R","T","E","?","R","E","?","R","BOSS","M","?","M","M","$","R","M","R","T","R","M","?","R","M","R","BOSS","M","M","?","?","$","R","R","M","T","E","R","$","R","M","R","BOSS"],"build_version":"2019-01-23","purchased_purges":2,"victory":true,"max_hp_per_floor":[75,75,75,75,75,75,75,75,75,75,75,75,75,75,75,75,75,75,75,75,75,75,75,75,75,75,75,75,75,75,75,75,75,75,75,75,75,75,75,75,75,75,75,75,75,75,75,75,75,75],"card_choices":[{"not_picked":["Storm","Blizzard"],"picked":"Chill","floor":1},{"not_picked":["Leap","Ball Lightning"],"picked":"Sweeping Beam","floor":2},{"not_picked":["Darkness","Recycle","Streamline"],"picked":"SKIP","floor":3},{"not_picked":["Gash","Leap"],"picked":"Barrage","floor":5},{"not_picked":["Sweeping Beam","Aggregate"],"picked":"Barrage","floor":10},{"not_picked":["Gash","Static Discharge"],"picked":"Machine Learning","floor":13},{"not_picked":["Core Surge","Buffer"],"picked":"Amplify","floor":16},{"not_picked":["Turbo","Coolheaded"],"picked":"White Noise+1","floor":18},{"not_picked":["Aggregate","BootSequence"],"picked":"Go for the Eyes+1","floor":20},{"not_picked":["Sweeping Beam","Rip and Tear"],"picked":"Go for the Eyes","floor":21},{"not_picked":["Stack","Thunder Strike","Turbo"],"picked":"SKIP","floor":24},{"not_picked":["Coolheaded","Melter","Rebound+1"],"picked":"SKIP","floor":28},{"not_picked":["Rebound","Leap","Gash"],"picked":"SKIP","floor":31},{"not_picked":["Electrodynamics","Buffer"],"picked":"Creative AI","floor":33},{"not_picked":["BootSequence+1","Loop"],"picked":"Glacier+1","floor":35},{"not_picked":["Beam Cell+1","Heatsinks","Rip and Tear+1"],"picked":"SKIP","floor":36},{"not_picked":["Go for the Eyes","Steam+1","Fusion"],"picked":"SKIP","floor":42},{"not_picked":["Barrage","Ball Lightning+1","BootSequence+1"],"picked":"SKIP","floor":44},{"not_picked":["Conserve Battery+1","Skim+1","Cold Snap+1"],"picked":"SKIP","floor":48}],"player_experience":228091,"relics_obtained":[{"floor":9,"key":"Art of War"},{"floor":10,"key":"Du-Vu Doll"},{"floor":13,"key":"Bag of Marbles"},{"floor":19,"key":"Incense Burner"},{"floor":19,"key":"Letter Opener"},{"floor":26,"key":"Darkstone Periapt"},{"floor":38,"key":"WingedGreaves"},{"floor":43,"key":"Toxic Egg 2"},{"floor":44,"key":"Shovel"},{"floor":45,"key":"Bag of Preparation"}],"event_choices":[{"damage_healed":0,"gold_gain":0,"player_choice":"Gave Potion","damage_taken":0,"relics_obtained":["Bronze Scales"],"max_hp_gain":0,"max_hp_loss":0,"event_name":"WeMeetAgain","floor":7,"gold_loss":0},{"damage_healed":0,"gold_gain":0,"player_choice":"Ignored","damage_taken":0,"max_hp_gain":0,"max_hp_loss":0,"event_name":"Liars Game","floor":14,"gold_loss":0},{"damage_healed":0,"gold_gain":0,"player_choice":"Fight","damage_taken":0,"max_hp_gain":0,"max_hp_loss":0,"event_name":"Colosseum","floor":19,"gold_loss":0},{"damage_healed":0,"gold_gain":0,"player_choice":"Fought Nobs","damage_taken":0,"max_hp_gain":0,"max_hp_loss":0,"event_name":"Colosseum","floor":19,"gold_loss":0},{"damage_healed":0,"gold_gain":0,"player_choice":"Ignored","damage_taken":0,"max_hp_gain":0,"max_hp_loss":0,"event_name":"The Mausoleum","floor":29,"gold_loss":0},{"damage_healed":0,"gold_gain":0,"player_choice":"Ignored","damage_taken":0,"max_hp_gain":0,"max_hp_loss":0,"event_name":"Tomb of Lord Red Mask","floor":37,"gold_loss":0},{"damage_healed":0,"gold_gain":0,"player_choice":"Fight","damage_taken":0,"max_hp_gain":0,"max_hp_loss":0,"event_name":"MindBloom","floor":38,"gold_loss":0}],"is_beta":false,"boss_relics":[{"not_picked":["Eternal Feather","Black Star"],"picked":"FrozenCore"},{"not_picked":["Runic Dome","Fusion Hammer"],"picked":"Sozu"}],"items_purged_floors":[4,39],"is_endless":false,"potions_floor_spawned":[1,3,10,13,21,24,31,33,35,38,44,48],"ascension_level":2}