{"gold_per_floor":[112,130,149,149,23,23,53,53,53,81,81,81,81,94,94,165,165,179,89,106,30,130,130,130,130,156,168,168,230,230,261,261,333,333,343,343,241,291,301,336,336,356,424,453,33,46,46,46,46,46],"floor_reached":51,"playtime":2673,"items_purged":["Strike_R","Decay","Strike_R"],"score":1654,"play_id":"78deef8e-7210-4c7d-8126-fd32f348d2a1","local_time":"20190607182746","is_ascension_mode":true,"campfire_choices":[{"data":"Bash","floor":6,"key":"SMITH"},{"floor":8,"key":"REST"},{"floor":12,"key":"REST"},{"data":"Second Wind","floor":15,"key":"SMITH"},{"floor":23,"key":"REST"},{"data":"Corruption","floor":25,"key":"SMITH"},{"data":"Fiend Fire","floor":28,"key":"SMITH"},{"data":"Shockwave","floor":32,"key":"SMITH"},{"floor":41,"key":"REST"},{"data":"Armaments","floor":47,"key":"SMITH"},{"data":"Impervious","floor":49,"key":"SMITH"}],"neow_cost":"NONE","seed_source_timestamp":118777092647800,"circlet_count":0,"master_deck":["AscendersBane","Strike_R","Strike_R","Strike_R","Defend_R","Defend_R","Defend_R","Defend_R","Bash+1","Body Slam+1","Thunderclap","Pommel Strike","Limit Break","Shrug It Off","Evolve","Shockwave+1","Second Wind+1","Fiend Fire+1","Whirlwind+1","Corruption+1","Shrug It Off","Disarm","Battle Trance","Impervious+1","Armaments+1","Seeing Red","Reaper","Disarm+1","Flash of Steel","Apotheosis","Panacea","Shrug It Off","Power Through","Rage+1","Shrug It Off+1","Trip"],"relics":["Burning Blood","Unceasing Top","Dead Branch","Red Skull","Eternal Feather","Charon\u0027s Ashes","Question Card","Smiling Mask","Tiny Chest","MutagenicStrength","Centennial Puzzle","Snecko Eye","Orichalcum","Kunai","Boot","Paper Frog"],"potions_floor_usage":[7,16,22,22,50],"damage_taken":[{"damage":9,"enemies":"Jaw Worm","floor":1,"turns":5},{"damage":0,"enemies":"2 Louse","floor":2,"turns":5},{"damage":6,"enemies":"Cultist","floor":3,"turns":3},{"damage":66,"enemies":"Lagavulin","floor":7,"turns":10},{"damage":32,"enemies":"Gremlin Nob","floor":10,"turns":4},{"damage":1,"enemies":"Looter","floor":14,"turns":3},{"damage":28,"enemies":"The Guardian","floor":16,"turns":12},{"damage":29,"enemies":"2 Thieves","floor":18,"turns":4},{"damage":0,"enemies":"3 Byrds","floor":20,"turns":2},{"damage":0,"enemies":"Colosseum Slavers","floor":22,"turns":3},{"damage":43,"enemies":"Colosseum Nobs","floor":22,"turns":5},{"damage":2,"enemies":"Snake Plant","floor":27,"turns":3},{"damage":0,"enemies":"Slavers","floor":29,"turns":2},{"damage":14,"enemies":"Gremlin Leader","floor":31,"turns":5},{"damage":21,"enemies":"Collector","floor":33,"turns":6},{"damage":0,"enemies":"3 Shapes","floor":35,"turns":1},{"damage":0,"enemies":"3 Darklings","floor":39,"turns":2},{"damage":49,"enemies":"Giant Head","floor":40,"turns":8},{"damage":0,"enemies":"Transient","floor":42,"turns":6},{"damage":0,"enemies":"Nemesis","floor":44,"turns":3},{"damage":6,"enemies":"4 Shapes","floor":46,"turns":2},{"damage":19,"enemies":"Donu and Deca","floor":50,"turns":5}],"seed_played":"-457240715736014231","potions_obtained":[{"floor":1,"key":"Block Potion"},{"floor":2,"key":"Energy Potion"},{"floor":10,"key":"Strength Potion"},{"floor":18,"key":"Block Potion"},{"floor":31,"key":"Ancient Potion"},{"floor":33,"key":"Poison Potion"},{"floor":39,"key":"FearPotion"}],"is_trial":false,"path_per_floor":["M","M","M","?","$","R","E","R","T","E","?","R","?","M","R","B",null,"M","$","M","$","?","R","?","R","T","M","R","E","?","E","R","B",null,"M","?","$","?","M","E","R","M","T","E","$","M","R","?","R","B",null],"character_chosen":"IRONCLAD","items_purchased":["Shrug It Off","Corruption","Shrug It Off","Battle Trance","Shrug It Off","Paper Frog","Trip"],"campfire_rested":4,"item_purchase_floors":[5,19,19,21,37,45,45],"current_hp_per_floor":[65,71,71,71,71,71,11,33,33,7,7,29,29,34,34,12,59,36,36,42,42,11,45,45,60,60,64,75,75,75,67,75,60,71,75,65,65,65,71,51,75,75,75,75,75,75,75,71,71,71],"gold":46,"neow_bonus":"THREE_CARDS","is_prod":false,"is_daily":false,"chose_seed":false,"campfire_upgraded":7,"win_rate":0,"timestamp":1559924866,"path_taken":["M","M","M","?","$","R","E","R","T","E","?","R","?","M","R","BOSS","M","?","M","$","?","R","?","R","T","M","R","E","?","E","R","BOSS","M","?","$","?","M","E","R","?","T","E","$","M","R","?","R","BOSS"],"build_version":"2019-01-23","purchased_purges":3,"victory":true,"max_hp_per_floor":[75,75,75,75,75,75,75,75,75,75,75,75,75,75,75,75,75,75,75,75,75,75,75,75,75,75,75,75,75,75,75,75,75,75,75,75,75,75,75,75,75,75,75,75,75,75,75,71,71,71],"card_choices":[{"not_picked":["Rupture","Infernal Blade"],"picked":"Body Slam","floor":0},{"not_picked":["Anger","Heavy Blade"],"picked":"Thunderclap","floor":1},{"not_picked":["Infernal Blade","Intimidate"],"picked":"Pommel Strike","floor":2},{"not_picked":["Perfected Strike","Armaments"],"picked":"Limit Break","floor":3},{"not_picked":["Sentinel","Reckless Charge"],"picked":"Evolve","floor":7},{"not_picked":["Clothesline","Havoc"],"picked":"Shockwave","floor":10},{"not_picked":["Iron Wave","Havoc"],"picked":"Second Wind","floor":14},{"not_picked":["Juggernaut","Immolate"],"picked":"Fiend Fire","floor":16},{"not_picked":["Seeing Red","Iron Wave"],"picked":"Whirlwind+1","floor":18},{"not_picked":["Heavy Blade","Twin Strike"],"picked":"Disarm","floor":20},{"not_picked":["Whirlwind","Reckless Charge","Wild Strike"],"picked":"Impervious","floor":27},{"not_picked":["Clothesline","Wild Strike","Fire Breathing"],"picked":"Armaments","floor":29},{"not_picked":["Warcry","Uppercut+1","Pommel Strike"],"picked":"Seeing Red","floor":31},{"not_picked":["Fiend Fire","Immolate","Demon Form"],"picked":"Reaper","floor":33},{"not_picked":["Pommel Strike","Warcry","Rage"],"picked":"Disarm+1","floor":35},{"not_picked":["Purity","Magnetism","Jack Of All Trades"],"picked":"Flash of Steel","floor":36},{"not_picked":["Madness","Forethought","Bandage Up"],"picked":"Apotheosis","floor":36},{"not_picked":["PanicButton","Apotheosis","Secret Technique"],"picked":"Panacea","floor":36},{"not_picked":["Body Slam","Bloodletting","Iron Wave","True Grit"],"picked":"SKIP","floor":39},{"not_picked":["Perfected Strike","Havoc","Blood for Blood"],"picked":"Power Through","floor":40},{"not_picked":["Reckless Charge+1","Flex","Iron Wave"],"picked":"Rage+1","floor":42},{"not_picked":["Sentinel","Rupture","Rampage"],"picked":"Shrug It Off+1","floor":44},{"not_picked":["Clash","Combust","Evolve+1","Power Through"],"picked":"SKIP","floor":46}],"player_experience":676924,"relics_obtained":[{"floor":7,"key":"Unceasing Top"},{"floor":9,"key":"Dead Branch"},{"floor":10,"key":"Red Skull"},{"floor":22,"key":"Charon\u0027s Ashes"},{"floor":22,"key":"Question Card"},{"floor":26,"key":"Smiling Mask"},{"floor":29,"key":"Tiny Chest"},{"floor":31,"key":"Centennial Puzzle"},{"floor":40,"key":"Orichalcum"},{"floor":43,"key":"Kunai"},{"floor":44,"key":"Boot"}],"event_choices":[{"damage_healed":0,"gold_gain":0,"player_choice":"Grow","damage_taken":0,"max_hp_gain":0,"max_hp_loss":0,"event_name":"Living Wall","floor":4,"gold_loss":0,"cards_upgraded":["Body Slam"]},{"damage_healed":0,"gold_gain":0,"player_choice":"Ignored","damage_taken":0,"max_hp_gain":0,"max_hp_loss":0,"event_name":"Shining Light","floor":11,"gold_loss":0},{"damage_healed":0,"gold_gain":0,"player_choice":"Got Potions","damage_taken":0,"max_hp_gain":0,"max_hp_loss":0,"event_name":"Lab","floor":13,"gold_loss":0},{"damage_healed":0,"gold_gain":0,"player_choice":"Fight","damage_taken":0,"max_hp_gain":0,"max_hp_loss":0,"event_name":"Colosseum","floor":22,"gold_loss":0},{"damage_healed":0,"gold_gain":0,"player_choice":"Fought Nobs","damage_taken":0,"max_hp_gain":0,"max_hp_loss":0,"event_name":"Colosseum","floor":22,"gold_loss":0},{"damage_healed":0,"gold_gain":0,"player_choice":"Smashed Altar","damage_taken":0,"max_hp_gain":0,"max_hp_loss":0,"event_name":"Forgotten Altar","floor":24,"gold_loss":0,"cards_obtained":["Decay"]},{"damage_healed":0,"gold_gain":0,"player_choice":"Inject Mutagens","damage_taken":0,"relics_obtained":["MutagenicStrength"],"max_hp_gain":0,"max_hp_loss":0,"event_name":"Drug Dealer","floor":30,"gold_loss":0},{"damage_healed":0,"gold_gain":0,"player_choice":"Memory 3","damage_taken":10,"max_hp_gain":0,"max_hp_loss":0,"event_name":"SensoryStone","floor":36,"gold_loss":0},{"damage_healed":0,"gold_gain":50,"player_choice":"Pray","damage_taken":0,"max_hp_gain":0,"max_hp_loss":0,"event_name":"Golden Shrine","floor":38,"gold_loss":0},{"damage_healed":0,"gold_gain":0,"player_choice":"Max HP","damage_taken":0,"max_hp_gain":0,"max_hp_loss":4,"event_name":"Winding Halls","floor":48,"gold_loss":0}],"is_beta":false,"boss_relics":[{"not_picked":["Fusion Hammer","Coffee Dripper"],"picked":"Eternal Feather"},{"not_picked":["Pandora\u0027s Box","Empty Cage"],"picked":"Snecko Eye"}],"items_purged_floors":[5,37,45],"is_endless":false,"potions_floor_spawned":[1,2,10,14,18,20,31,33,39,42],"ascension_level":19}