{"gold_per_floor":[14,26,26,26,36,36,61,61,61,61,61,61,100,100,100,193,193,207,221,221,242,255,255,269,194,194,209,230,14,14,30,30,30],"floor_reached":33,"playtime":1313,"items_purged":["Strike_R"],"score":424,"play_id":"4951c57b-e08a-41b3-bcfb-4222dc15d0b5","local_time":"20190426222731","is_ascension_mode":true,"campfire_choices":[{"data":"Spot Weakness","floor":6,"key":"SMITH"},{"data":"True Grit","floor":8,"key":"SMITH"},{"data":"Disarm","floor":10,"key":"SMITH"},{"data":"Bash","floor":12,"key":"SMITH"},{"floor":15,"key":"REST"},{"floor":23,"key":"REST"},{"data":"Limit Break","floor":30,"key":"SMITH"},{"floor":32,"key":"REST"}],"neow_cost":"NO_GOLD","seed_source_timestamp":576999272376520,"circlet_count":0,"master_deck":["AscendersBane","Strike_R","Defend_R","Defend_R","Defend_R","Defend_R","Bash+1","Spot Weakness+1","Disarm+1","True Grit+1","Heavy Blade","Offering","Ghostly Armor","Shrug It Off","Disarm","Clothesline","Spot Weakness+1","Limit Break+1"],"relics":["Burning Blood","Peace Pipe","Calipers","Golden Idol","Shuriken","Mercury Hourglass","Sozu","Enchiridion","Turnip"],"potions_floor_usage":[7],"damage_taken":[{"damage":6,"enemies":"2 Louse","floor":1,"turns":4},{"damage":5,"enemies":"Cultist","floor":2,"turns":4},{"damage":2,"enemies":"Small Slimes","floor":5,"turns":6},{"damage":30,"enemies":"Gremlin Nob","floor":7,"turns":6},{"damage":34,"enemies":"Lagavulin","floor":13,"turns":8},{"damage":40,"enemies":"The Guardian","floor":16,"turns":11},{"damage":19,"enemies":"Spheric Guardian","floor":18,"turns":4},{"damage":16,"enemies":"2 Thieves","floor":19,"turns":4},{"damage":17,"enemies":"Centurion and Healer","floor":21,"turns":9},{"damage":4,"enemies":"Snecko","floor":22,"turns":6},{"damage":6,"enemies":"3 Cultists","floor":24,"turns":6},{"damage":3,"enemies":"Cultist and Chosen","floor":27,"turns":8},{"damage":6,"enemies":"Chosen and Byrds","floor":28,"turns":7},{"damage":8,"enemies":"Snecko","floor":31,"turns":6},{"damage":59,"enemies":"Automaton","floor":33,"turns":6}],"seed_played":"-3810836563583448337","potions_obtained":[{"floor":5,"key":"Block Potion"}],"is_trial":false,"path_per_floor":["M","M","?","$","M","R","E","R","T","R","?","R","E","T","R","B",null,"M","M","?","M","M","R","M","?","T","M","M","$","R","M","R","B"],"character_chosen":"IRONCLAD","items_purchased":["Limit Break"],"campfire_rested":3,"item_purchase_floors":[29],"current_hp_per_floor":[72,73,73,73,77,77,53,53,53,53,53,53,25,25,47,13,59,46,36,20,9,11,33,33,33,33,36,36,36,36,34,56,0],"gold":30,"neow_bonus":"REMOVE_TWO","is_prod":false,"is_daily":false,"chose_seed":false,"campfire_upgraded":5,"win_rate":0,"timestamp":1556332051,"path_taken":["M","M","?","?","?","R","E","R","T","R","?","R","E","?","R","BOSS","M","?","?","M","M","R","M","?","T","M","M","$","R","M","R","BOSS"],"build_version":"2019-01-23","purchased_purges":1,"victory":false,"max_hp_per_floor":[80,80,80,80,80,80,80,80,80,80,74,74,74,74,74,74,74,74,74,74,74,74,74,74,74,74,74,74,74,74,74,74,74],"card_choices":[{"not_picked":["Shrug It Off","Havoc"],"picked":"Spot Weakness","floor":1},{"not_picked":["Havoc","Perfected Strike"],"picked":"Disarm","floor":2},{"not_picked":["Body Slam","Rupture","Second Wind"],"picked":"SKIP","floor":5},{"not_picked":["Disarm","Anger"],"picked":"True Grit","floor":7},{"not_picked":["Entrench","Rage"],"picked":"Heavy Blade","floor":13},{"not_picked":["Brutality","Exhume"],"picked":"Offering","floor":16},{"not_picked":["Headbutt","Anger"],"picked":"Ghostly Armor","floor":18},{"not_picked":["Intimidate","Wild Strike"],"picked":"Shrug It Off","floor":19},{"not_picked":["Armaments","Heavy Blade","Twin Strike"],"picked":"SKIP","floor":21},{"not_picked":["Cleave+1","Feel No Pain"],"picked":"Disarm","floor":22},{"not_picked":["Sword Boomerang","Entrench"],"picked":"Clothesline","floor":24},{"not_picked":["Anger","Pommel Strike","Thunderclap"],"picked":"SKIP","floor":27},{"not_picked":["Immolate","Burning Pact"],"picked":"Spot Weakness+1","floor":28},{"not_picked":["Spot Weakness","Heavy Blade","Iron Wave"],"picked":"SKIP","floor":31}],"player_experience":322073,"relics_obtained":[{"floor":7,"key":"Peace Pipe"},{"floor":9,"key":"Calipers"},{"floor":13,"key":"Shuriken"},{"floor":14,"key":"Mercury Hourglass"},{"floor":20,"key":"Enchiridion"},{"floor":26,"key":"Turnip"}],"event_choices":[{"damage_healed":0,"gold_gain":0,"player_choice":"0 cards matched","damage_taken":0,"max_hp_gain":0,"max_hp_loss":0,"event_name":"Match and Keep!","floor":3,"gold_loss":0,"cards_obtained":[]},{"damage_healed":0,"gold_gain":0,"player_choice":"Lose Max HP","damage_taken":0,"relics_obtained":["Golden Idol"],"max_hp_gain":0,"max_hp_loss":6,"event_name":"Golden Idol","floor":11,"gold_loss":0},{"damage_healed":0,"gold_gain":0,"player_choice":"Obtained Book","damage_taken":16,"max_hp_gain":0,"max_hp_loss":0,"event_name":"Cursed Tome","floor":20,"gold_loss":0},{"cards_removed":["Strike_R"],"damage_healed":0,"gold_gain":0,"player_choice":"Gave Gold","damage_taken":0,"max_hp_gain":0,"max_hp_loss":0,"event_name":"Beggar","floor":25,"gold_loss":75}],"is_beta":false,"boss_relics":[{"not_picked":["Black Star","Eternal Feather"],"picked":"Sozu"}],"items_purged_floors":[29],"is_endless":false,"potions_floor_spawned":[5,21,22,24,27],"killed_by":"Automaton","ascension_level":13}