{"gold_per_floor":[117,117,117,71,89,121,121,151,151,151,168,197,217,237,237,340,340,358,378,477,214,231,266,282,309,309,1,21,21,21,31,31,31],"floor_reached":33,"playtime":1711,"items_purged":["Defend_R"],"score":503,"play_id":"edef1bd8-2bde-416e-8c3d-f37c0aa9d0bf","local_time":"20181107200352","is_ascension_mode":true,"campfire_choices":[{"data":"Flex","floor":7.0,"key":"SMITH"},{"data":"Seeing Red","floor":10.0,"key":"SMITH"},{"data":"Infernal Blade","floor":15.0,"key":"SMITH"},{"data":"Double Tap","floor":29,"key":"SMITH"},{"floor":32,"key":"REST"}],"neow_cost":"NONE","seed_source_timestamp":0,"circlet_count":0,"master_deck":["Strike_R","Strike_R+1","Strike_R","Strike_R","Strike_R+1","Defend_R+1","Defend_R+1","Bash","Hemokinesis","Flex+1","Clash","Seeing Red+1","Clash","Infernal Blade+1","Burning Pact","Flex","Double Tap+1","Pommel Strike","Rampage+1","Spot Weakness","Perfected Strike+1","Seeing Red","Spot Weakness+1","Double Tap","Infernal Blade","Pain","Twin Strike+1"],"special_seed":0,"relics":["White Beast Statue","Meat on the Bone","Anchor","Boot","Whetstone","Question Card","Philosopher\u0027s Stone","War Paint","Mango","Pear","Ice Cream","Blood Vial","WarpedTongs"],"potions_floor_usage":[18,19,22,23,24,25,33,33,33],"damage_taken":[{"damage":2.0,"enemies":"Jaw Worm","floor":1.0,"turns":3.0},{"damage":3.0,"enemies":"Cultist","floor":5.0,"turns":2.0},{"damage":25.0,"enemies":"Lagavulin","floor":6.0,"turns":5.0},{"damage":8.0,"enemies":"Gremlin Nob","floor":8.0,"turns":3.0},{"damage":0.0,"enemies":"2 Louse","floor":11.0,"turns":2.0},{"damage":25.0,"enemies":"3 Sentries","floor":12.0,"turns":5.0},{"damage":3.0,"enemies":"Red Slaver","floor":13.0,"turns":1.0},{"damage":3.0,"enemies":"Exordium Thugs","floor":14.0,"turns":2.0},{"damage":6.0,"enemies":"Slime Boss","floor":16.0,"turns":4.0},{"damage":19,"enemies":"2 Thieves","floor":18,"turns":3},{"damage":21,"enemies":"Shell Parasite","floor":19,"turns":3},{"damage":7,"enemies":"Snake Plant","floor":22,"turns":2},{"damage":40,"enemies":"Slavers","floor":23,"turns":4},{"damage":11,"enemies":"Cultist and Chosen","floor":24,"turns":3},{"damage":3,"enemies":"Gremlin Leader","floor":25,"turns":5},{"damage":26,"enemies":"3 Cultists","floor":28,"turns":4},{"damage":15,"enemies":"Snake Plant","floor":31,"turns":2},{"damage":88,"enemies":"Champ","floor":33,"turns":7}],"seed_played":"3771070065590033439","potions_obtained":[{"floor":1.0,"key":"SteroidPotion"},{"floor":5.0,"key":"Fire Potion"},{"floor":6.0,"key":"LiquidBronze"},{"floor":8.0,"key":"BloodPotion"},{"floor":11.0,"key":"PowerPotion"},{"floor":12.0,"key":"EssenceOfSteel"},{"floor":13.0,"key":"SneckoOil"},{"floor":14.0,"key":"SkillPotion"},{"floor":16.0,"key":"Swift Potion"},{"floor":18,"key":"Regen Potion"},{"floor":19,"key":"Explosive Potion"},{"floor":22,"key":"BloodPotion"},{"floor":23,"key":"PowerPotion"},{"floor":24,"key":"EssenceOfSteel"},{"floor":28,"key":"Explosive Potion"}],"is_trial":false,"path_per_floor":["M","?","?","$","M","E","R","E","T","R","M","E","M","M","R","B",null,"M","M","?","$","M","E","M","E","T","$","M","R","?","M","R","B"],"character_chosen":"IRONCLAD","items_purchased":["Flex","War Paint","Spot Weakness","Double Tap","Blood Vial"],"campfire_rested":1,"item_purchase_floors":[4,21,21,27,27],"current_hp_per_floor":[78,71,71,71,68,43,43,47,47,47,47,42,51,48,48,42,71,52,52,52,52,45,39,40,59,59,59,47,47,47,46,77,0],"gold":31,"neow_bonus":"BOSS_RELIC","is_prod":false,"is_daily":false,"chose_seed":false,"campfire_upgraded":4,"win_rate":0,"timestamp":1541639032,"path_taken":["M","?","?","$","M","E","R","E","T","R","M","E","?","M","R","BOSS","M","M","?","$","M","E","M","E","T","$","M","R","?","?","R","BOSS"],"build_version":"2018-11-01","purchased_purges":1,"victory":false,"max_hp_per_floor":[80,80,80,80,80,80,80,80,80,80,80,80,80,80,80,80,80,80,80,80,80,80,94,94,104,104,104,104,104,104,104,104,104],"card_choices":[{"not_picked":["Spot Weakness","Pummel"],"picked":"Hemokinesis","floor":1.0},{"not_picked":["Sword Boomerang","Whirlwind"],"picked":"Clash","floor":5.0},{"not_picked":["Heavy Blade","Second Wind","Blood for Blood"],"picked":"SKIP","floor":6.0},{"not_picked":["Metallicize","Wild Strike"],"picked":"Seeing Red","floor":8.0},{"not_picked":["Anger","Havoc"],"picked":"Clash","floor":11.0},{"not_picked":["Heavy Blade","Warcry"],"picked":"Infernal Blade","floor":12.0},{"not_picked":["Pummel","Whirlwind","Limit Break"],"picked":"Burning Pact","floor":13.0},{"not_picked":["Havoc","Cleave","Inflame"],"picked":"Flex","floor":14.0},{"not_picked":["Bludgeon","Brutality","Berserk"],"picked":"Double Tap","floor":16.0},{"not_picked":["Burning Pact","Searing Blow","Headbutt"],"picked":"Pommel Strike","floor":18},{"not_picked":["Feel No Pain","Body Slam+1","Shrug It Off"],"picked":"Rampage+1","floor":19},{"not_picked":["Flex","Sentinel","Feed"],"picked":"Perfected Strike+1","floor":22},{"not_picked":["Armaments","Sword Boomerang","Dropkick","Heavy Blade"],"picked":"SKIP","floor":23},{"not_picked":["Havoc+1","Anger","Whirlwind"],"picked":"Seeing Red","floor":24},{"not_picked":["Carnage","Flex","Sword Boomerang"],"picked":"Spot Weakness+1","floor":25},{"not_picked":["Anger","Power Through","Disarm"],"picked":"Infernal Blade","floor":28},{"not_picked":["Burning Pact+1","Second Wind","Rupture"],"picked":"Twin Strike+1","floor":31}],"player_experience":237464,"relics_obtained":[{"floor":6.0,"key":"Anchor"},{"floor":8.0,"key":"Boot"},{"floor":9.0,"key":"Whetstone"},{"floor":12.0,"key":"Question Card"},{"floor":23,"key":"Mango"},{"floor":25,"key":"Pear"},{"floor":26,"key":"Ice Cream"}],"event_choices":[{"cards_removed":["Defend_R"],"damage_healed":0.0,"max_hp_gain":0.0,"max_hp_loss":0.0,"gold_gain":0.0,"event_name":"Golden Wing","player_choice":"Card Removal","floor":2.0,"gold_loss":0.0,"damage_taken":7.0},{"damage_healed":0.0,"max_hp_gain":0.0,"max_hp_loss":0.0,"gold_gain":0.0,"event_name":"WeMeetAgain","player_choice":"Gave Potion","floor":3.0,"gold_loss":0.0,"damage_taken":0.0,"relics_obtained":["Meat on the Bone"]},{"damage_healed":0,"gold_gain":99,"player_choice":"Stole From Cult","damage_taken":0,"max_hp_gain":0,"max_hp_loss":0,"event_name":"Nest","floor":20,"gold_loss":0},{"damage_healed":0,"gold_gain":0,"player_choice":"Rummage","damage_taken":0,"relics_obtained":["WarpedTongs"],"max_hp_gain":0,"max_hp_loss":0,"event_name":"Accursed Blacksmith","floor":30,"gold_loss":0,"cards_obtained":["Pain"]}],"is_beta":false,"boss_relics":[{"not_picked":["Sozu","Snecko Eye"],"picked":"Philosopher\u0027s Stone"}],"items_purged_floors":[21],"is_endless":false,"potions_floor_spawned":[1,5,6,8,11,12,13,14,16,18,19,22,23,24,25,28,31],"killed_by":"Champ","ascension_level":5}