{"gold_per_floor":[110,121,133,208,208,208,242,242,314,314,326,341,371,64,64,160,160,175,445,455,455],"floor_reached":21,"playtime":1392,"items_purged":["Strike_R"],"score":284,"play_id":"d3979982-89c2-4bac-a0e8-bac960d47d66","local_time":"20190609220126","is_ascension_mode":true,"campfire_choices":[{"data":"Armaments","floor":6.0,"key":"SMITH"},{"data":"Iron Wave","floor":8.0,"key":"SMITH"},{"floor":10.0,"key":"REST"},{"data":"Limit Break","floor":15.0,"key":"SMITH"}],"neow_cost":"NONE","seed_source_timestamp":891850249900674,"circlet_count":0,"master_deck":["AscendersBane","Strike_R","Strike_R","Strike_R","Defend_R","Defend_R","Defend_R","Defend_R","Bash+1","Shrug It Off","Iron Wave+1","Armaments+1","Limit Break+1","Iron Wave","Inflame","Limit Break","Heavy Blade+1"],"special_seed":0,"relics":["Burning Blood","Ancient Tea Set","Mercury Hourglass","Matryoshka","OrangePellets","Sozu"],"potions_floor_usage":[21],"damage_taken":[{"damage":7.0,"enemies":"Jaw Worm","floor":1.0,"turns":3.0},{"damage":10.0,"enemies":"2 Louse","floor":2.0,"turns":4.0},{"damage":0.0,"enemies":"Cultist","floor":3.0,"turns":3.0},{"damage":35.0,"enemies":"Lagavulin","floor":7.0,"turns":10.0},{"damage":0.0,"enemies":"2 Fungi Beasts","floor":11.0,"turns":3.0},{"damage":8.0,"enemies":"Red Slaver","floor":12.0,"turns":5.0},{"damage":18.0,"enemies":"Gremlin Nob","floor":13.0,"turns":4.0},{"damage":49.0,"enemies":"Hexaghost","floor":16.0,"turns":10.0},{"damage":11.0,"enemies":"Shell Parasite","floor":18.0,"turns":6.0},{"damage":5.0,"enemies":"3 Byrds","floor":20.0,"turns":5.0},{"damage":35,"enemies":"3 Cultists","floor":21,"turns":5}],"seed_played":"-8809003103443014366","potions_obtained":[{"floor":3.0,"key":"Fruit Juice"},{"floor":7.0,"key":"Dexterity Potion"},{"floor":13.0,"key":"Fruit Juice"}],"is_trial":false,"path_per_floor":["M","M","M","?","?","R","E","R","T","R","M","M","E","$","R","B",null,"M","?","M","M"],"character_chosen":"IRONCLAD","items_purchased":["Inflame","OrangePellets"],"campfire_rested":1,"item_purchase_floors":[14,14],"current_hp_per_floor":[71,67,78,67,67,67,38,38,38,63,69,67,60,60,60,17,72,67,31,32,0],"gold":455,"neow_bonus":"UPGRADE_CARD","is_prod":false,"is_daily":false,"chose_seed":false,"campfire_upgraded":3,"win_rate":0,"timestamp":1560132086,"path_taken":["M","M","M","?","?","R","E","R","T","R","M","?","E","$","R","BOSS","M","?","M","M"],"build_version":"2019-01-23","purchased_purges":1,"victory":false,"max_hp_per_floor":[80,80,85,85,85,85,85,85,85,85,85,85,90,90,90,90,90,90,90,90,90],"card_choices":[{"not_picked":["Perfected Strike","Searing Blow"],"picked":"Shrug It Off","floor":1.0},{"not_picked":["Disarm","Blood for Blood"],"picked":"Iron Wave","floor":2.0},{"not_picked":["Combust","Evolve"],"picked":"Armaments","floor":3.0},{"not_picked":["Blood for Blood","Perfected Strike","Sever Soul"],"picked":"SKIP","floor":7.0},{"not_picked":["Power Through","Warcry","Flex"],"picked":"SKIP","floor":11.0},{"not_picked":["Carnage","Rampage","Body Slam"],"picked":"SKIP","floor":12.0},{"not_picked":["Dual Wield","Cleave"],"picked":"Iron Wave","floor":13.0},{"not_picked":["Fiend Fire","Bludgeon"],"picked":"Limit Break","floor":16.0},{"not_picked":["Cleave","Rage"],"picked":"Heavy Blade+1","floor":18.0},{"not_picked":["Havoc+1","Thunderclap","Heavy Blade+1"],"picked":"SKIP","floor":20.0}],"player_experience":444767,"relics_obtained":[{"floor":7.0,"key":"Ancient Tea Set"},{"floor":9.0,"key":"Mercury Hourglass"},{"floor":13.0,"key":"Matryoshka"}],"event_choices":[{"damage_healed":0.0,"max_hp_gain":0.0,"max_hp_loss":0.0,"gold_gain":75.0,"event_name":"World of Goop","player_choice":"Gather Gold","floor":4.0,"gold_loss":0.0,"damage_taken":11.0},{"damage_healed":0.0,"max_hp_gain":0.0,"max_hp_loss":0.0,"gold_gain":0.0,"cards_transformed":["Strike_R"],"event_name":"Transmorgrifier","player_choice":"Transformed","floor":5.0,"gold_loss":0.0,"damage_taken":0.0,"cards_obtained":["Limit Break"]},{"damage_healed":0.0,"max_hp_gain":0.0,"max_hp_loss":0.0,"gold_gain":270.0,"event_name":"Knowing Skull","player_choice":"GOLD GOLD GOLD ","floor":19.0,"potions_obtained":[],"gold_loss":0.0,"damage_taken":36.0,"cards_obtained":[]}],"is_beta":false,"boss_relics":[{"not_picked":["Runic Dome","Runic Pyramid"],"picked":"Sozu"}],"items_purged_floors":[14],"is_endless":false,"potions_floor_spawned":[3,7,13,16],"killed_by":"3 Cultists","ascension_level":10}