{"gold_per_floor":[113,113,132,156,169,169,182,225,299,299,324,171,171,209,209,335,335,355,63,63,82,92,120,131,131,131,6,6,6,6,23,23,23],"floor_reached":33,"playtime":2698,"items_purged":["Defend_B","Defend_B","Defend_B"],"score":424,"play_id":"2deb4aa8-696e-4f9f-8b7e-03409d8f13c2","local_time":"20190517173104","is_ascension_mode":true,"campfire_choices":[{"data":"Zap","floor":6,"key":"SMITH"},{"data":"Dualcast","floor":13,"key":"SMITH"},{"floor":15,"key":"REST"},{"floor":25,"key":"REST"},{"floor":29,"key":"RECALL"},{"data":"Go for the Eyes","floor":32,"key":"SMITH"}],"neow_cost":"NONE","seed_source_timestamp":121697227556442,"circlet_count":0,"master_deck":["Strike_B","Strike_B","Strike_B","Strike_B","Zap+1","Dualcast+1","Chill","Melter","Conserve Battery","Seek","Coolheaded","Go for the Eyes+1","Seek","Cold Snap","Compile Driver","Redo","Electrodynamics","Turbo","Sweeping Beam","Skim","Capacitor","Redo+1","Seek","Compile Driver","Turbo","Rainbow","Compile Driver","Gash","Compile Driver"],"relics":["Cracked Core","Bloody Idol","Calipers","Question Card","Prayer Wheel","Sozu","Lee\u0027s Waffle","Strawberry","Symbiotic Virus"],"potions_floor_usage":[8,16,23],"damage_taken":[{"damage":7,"enemies":"Small Slimes","floor":1,"turns":2},{"damage":4,"enemies":"Jaw Worm","floor":3,"turns":3},{"damage":1,"enemies":"Cultist","floor":4,"turns":3},{"damage":14,"enemies":"Exordium Wildlife","floor":5,"turns":5},{"damage":8,"enemies":"Large Slime","floor":7,"turns":5},{"damage":4,"enemies":"3 Sentries","floor":8,"turns":8},{"damage":1,"enemies":"Exordium Thugs","floor":11,"turns":5},{"damage":7,"enemies":"Lagavulin","floor":14,"turns":5},{"damage":14,"enemies":"The Guardian","floor":16,"turns":13},{"damage":17,"enemies":"Shell Parasite","floor":18,"turns":3},{"damage":8,"enemies":"Chosen","floor":21,"turns":4},{"damage":13,"enemies":"Snake Plant","floor":22,"turns":4},{"damage":39,"enemies":"Book of Stabbing","floor":23,"turns":6},{"damage":22,"enemies":"Centurion and Healer","floor":24,"turns":5},{"damage":9,"enemies":"3 Cultists","floor":31,"turns":4},{"damage":69,"enemies":"Champ","floor":33,"turns":8}],"seed_played":"6883505450776699248","potions_obtained":[{"floor":1,"key":"GamblersBrew"},{"floor":3,"key":"Swift Potion"},{"floor":4,"key":"Explosive Potion"},{"floor":5,"key":"Weak Potion"},{"floor":16,"key":"Dexterity Potion"}],"is_trial":false,"path_per_floor":["M","?","M","M","M","R","M","E","T","?","M","$","R","E","R","B",null,"M","$","?","M","M","E","M","R","T","$","?","R","?","M","R","B"],"character_chosen":"DEFECT","items_purchased":["Cold Snap","Compile Driver","Lee\u0027s Waffle"],"campfire_rested":2,"item_purchase_floors":[12,12,19],"current_hp_per_floor":[68,68,64,63,49,49,41,37,37,37,36,36,36,29,51,37,66,49,83,83,80,72,45,28,55,55,55,55,55,55,51,51,0],"gold":23,"neow_bonus":"TEN_PERCENT_HP_BONUS","is_prod":false,"is_daily":false,"chose_seed":false,"campfire_upgraded":3,"win_rate":0,"timestamp":1558128664,"path_taken":["M","?","M","M","M","R","M","E","T","?","M","$","R","E","R","BOSS","M","$","?","M","M","E","M","R","T","$","?","R","?","M","R","BOSS"],"build_version":"2019-01-23","purchased_purges":3,"victory":false,"max_hp_per_floor":[82,76,76,76,76,76,76,76,76,76,76,76,76,76,76,76,76,76,83,83,83,83,90,90,90,90,90,90,90,90,90,90,90],"card_choices":[{"not_picked":["Genetic Algorithm","Hello World"],"picked":"Chill","floor":1},{"not_picked":["Turbo","Self Repair"],"picked":"Melter","floor":3},{"not_picked":["Cold Snap","Coolheaded"],"picked":"Conserve Battery","floor":4},{"not_picked":["Ball Lightning","Fusion"],"picked":"Seek","floor":5},{"not_picked":["Compile Driver","Leap"],"picked":"Coolheaded","floor":7},{"not_picked":["Darkness","Force Field"],"picked":"Go for the Eyes","floor":8},{"not_picked":["Sunder","Coolheaded","Barrage"],"picked":"Seek","floor":11},{"not_picked":["Steam","Conserve Battery","Rebound"],"picked":"Redo","floor":14},{"not_picked":["Hyperbeam","Core Surge","Machine Learning"],"picked":"Electrodynamics","floor":16},{"not_picked":["Conserve Battery+1","Steam","Auto Shields"],"picked":"Turbo","floor":18},{"not_picked":["Steam","Ball Lightning+1","Go for the Eyes"],"picked":"Sweeping Beam","floor":18},{"not_picked":["Coolheaded","Rip and Tear","Undo"],"picked":"Skim","floor":21},{"not_picked":["Coolheaded","Sweeping Beam","Compile Driver"],"picked":"Capacitor","floor":21},{"not_picked":["Barrage","Melter","BootSequence"],"picked":"Redo+1","floor":22},{"not_picked":["Beam Cell","Cold Snap","Conserve Battery"],"picked":"Seek","floor":22},{"not_picked":["Chaos","Genetic Algorithm","Sweeping Beam"],"picked":"Compile Driver","floor":23},{"not_picked":["Chaos","Hello World","Conserve Battery"],"picked":"Turbo","floor":24},{"not_picked":["Glacier","Gash+1","Steam"],"picked":"Rainbow","floor":24},{"not_picked":["Fusion","Recycle","Coolheaded"],"picked":"Gash","floor":31},{"not_picked":["Cold Snap","Blizzard+1","Leap"],"picked":"Compile Driver","floor":31}],"player_experience":333890,"relics_obtained":[{"floor":8,"key":"Calipers"},{"floor":9,"key":"Question Card"},{"floor":14,"key":"Prayer Wheel"},{"floor":23,"key":"Strawberry"},{"floor":26,"key":"Symbiotic Virus"}],"event_choices":[{"damage_healed":0,"gold_gain":0,"player_choice":"Lose Max HP","damage_taken":0,"relics_obtained":["Golden Idol"],"max_hp_gain":0,"max_hp_loss":6,"event_name":"Golden Idol","floor":2,"gold_loss":0},{"cards_removed":["Defend_B"],"damage_healed":0,"gold_gain":0,"player_choice":"Purged","damage_taken":0,"max_hp_gain":0,"max_hp_loss":0,"event_name":"Purifier","floor":10,"gold_loss":0},{"damage_healed":0,"gold_gain":0,"player_choice":"Gave Idol","damage_taken":0,"relics_obtained":["Bloody Idol"],"max_hp_gain":0,"max_hp_loss":0,"event_name":"Forgotten Altar","floor":20,"relics_lost":["Golden Idol"],"gold_loss":0},{"damage_healed":0,"gold_gain":0,"player_choice":"Ignored","damage_taken":0,"max_hp_gain":0,"max_hp_loss":0,"event_name":"Beggar","floor":28,"gold_loss":0},{"damage_healed":0,"gold_gain":0,"player_choice":"Read","damage_taken":0,"max_hp_gain":0,"max_hp_loss":0,"event_name":"The Library","floor":30,"gold_loss":0,"cards_obtained":["Compile Driver"]}],"is_beta":false,"boss_relics":[{"not_picked":["Coffee Dripper","Velvet Choker"],"picked":"Sozu"}],"items_purged_floors":[12,19,27],"is_endless":false,"potions_floor_spawned":[1,3,4,5,16,21,23,31],"killed_by":"Champ","ascension_level":7}