{"gold_per_floor":[114,289,289,302,23,23,92,92,164,10,25,25,25,50,50,173,173,193,66,89,89,103,103,142,142,167,167,201,225,274,189,189,189],"floor_reached":33,"playtime":2259,"items_purged":["Doubt","Strike_R"],"score":422,"play_id":"4396f28b-d14d-4cd2-9aa0-a801af8ec0bf","local_time":"20190609150112","is_ascension_mode":true,"campfire_choices":[{"data":"Armaments","floor":6.0,"key":"SMITH"},{"floor":12.0,"key":"REST"},{"floor":15.0,"key":"REST"},{"data":"Offering","floor":23,"key":"SMITH"},{"floor":25,"key":"DIG"},{"data":"Pommel Strike","floor":27,"key":"SMITH"},{"data":"Spot Weakness","floor":32,"key":"SMITH"}],"neow_cost":"NONE","seed_source_timestamp":866063835081720,"circlet_count":0,"master_deck":["AscendersBane","Strike_R","Strike_R","Strike_R","Defend_R","Defend_R","Defend_R","Defend_R","Bash","Metallicize","Armaments+1","Pommel Strike+1","Shrug It Off","True Grit","Fiend Fire","Shrug It Off","Offering+1","Pommel Strike","Clothesline","Reckless Charge","Spot Weakness+1","Reaper+1","Inflame"],"special_seed":0,"relics":["Burning Blood","Golden Idol","PreservedInsect","Tiny Chest","Coffee Dripper","Enchiridion","Shovel","Molten Egg 2","Happy Flower","Centennial Puzzle","Juzu Bracelet","Omamori"],"potions_floor_usage":[24,33,33],"damage_taken":[{"damage":14.0,"enemies":"Jaw Worm","floor":1.0,"turns":3.0},{"damage":5.0,"enemies":"Small Slimes","floor":4.0,"turns":7.0},{"damage":33.0,"enemies":"Lagavulin","floor":7.0,"turns":8.0},{"damage":10.0,"enemies":"2 Louse","floor":11.0,"turns":4.0},{"damage":9.0,"enemies":"Lots of Slimes","floor":14.0,"turns":8.0},{"damage":28.0,"enemies":"Hexaghost","floor":16.0,"turns":9.0},{"damage":12.0,"enemies":"Shell Parasite","floor":18.0,"turns":9.0},{"damage":13.0,"enemies":"3 Byrds","floor":20.0,"turns":8.0},{"damage":7,"enemies":"Cultist and Chosen","floor":22,"turns":8},{"damage":10,"enemies":"Book of Stabbing","floor":24,"turns":3},{"damage":14,"enemies":"Slavers","floor":28,"turns":4},{"damage":8,"enemies":"Centurion and Healer","floor":29,"turns":4},{"damage":111,"enemies":"Automaton","floor":33,"turns":12}],"seed_played":"3181648224611816398","potions_obtained":[{"floor":11.0,"key":"PowerPotion"},{"floor":14.0,"key":"Dexterity Potion"},{"floor":20.0,"key":"GamblersBrew"},{"floor":22,"key":"Energy Potion"}],"is_trial":false,"path_per_floor":["M","?","?","M","$","R","E","$","T","$","M","R","?","M","R","B",null,"M","$","M","?","M","R","E","R","T","R","E","M","T","?","R","B"],"character_chosen":"IRONCLAD","items_purchased":["PreservedInsect","Armaments","Shrug It Off","Offering","Pommel Strike"],"campfire_rested":2,"item_purchase_floors":[5,5,10,19,19],"current_hp_per_floor":[72,72,50,51,51,51,24,24,24,24,20,46,39,36,62,40,76,70,70,63,47,46,46,42,42,42,42,34,48,48,48,48,0],"gold":189,"neow_bonus":"TEN_PERCENT_HP_BONUS","is_prod":false,"is_daily":false,"chose_seed":false,"campfire_upgraded":4,"win_rate":0,"timestamp":1560106872,"path_taken":["M","?","?","M","$","R","E","?","T","$","M","R","?","M","R","BOSS","M","$","M","?","M","R","E","R","T","R","E","M","?","?","R","BOSS"],"build_version":"2019-01-23","purchased_purges":2,"victory":false,"max_hp_per_floor":[88,88,88,88,88,88,88,88,88,88,88,88,88,88,88,88,88,88,88,88,88,88,88,88,88,88,88,88,88,88,88,88,88],"card_choices":[{"not_picked":["Sword Boomerang","Uppercut"],"picked":"Metallicize","floor":1.0},{"not_picked":["Evolve","Havoc","Dual Wield"],"picked":"SKIP","floor":4.0},{"not_picked":["Burning Pact","Hemokinesis"],"picked":"Pommel Strike","floor":7.0},{"not_picked":["Iron Wave","Warcry","Dual Wield"],"picked":"SKIP","floor":11.0},{"not_picked":["Cleave","Body Slam"],"picked":"True Grit","floor":14.0},{"not_picked":["Impervious","Berserk"],"picked":"Fiend Fire","floor":16.0},{"not_picked":["Entrench","Perfected Strike"],"picked":"Shrug It Off","floor":18.0},{"not_picked":["Perfected Strike","Iron Wave"],"picked":"Clothesline","floor":20.0},{"not_picked":["Flex","Clash"],"picked":"Reckless Charge","floor":22},{"not_picked":["Offering","Sever Soul"],"picked":"Spot Weakness","floor":24},{"not_picked":["Rupture","Warcry"],"picked":"Reaper+1","floor":28},{"not_picked":["Ghostly Armor","Searing Blow+1"],"picked":"Inflame","floor":29}],"player_experience":426322,"relics_obtained":[{"floor":7.0,"key":"Tiny Chest"},{"floor":21,"key":"Enchiridion"},{"floor":24,"key":"Shovel"},{"floor":25,"key":"Molten Egg 2"},{"floor":26,"key":"Happy Flower"},{"floor":28,"key":"Centennial Puzzle"},{"floor":30,"key":"Juzu Bracelet"}],"event_choices":[{"damage_healed":0.0,"max_hp_gain":0.0,"max_hp_loss":0.0,"gold_gain":175.0,"event_name":"Liars Game","player_choice":"AGREE","floor":2.0,"gold_loss":0.0,"damage_taken":0.0,"cards_obtained":["Doubt"]},{"damage_healed":0.0,"max_hp_gain":0.0,"max_hp_loss":0.0,"gold_gain":0.0,"event_name":"Golden Idol","player_choice":"Take Damage","floor":3.0,"gold_loss":0.0,"damage_taken":22.0,"relics_obtained":["Golden Idol"]},{"cards_removed":["Strike_R"],"damage_healed":0.0,"max_hp_gain":0.0,"max_hp_loss":0.0,"gold_gain":0.0,"event_name":"Golden Wing","player_choice":"Card Removal","floor":13.0,"gold_loss":0.0,"damage_taken":7.0},{"damage_healed":0,"gold_gain":0,"player_choice":"Obtained Book","damage_taken":16,"max_hp_gain":0,"max_hp_loss":0,"event_name":"Cursed Tome","floor":21,"gold_loss":0},{"damage_healed":0,"gold_gain":0,"player_choice":"Obtained Relic","damage_taken":0,"relics_obtained":["Omamori"],"max_hp_gain":0,"max_hp_loss":0,"event_name":"Addict","floor":31,"gold_loss":85}],"is_beta":false,"boss_relics":[{"not_picked":["Pandora\u0027s Box","Philosopher\u0027s Stone"],"picked":"Coffee Dripper"}],"items_purged_floors":[5,10],"is_endless":false,"potions_floor_spawned":[11,14,20,22],"killed_by":"Automaton","ascension_level":10}