{"gold_per_floor":[213,223,298,315,335,335,350,365,392,422,422,437,37,37,37,112,112,79,79,79,91,103,103,103],"floor_reached":24,"playtime":949,"items_purged":["Strike_R"],"score":330,"play_id":"1a4c0629-c69b-4e4b-8695-a55a194f431f","local_time":"20190426225318","is_ascension_mode":true,"campfire_choices":[{"data":"True Grit","floor":6,"key":"SMITH"},{"floor":11,"key":"REST"},{"data":"Metallicize","floor":15,"key":"SMITH"},{"data":"Spot Weakness","floor":23,"key":"SMITH"}],"neow_cost":"NONE","seed_source_timestamp":578908939707678,"circlet_count":0,"master_deck":["AscendersBane","Strike_R","Strike_R","Strike_R","Strike_R","Defend_R","Defend_R","Defend_R","Defend_R","Bash","Pommel Strike","True Grit+1","Ghostly Armor","Headbutt","Metallicize","Metallicize+1","Spot Weakness+1","Impervious","Seeing Red","Disarm"],"relics":["Burning Blood","Regal Pillow","Paper Frog","Bag of Marbles","Runic Cube","MutagenicStrength"],"potions_floor_usage":[7,8,10,16,22],"damage_taken":[{"damage":3,"enemies":"Small Slimes","floor":1,"turns":4},{"damage":7,"enemies":"2 Louse","floor":2,"turns":2},{"damage":6,"enemies":"Cultist","floor":4,"turns":3},{"damage":17,"enemies":"Blue Slaver","floor":5,"turns":6},{"damage":18,"enemies":"Exordium Wildlife","floor":7,"turns":7},{"damage":14,"enemies":"Exordium Thugs","floor":8,"turns":6},{"damage":27,"enemies":"Lagavulin","floor":10,"turns":8},{"damage":7,"enemies":"2 Fungi Beasts","floor":12,"turns":4},{"damage":25,"enemies":"The Guardian","floor":16,"turns":12},{"damage":32,"enemies":"2 Thieves","floor":18,"turns":5},{"damage":19,"enemies":"Spheric Guardian","floor":21,"turns":11},{"damage":16,"enemies":"Snecko","floor":22,"turns":6},{"damage":26,"enemies":"Snake Plant","floor":24,"turns":4}],"seed_played":"-7757404179601789750","potions_obtained":[{"floor":1,"key":"Swift Potion"},{"floor":4,"key":"FearPotion"},{"floor":8,"key":"Energy Potion"},{"floor":21,"key":"AttackPotion"}],"is_trial":false,"path_per_floor":["M","M","?","M","M","R","M","M","T","E","R","M","$","?","R","B",null,"M","$","?","M","M","R","M"],"character_chosen":"IRONCLAD","items_purchased":["Spot Weakness","Bag of Marbles","Fruit Juice"],"campfire_rested":1,"item_purchase_floors":[13,13,13],"current_hp_per_floor":[75,74,63,63,52,52,40,32,32,11,50,49,49,49,49,35,73,47,47,47,34,24,24,0],"gold":103,"neow_bonus":"HUNDRED_GOLD","is_prod":false,"is_daily":false,"chose_seed":false,"campfire_upgraded":3,"win_rate":0,"timestamp":1556333598,"path_taken":["M","M","?","M","M","R","M","M","T","E","R","M","$","?","R","BOSS","M","?","?","?","M","R","M"],"build_version":"2019-01-23","purchased_purges":1,"victory":false,"max_hp_per_floor":[80,80,80,80,80,80,80,80,80,80,80,80,80,80,80,85,85,85,85,85,85,85,85,85],"card_choices":[{"not_picked":["Sword Boomerang","Warcry"],"picked":"Pommel Strike","floor":1},{"not_picked":["Exhume","Warcry"],"picked":"True Grit","floor":2},{"not_picked":["Twin Strike","Iron Wave","Sentinel"],"picked":"SKIP","floor":4},{"not_picked":["Headbutt","Twin Strike"],"picked":"Ghostly Armor","floor":5},{"not_picked":["Twin Strike","Body Slam","True Grit"],"picked":"SKIP","floor":7},{"not_picked":["Warcry","Cleave"],"picked":"Headbutt","floor":8},{"not_picked":["True Grit","Impervious"],"picked":"Metallicize","floor":10},{"not_picked":["Thunderclap","Whirlwind"],"picked":"Metallicize","floor":12},{"not_picked":["Fiend Fire","Demon Form"],"picked":"Impervious","floor":16},{"not_picked":["Iron Wave","Infernal Blade+1"],"picked":"Seeing Red","floor":18},{"not_picked":["Dual Wield","Intimidate"],"picked":"Disarm","floor":21},{"not_picked":["Body Slam","Cleave","Iron Wave"],"picked":"SKIP","floor":22}],"player_experience":323386,"relics_obtained":[{"floor":9,"key":"Regal Pillow"},{"floor":10,"key":"Paper Frog"}],"event_choices":[{"damage_healed":0,"gold_gain":75,"player_choice":"Gather Gold","damage_taken":11,"max_hp_gain":0,"max_hp_loss":0,"event_name":"World of Goop","floor":3,"gold_loss":0},{"damage_healed":0,"gold_gain":0,"player_choice":"Ignored","damage_taken":0,"max_hp_gain":0,"max_hp_loss":0,"event_name":"WeMeetAgain","floor":14,"gold_loss":0},{"damage_healed":0,"gold_gain":0,"player_choice":"Inject Mutagens","damage_taken":0,"relics_obtained":["MutagenicStrength"],"max_hp_gain":0,"max_hp_loss":0,"event_name":"Drug Dealer","floor":20,"gold_loss":0}],"is_beta":false,"boss_relics":[{"not_picked":["Calling Bell","Orrery"],"picked":"Runic Cube"}],"items_purged_floors":[13],"is_endless":false,"potions_floor_spawned":[1,4,5,8,21],"killed_by":"Snake Plant","ascension_level":13}