{"gold_per_floor":[113,188,203,215,19,33,48,60,85,85],"floor_reached":10,"playtime":438,"items_purged":[],"score":62,"play_id":"969f9231-52d7-4f96-a159-3dc64554caa1","local_time":"20181119015431","is_ascension_mode":false,"campfire_choices":[],"neow_cost":"NONE","seed_source_timestamp":35133724119495,"circlet_count":0,"master_deck":["Strike_R","Strike_R","Strike_R","Strike_R","Defend_R","Defend_R","Defend_R","Defend_R","Bash","Anger","Pommel Strike","Juggernaut","Impervious","Inflame","Anger","Warcry","True Grit"],"relics":["Burning Blood","Dream Catcher"],"potions_floor_usage":[6],"damage_taken":[{"damage":6,"enemies":"Jaw Worm","floor":1,"turns":4},{"damage":1,"enemies":"Cultist","floor":3,"turns":4},{"damage":0,"enemies":"Small Slimes","floor":4,"turns":3},{"damage":7,"enemies":"Blue Slaver","floor":6,"turns":2},{"damage":10,"enemies":"Looter","floor":7,"turns":4},{"damage":10,"enemies":"Exordium Thugs","floor":8,"turns":4},{"damage":0,"enemies":"2 Fungi Beasts","floor":10,"turns":1}],"seed_played":"-1953780825943786564","potions_obtained":[{"floor":3,"key":"AttackPotion"}],"is_trial":false,"path_per_floor":["M","?","M","M","$","M","M","M","T","M"],"character_chosen":"IRONCLAD","items_purchased":["Impervious","Inflame","Anger"],"campfire_rested":0,"item_purchase_floors":[5,5,5],"current_hp_per_floor":[80,72,77,80,80,79,75,71,71,71],"gold":85,"neow_bonus":"REMOVE_CARD","is_prod":false,"is_daily":false,"chose_seed":false,"campfire_upgraded":0,"win_rate":0,"timestamp":1542581671,"path_taken":["M","?","M","M","$","M","M","?","T","M"],"build_version":"2018-11-15","purchased_purges":0,"victory":false,"max_hp_per_floor":[80,80,80,80,80,80,80,80,80,80],"card_choices":[{"not_picked":["Warcry","Whirlwind"],"picked":"Anger","floor":1},{"not_picked":["Clash","Flex"],"picked":"Pommel Strike","floor":3},{"not_picked":["Rampage","Anger"],"picked":"Juggernaut","floor":4},{"not_picked":["Twin Strike","Headbutt"],"picked":"Warcry","floor":6},{"not_picked":["Havoc","Clash","Twin Strike"],"picked":"SKIP","floor":7},{"not_picked":["Entrench","Twin Strike"],"picked":"True Grit","floor":8}],"player_experience":346765,"relics_obtained":[{"floor":9,"key":"Dream Catcher"}],"event_choices":[{"damage_healed":0,"gold_gain":75,"player_choice":"Touch","damage_taken":8,"max_hp_gain":0,"max_hp_loss":0,"event_name":"FaceTrader","floor":2,"gold_loss":0}],"is_beta":false,"boss_relics":[],"items_purged_floors":[],"is_endless":false,"potions_floor_spawned":[3],"killed_by":"2 Fungi Beasts","ascension_level":0}