{"gold_per_floor":[112,124,66,141,204,236,236,236,236,236,255,268,268,278,278,278],"floor_reached":16,"playtime":552,"items_purged":[],"score":200,"play_id":"246f5b63-20f0-4df5-8662-1f37ef0530ff","local_time":"20190604203511","is_ascension_mode":true,"campfire_choices":[{"data":"Cleave","floor":10,"key":"SMITH"},{"data":"Armaments","floor":13,"key":"SMITH"},{"floor":15,"key":"REST"}],"neow_cost":"NONE","seed_source_timestamp":1869476088536831,"circlet_count":0,"master_deck":["AscendersBane","Strike_R","Strike_R","Strike_R","Strike_R","Strike_R","Defend_R","Defend_R","Defend_R","Defend_R","Bash","Shrug It Off","Clothesline","Cleave+1","Iron Wave","Armaments+1","Ghostly Armor"],"relics":["Burning Blood","Anchor","Regal Pillow","Shovel"],"potions_floor_usage":[6,12,16],"damage_taken":[{"damage":9,"enemies":"2 Louse","floor":1,"turns":4},{"damage":15,"enemies":"Small Slimes","floor":2,"turns":4},{"damage":26,"enemies":"3 Sentries","floor":6,"turns":10},{"damage":0,"enemies":"Jaw Worm","floor":11,"turns":3},{"damage":0,"enemies":"Blue Slaver","floor":12,"turns":3},{"damage":14,"enemies":"Lots of Slimes","floor":14,"turns":4},{"damage":75,"enemies":"Slime Boss","floor":16,"turns":12}],"seed_played":"-3196614014057706110","potions_obtained":[{"floor":2,"key":"PowerPotion"},{"floor":6,"key":"Fire Potion"},{"floor":12,"key":"PowerPotion"}],"is_trial":false,"path_per_floor":["M","M","$","?","?","E","?","?","T","R","M","M","R","M","R","B"],"character_chosen":"IRONCLAD","items_purchased":["Cleave"],"campfire_rested":1,"item_purchase_floors":[3],"current_hp_per_floor":[72,63,63,52,52,32,32,32,32,32,38,44,44,36,75,0],"gold":278,"neow_bonus":"TEN_PERCENT_HP_BONUS","is_prod":false,"is_daily":false,"chose_seed":false,"campfire_upgraded":2,"win_rate":0,"timestamp":1559694911,"path_taken":["M","M","$","?","?","E","?","?","T","R","M","M","R","M","R","BOSS"],"build_version":"2019-01-23","purchased_purges":0,"victory":false,"max_hp_per_floor":[82,82,82,82,82,82,82,82,82,82,82,82,82,82,82,82],"card_choices":[{"not_picked":["Evolve","Flex"],"picked":"Shrug It Off","floor":1},{"not_picked":["Reckless Charge","Flex"],"picked":"Clothesline","floor":2},{"not_picked":["Dropkick","Clash"],"picked":"Iron Wave","floor":6},{"not_picked":["Wild Strike","Sword Boomerang","Rage"],"picked":"SKIP","floor":11},{"not_picked":["Wild Strike","Heavy Blade"],"picked":"Armaments","floor":12},{"not_picked":["Pommel Strike","Hemokinesis"],"picked":"Ghostly Armor","floor":14}],"player_experience":556350,"relics_obtained":[{"floor":6,"key":"Anchor"},{"floor":9,"key":"Shovel"}],"event_choices":[{"damage_healed":0,"gold_gain":75,"player_choice":"Gather Gold","damage_taken":11,"max_hp_gain":0,"max_hp_loss":0,"event_name":"World of Goop","floor":4,"gold_loss":0},{"damage_healed":0,"gold_gain":63,"player_choice":"Gained Gold","damage_taken":0,"max_hp_gain":0,"max_hp_loss":0,"event_name":"Golden Wing","floor":5,"gold_loss":0},{"damage_healed":0,"gold_gain":0,"player_choice":"Searched \u00271\u0027 times","damage_taken":0,"relics_obtained":["Regal Pillow"],"max_hp_gain":0,"max_hp_loss":0,"event_name":"Dead Adventurer","floor":7,"gold_loss":0},{"damage_healed":0,"gold_gain":0,"player_choice":"Ignored","damage_taken":0,"max_hp_gain":0,"max_hp_loss":0,"event_name":"Shining Light","floor":8,"gold_loss":0}],"is_beta":false,"boss_relics":[],"items_purged_floors":[],"is_endless":false,"potions_floor_spawned":[2,6,12],"killed_by":"Slime Boss","ascension_level":20}