{"gold_per_floor":[116,116,135,149,160,192,192,211,211,211,222,238,257,257,257,257],"floor_reached":16,"playtime":1501,"items_purged":[],"score":106,"play_id":"16216d5a-8fbe-4c23-a1af-8bb54ca18de3","local_time":"20181015233648","is_ascension_mode":false,"campfire_choices":[{"floor":7,"key":"REST"},{"floor":10,"key":"REST"},{"floor":15,"key":"REST"}],"neow_cost":"","seed_source_timestamp":74880183432842,"circlet_count":0,"master_deck":["Defend_G","Defend_G","Defend_G","Defend_G","Defend_G","Strike_G","Strike_G","Strike_G","Strike_G","Strike_G","Survivor","Neutralize","Bane","Bouncing Flask","Deflect","Backflip","Bouncing Flask","Poisoned Stab","Corpse Explosion","Sucker Punch","Backflip"],"relics":["Ring of the Snake","Lantern","PreservedInsect"],"potions_floor_usage":[6,6,13,16],"damage_taken":[{"damage":11,"enemies":"Jaw Worm","floor":1,"turns":4},{"damage":0,"enemies":"Small Slimes","floor":3,"turns":3},{"damage":0,"enemies":"Cultist","floor":4,"turns":3},{"damage":0,"enemies":"Exordium Wildlife","floor":5,"turns":4},{"damage":28,"enemies":"3 Sentries","floor":6,"turns":8},{"damage":35,"enemies":"Gremlin Gang","floor":8,"turns":5},{"damage":18,"enemies":"Large Slime","floor":11,"turns":6},{"damage":7,"enemies":"Blue Slaver","floor":12,"turns":3},{"damage":11,"enemies":"Lots of Slimes","floor":13,"turns":4},{"damage":47,"enemies":"Slime Boss","floor":16,"turns":8}],"seed_played":"-3442067007295089364","potions_obtained":[{"floor":3,"key":"Swift Potion"},{"floor":4,"key":"Swift Potion"},{"floor":8,"key":"Strength Potion"},{"floor":13,"key":"Regen Potion"}],"is_trial":false,"path_per_floor":["M","?","M","M","M","E","R","M","T","R","M","M","M","?","R"],"character_chosen":"THE_SILENT","items_purchased":[],"campfire_rested":3,"item_purchase_floors":[],"current_hp_per_floor":[59,59,59,59,59,31,52,17,17,38,20,13,2,2,23,0],"gold":257,"neow_bonus":"","is_prod":false,"is_daily":false,"chose_seed":false,"campfire_upgraded":0,"win_rate":0,"timestamp":1539635808,"path_taken":["M","?","M","M","M","E","R","M","T","R","M","?","M","?","R","BOSS"],"build_version":"2018-10-11","purchased_purges":0,"victory":false,"max_hp_per_floor":[70,70,70,70,70,70,70,70,70,70,70,70,70,70,70,70],"card_choices":[{"not_picked":["Outmaneuver","Calculated Gamble"],"picked":"Bane","floor":1},{"not_picked":["Backflip","Dagger Spray"],"picked":"Bouncing Flask","floor":3},{"not_picked":["Masterful Stab","Storm of Steel"],"picked":"Deflect","floor":4},{"not_picked":["Skewer","Dagger Throw"],"picked":"Backflip","floor":5},{"not_picked":["Outmaneuver","Deadly Poison"],"picked":"Bouncing Flask","floor":6},{"not_picked":["Acrobatics","Dodge and Roll"],"picked":"Poisoned Stab","floor":8},{"not_picked":["All Out Attack","Expertise"],"picked":"Corpse Explosion","floor":11},{"not_picked":["Terror","Skewer"],"picked":"Sucker Punch","floor":12},{"not_picked":["Outmaneuver","Underhanded Strike"],"picked":"Backflip","floor":13}],"player_experience":127388,"relics_obtained":[{"floor":6,"key":"Lantern"},{"floor":9,"key":"PreservedInsect"}],"event_choices":[{"event_name":"Scrap Ooze","player_choice":"unsuccessful","floor":2,"damage_taken":0},{"event_name":"FaceTrader","player_choice":"Leave","floor":14,"damage_taken":0}],"is_beta":false,"boss_relics":[],"items_purged_floors":[],"is_endless":false,"potions_floor_spawned":[3,4,8,13],"killed_by":"Slime Boss","ascension_level":0}