{"gold_per_floor":[115,44,54,71,86,86,103,121,175,175,209,209,224,244,244,341,341,356,84,94,109,109],"floor_reached":22,"playtime":2001,"items_purged":[],"score":192,"play_id":"564739ce-5591-4a66-a15a-9779d4dbade9","local_time":"20190601010122","is_ascension_mode":false,"campfire_choices":[{"floor":6,"key":"REST"},{"floor":10,"key":"REST"},{"floor":15,"key":"REST"}],"neow_cost":"NONE","seed_source_timestamp":14197716418547,"circlet_count":0,"master_deck":["Strike_B","Strike_B","Strike_B","Strike_B","Defend_B","Defend_B","Defend_B","Defend_B","Zap","Dualcast","Steam","Reinforced Body","Ball Lightning","Loop+1","Leap","Amplify","Coolheaded","Sweeping Beam","Ball Lightning","Redo+1","Electrodynamics","Compile Driver","Darkness+1","Stack+1","Apotheosis+1","Gash","Hello World+1"],"relics":["Cracked Core","NeowsBlessing","Ancient Tea Set","Toxic Egg 2","Eternal Feather"],"potions_floor_usage":[11,16,22,22],"damage_taken":[{"damage":0,"enemies":"Small Slimes","floor":1,"turns":1},{"damage":0,"enemies":"2 Louse","floor":3,"turns":1},{"damage":0,"enemies":"Jaw Worm","floor":4,"turns":1},{"damage":40,"enemies":"Gremlin Gang","floor":5,"turns":6},{"damage":2,"enemies":"2 Fungi Beasts","floor":7,"turns":4},{"damage":5,"enemies":"Exordium Wildlife","floor":8,"turns":4},{"damage":4,"enemies":"3 Sentries","floor":11,"turns":8},{"damage":0,"enemies":"Large Slime","floor":13,"turns":5},{"damage":19,"enemies":"Gremlin Gang","floor":14,"turns":4},{"damage":9,"enemies":"Slime Boss","floor":16,"turns":11},{"damage":10,"enemies":"Spheric Guardian","floor":18,"turns":4},{"damage":16,"enemies":"2 Thieves","floor":20,"turns":3},{"damage":18,"enemies":"Snecko","floor":21,"turns":6},{"damage":36,"enemies":"Snake Plant","floor":22,"turns":4}],"seed_played":"-915113741771484630","potions_obtained":[{"floor":3,"key":"Explosive Potion"},{"floor":7,"key":"Dexterity Potion"},{"floor":13,"key":"Swift Potion"},{"floor":14,"key":"EssenceOfSteel"},{"floor":16,"key":"Dexterity Potion"},{"floor":18,"key":"Poison Potion"}],"is_trial":false,"path_per_floor":["M","$","M","M","M","R","M","M","T","R","E","?","M","M","R","B",null,"M","$","M","M","M"],"character_chosen":"DEFECT","items_purchased":["Reinforced Body","Darkness+1","Stack+1","Apotheosis+1"],"campfire_rested":3,"item_purchase_floors":[2,19,19,19],"current_hp_per_floor":[75,75,75,75,35,57,55,50,50,72,68,68,68,49,71,62,75,65,65,49,31,0],"gold":109,"neow_bonus":"THREE_ENEMY_KILL","is_prod":false,"is_daily":false,"chose_seed":false,"campfire_upgraded":0,"win_rate":0.0,"timestamp":1559368882,"path_taken":["M","$","M","M","M","R","M","M","T","R","E","?","M","M","R","BOSS","M","$","M","M","M"],"build_version":"2019-01-23","purchased_purges":0,"victory":false,"max_hp_per_floor":[75,75,75,75,75,75,75,75,75,75,75,75,75,75,75,75,75,75,75,75,75,75],"card_choices":[{"not_picked":["Leap","Sweeping Beam"],"picked":"Steam","floor":1},{"not_picked":["Self Repair","Compile Driver"],"picked":"Ball Lightning","floor":3},{"not_picked":["Hello World","Defragment"],"picked":"Loop","floor":4},{"not_picked":["Ball Lightning","Tempest"],"picked":"Leap","floor":5},{"not_picked":["Sweeping Beam","Hologram"],"picked":"Amplify","floor":7},{"not_picked":["Conserve Battery","Force Field"],"picked":"Coolheaded","floor":8},{"not_picked":["Compile Driver","Gash"],"picked":"Sweeping Beam","floor":11},{"not_picked":["Leap+1","Stack+1"],"picked":"Ball Lightning","floor":13},{"not_picked":["Coolheaded+1","Force Field+1"],"picked":"Redo+1","floor":14},{"not_picked":["All For One","Seek+1"],"picked":"Electrodynamics","floor":16},{"not_picked":["Coolheaded+1","Beam Cell"],"picked":"Compile Driver","floor":18},{"not_picked":["Go for the Eyes","Streamline+1"],"picked":"Gash","floor":20},{"not_picked":["Hologram+1","Go for the Eyes"],"picked":"Hello World+1","floor":21}],"player_experience":8174,"relics_obtained":[{"floor":9,"key":"Ancient Tea Set"},{"floor":11,"key":"Toxic Egg 2"}],"event_choices":[{"damage_healed":0,"gold_gain":0,"player_choice":"Grow","damage_taken":0,"max_hp_gain":0,"max_hp_loss":0,"event_name":"Living Wall","floor":12,"gold_loss":0,"cards_upgraded":["Loop"]}],"is_beta":false,"boss_relics":[{"not_picked":["Runic Dome","Velvet Choker"],"picked":"Eternal Feather"}],"items_purged_floors":[],"is_endless":false,"potions_floor_spawned":[3,7,13,14,16,18],"killed_by":"Snake Plant","ascension_level":0}