{"gold_per_floor":[114,129,129,94,109,139,2,32,32,46,76,106,136,151,151,251,251,266,266,80,95,110,140,155,155,205,220,220,24,24,39,39,139,139,154,4,304,333,333,333,363,113,163,163,22,22,22,37,37,37],"floor_reached":51,"playtime":4214,"items_purged":[],"score":769,"play_id":"a18cc5b1-545e-4a5d-ae7a-5c8a5ae3d978","local_time":"20190602223851","daily_mods":["Draft","Flight","Terminal"],"is_ascension_mode":false,"campfire_choices":[{"data":"Body Slam","floor":15,"key":"SMITH"},{"floor":28,"key":"REST"},{"floor":30,"key":"REST"},{"floor":32,"key":"REST"},{"floor":40,"key":"REST"},{"floor":44,"key":"REST"},{"floor":46,"key":"REST"},{"data":"1","floor":49,"key":"LIFT"}],"neow_cost":"","seed_source_timestamp":0,"circlet_count":0,"master_deck":["Cleave","Body Slam+1","Shrug It Off","Headbutt","Iron Wave","Flame Barrier","Metallicize","Headbutt","Flex","Iron Wave","Twin Strike","Sword Boomerang","Shrug It Off","Anger+1","Body Slam","Clash","Entrench","Flash of Steel+1","Evolve","Blood for Blood","Dual Wield","Immolate","Uppercut","Shrug It Off+1","Barricade","Heavy Blade","Inflame","Headbutt","Deep Breath+1","Havoc+1","Shockwave+1","Double Tap+1","Power Through+1","Writhe","Wild Strike","Flex+1","Body Slam+1","Impervious+1","Spot Weakness+1","Bludgeon","Spot Weakness+1","Carnage+1","Master of Strategy+1","Body Slam+1","Infernal Blade+1","Parasite","Wild Strike+1","Double Tap+1","Reaper","Evolve+1"],"special_seed":18050,"relics":["Burning Blood","Juzu Bracelet","Strawberry","Pantograph","Self Forming Clay","Odd Mushroom","Nunchaku","Orichalcum","Toxic Egg 2","Lizard Tail","Shuriken","Letter Opener","Bag of Preparation","Dream Catcher","Cursed Key","Whetstone","Old Coin","Mango","Girya","Gremlin Horn","Art of War"],"potions_floor_usage":[8,16,16,33,38],"damage_taken":[{"damage":0,"enemies":"Jaw Worm","floor":1,"turns":2},{"damage":0,"enemies":"2 Louse","floor":2,"turns":2},{"damage":0,"enemies":"Small Slimes","floor":5,"turns":2},{"damage":1,"enemies":"3 Sentries","floor":6,"turns":5},{"damage":36,"enemies":"Gremlin Nob","floor":8,"turns":5},{"damage":3,"enemies":"The Mushroom Lair","floor":10,"turns":3},{"damage":1,"enemies":"Lagavulin","floor":11,"turns":6},{"damage":6,"enemies":"Gremlin Nob","floor":12,"turns":5},{"damage":0,"enemies":"3 Louse","floor":14,"turns":1},{"damage":13,"enemies":"Slime Boss","floor":16,"turns":8},{"damage":0,"enemies":"3 Byrds","floor":18,"turns":4},{"damage":0,"enemies":"Chosen","floor":21,"turns":7},{"damage":4,"enemies":"Centurion and Healer","floor":22,"turns":4},{"damage":20,"enemies":"Book of Stabbing","floor":23,"turns":7},{"damage":22,"enemies":"Shelled Parasite and Fungi","floor":24,"turns":4},{"damage":1,"enemies":"Snake Plant","floor":27,"turns":6},{"damage":3,"enemies":"Snecko","floor":31,"turns":5},{"damage":15,"enemies":"Collector","floor":33,"turns":9},{"damage":9,"enemies":"3 Shapes","floor":35,"turns":4},{"damage":25,"enemies":"2 Orb Walkers","floor":38,"turns":4},{"damage":37,"enemies":"Nemesis","floor":41,"turns":7},{"damage":0,"enemies":"Orb Walker","floor":48,"turns":2},{"damage":92,"enemies":"Awakened One","floor":50,"turns":10}],"seed_played":"4062081595039347148","potions_obtained":[{"floor":1,"key":"Ancient Potion"},{"floor":2,"key":"SkillPotion"},{"floor":5,"key":"SteroidPotion"},{"floor":8,"key":"FearPotion"},{"floor":14,"key":"SteroidPotion"},{"floor":22,"key":"Explosive Potion"},{"floor":23,"key":"Strength Potion"},{"floor":24,"key":"Block Potion"},{"floor":35,"key":"Regen Potion"},{"floor":41,"key":"Fire Potion"},{"floor":48,"key":"Swift Potion"}],"is_trial":false,"path_per_floor":["M","M","?","?","M","E","$","E","T","?","E","E","?","M","R","B",null,"M","?","$","M","M","E","M","?","T","M","R","$","R","M","R","B",null,"M","$","?","?","?","R","E","$","T","R","$","R","?","M","R","B",null],"character_chosen":"IRONCLAD","items_purchased":["Flash of Steel","Evolve","Inflame","Headbutt","Deep Breath+1","Dream Catcher","Flex+1","Whetstone","Gremlin Horn","Double Tap+1"],"campfire_rested":6,"item_purchase_floors":[7,7,20,20,20,29,29,36,42,45],"current_hp_per_floor":[78,77,59,75,74,80,79,49,49,52,57,57,57,63,63,64,69,68,67,66,65,64,50,34,34,34,39,56,56,56,55,54,45,52,49,49,49,44,44,60,29,29,29,46,46,54,53,52,51,7],"gold":37,"neow_bonus":"","is_prod":false,"is_daily":true,"chose_seed":false,"campfire_upgraded":1,"win_rate":0,"timestamp":1559533131,"path_taken":["M","M","?","?","M","E","?","E","T","?","E","E","?","M","R","BOSS","M","?","$","M","M","E","M","?","T","M","R","$","R","M","R","BOSS","M","$","?","?","?","R","E","?","T","R","$","R","?","M","R","BOSS"],"build_version":"2019-01-23","purchased_purges":0,"victory":true,"max_hp_per_floor":[78,77,76,75,74,80,79,78,77,76,75,74,73,72,71,70,69,68,67,66,65,64,63,62,61,60,59,58,57,56,55,54,53,52,51,50,49,62,61,60,59,58,57,56,55,54,53,52,51,50],"card_choices":[{"not_picked":["Rampage","Wild Strike"],"picked":"Cleave","floor":0},{"not_picked":["Clash","Pummel"],"picked":"Rage","floor":0},{"not_picked":["Rage","Pommel Strike"],"picked":"Body Slam","floor":0},{"not_picked":["Sentinel","Cleave"],"picked":"Shrug It Off","floor":0},{"not_picked":["Pommel Strike","Flex"],"picked":"Headbutt","floor":0},{"not_picked":["Sword Boomerang","Blood for Blood"],"picked":"Iron Wave","floor":0},{"not_picked":["Searing Blow","Cleave"],"picked":"Flame Barrier","floor":0},{"not_picked":["Havoc","Sword Boomerang"],"picked":"Metallicize","floor":0},{"not_picked":["Blood for Blood","Armaments"],"picked":"Headbutt","floor":0},{"not_picked":["Twin Strike","Infernal Blade"],"picked":"Flex","floor":0},{"not_picked":["Sentinel","Clothesline"],"picked":"Iron Wave","floor":0},{"not_picked":["Rage","Armaments"],"picked":"Sentinel","floor":0},{"not_picked":["Perfected Strike","Reckless Charge"],"picked":"Twin Strike","floor":0},{"not_picked":["Heavy Blade","Entrench"],"picked":"Sword Boomerang","floor":0},{"not_picked":["Armaments","Reckless Charge"],"picked":"Shrug It Off","floor":0},{"not_picked":["Rage","Disarm"],"picked":"Anger","floor":1},{"not_picked":["Clothesline","Clash"],"picked":"Body Slam","floor":2},{"not_picked":["Rupture","Heavy Blade"],"picked":"Clash","floor":5},{"not_picked":["Feel No Pain","Battle Trance"],"picked":"Entrench","floor":6},{"not_picked":["Havoc","Clash"],"picked":"Blood for Blood","floor":8},{"not_picked":["Flex","Combust"],"picked":"Dual Wield","floor":10},{"not_picked":["Thunderclap","Warcry"],"picked":"Immolate","floor":11},{"not_picked":["Fire Breathing","Rampage"],"picked":"Uppercut","floor":12},{"not_picked":["Heavy Blade","Pommel Strike"],"picked":"Shrug It Off+1","floor":14},{"not_picked":["Juggernaut","Immolate"],"picked":"Barricade","floor":16},{"not_picked":["Corruption+1","Feel No Pain+1"],"picked":"Heavy Blade","floor":18},{"not_picked":["Thunderclap+1","Heavy Blade"],"picked":"Havoc+1","floor":21},{"not_picked":["Dual Wield+1","Heavy Blade+1"],"picked":"Shockwave+1","floor":22},{"not_picked":["Clash+1","Wild Strike"],"picked":"Double Tap+1","floor":23},{"not_picked":["True Grit+1","Iron Wave"],"picked":"Power Through+1","floor":24},{"not_picked":["Warcry+1","Battle Trance+1"],"picked":"Wild Strike","floor":27},{"not_picked":["Sword Boomerang","Uppercut+1"],"picked":"Body Slam+1","floor":30},{"not_picked":["Anger+1","Twin Strike"],"picked":"Impervious+1","floor":31},{"not_picked":["Warcry+1","True Grit+1"],"picked":"Spot Weakness+1","floor":32},{"not_picked":["Feed","Exhume+1"],"picked":"Bludgeon","floor":33},{"not_picked":["Shockwave+1","Dual Wield+1"],"picked":"Spot Weakness+1","floor":35},{"not_picked":["Sword Boomerang","Clash"],"picked":"Carnage+1","floor":38},{"not_picked":["Dark Shackles+1","Chrysalis+1"],"picked":"Master of Strategy+1","floor":39},{"not_picked":["Headbutt","Clash+1"],"picked":"Body Slam+1","floor":40},{"not_picked":["Clash+1","Sever Soul"],"picked":"Infernal Blade+1","floor":41},{"not_picked":["Clash+1","Iron Wave"],"picked":"Wild Strike+1","floor":44},{"not_picked":["Havoc+1","Disarm+1"],"picked":"Reaper","floor":46},{"not_picked":["Metallicize","Blood for Blood+1"],"picked":"Evolve+1","floor":48}],"player_experience":41790,"relics_obtained":[{"floor":6,"key":"Strawberry"},{"floor":8,"key":"Pantograph"},{"floor":9,"key":"Self Forming Clay"},{"floor":10,"key":"Odd Mushroom"},{"floor":11,"key":"Nunchaku"},{"floor":12,"key":"Orichalcum"},{"floor":23,"key":"Shuriken"},{"floor":26,"key":"Bag of Preparation"},{"floor":38,"key":"Mango"},{"floor":41,"key":"Girya"},{"floor":43,"key":"Art of War"}],"event_choices":[{"damage_healed":0,"gold_gain":0,"player_choice":"Success","damage_taken":18,"relics_obtained":["Juzu Bracelet"],"max_hp_gain":0,"max_hp_loss":0,"event_name":"Scrap Ooze","floor":3,"gold_loss":0},{"damage_healed":19,"gold_gain":0,"player_choice":"Healed","damage_taken":0,"max_hp_gain":0,"max_hp_loss":0,"event_name":"The Cleric","floor":4,"gold_loss":35},{"damage_healed":0,"gold_gain":0,"player_choice":"Fought Mushrooms","damage_taken":0,"max_hp_gain":0,"max_hp_loss":0,"event_name":"Mushrooms","floor":10,"gold_loss":0},{"damage_healed":0,"gold_gain":30,"player_choice":"Searched \u00273\u0027 times","damage_taken":0,"relics_obtained":["Toxic Egg 2"],"max_hp_gain":0,"max_hp_loss":0,"event_name":"Dead Adventurer","floor":13,"gold_loss":0},{"cards_removed":["Sentinel"],"damage_healed":0,"gold_gain":0,"player_choice":"Offered Uncommon","damage_taken":0,"max_hp_gain":0,"max_hp_loss":0,"event_name":"Bonfire Elementals","floor":19,"gold_loss":0},{"damage_healed":0,"gold_gain":0,"player_choice":"Opened","damage_taken":0,"relics_obtained":["Letter Opener"],"max_hp_gain":0,"max_hp_loss":0,"event_name":"The Mausoleum","floor":25,"gold_loss":0,"cards_obtained":["Writhe"]},{"damage_healed":0,"gold_gain":0,"player_choice":"Gave Potion","damage_taken":0,"relics_obtained":["Old Coin"],"max_hp_gain":0,"max_hp_loss":0,"event_name":"WeMeetAgain","floor":37,"gold_loss":0},{"damage_healed":0,"gold_gain":0,"player_choice":"Fight","damage_taken":0,"max_hp_gain":0,"max_hp_loss":0,"event_name":"Mysterious Sphere","floor":38,"gold_loss":0},{"damage_healed":0,"gold_gain":0,"player_choice":"Memory 1","damage_taken":0,"max_hp_gain":0,"max_hp_loss":0,"event_name":"SensoryStone","floor":39,"gold_loss":0},{"cards_removed":["Rage"],"damage_healed":0,"gold_gain":0,"player_choice":"Removed Skill","damage_taken":0,"max_hp_gain":0,"max_hp_loss":0,"event_name":"Falling","floor":47,"gold_loss":0}],"is_beta":false,"boss_relics":[{"not_picked":["Runic Pyramid","Empty Cage"],"picked":"Lizard Tail"},{"not_picked":["Orrery","Busted Crown"],"picked":"Cursed Key"}],"items_purged_floors":[],"is_endless":false,"potions_floor_spawned":[1,2,5,8,14,22,23,24,35,41,48],"ascension_level":0}