{"gold_per_floor":[117,42,117,127,142,155,173,173,226,226,261,261,31,58,58,58],"floor_reached":16,"playtime":577,"items_purged":[],"score":200,"play_id":"bdc91101-6257-4e84-9714-89d55034c682","local_time":"20190524235527","is_ascension_mode":true,"campfire_choices":[{"data":"Metallicize","floor":8,"key":"SMITH"},{"data":"Clothesline","floor":10,"key":"SMITH"},{"floor":15,"key":"REST"}],"neow_cost":"NONE","seed_source_timestamp":1458106608065038,"circlet_count":0,"master_deck":["AscendersBane","Strike_R","Strike_R","Strike_R","Strike_R","Defend_R","Defend_R","Defend_R","Defend_R","Bash","Shrug It Off","Metallicize+1","Clothesline+1","Cleave+1","Shrug It Off"],"relics":["Burning Blood","NeowsBlessing","Potion Belt","Letter Opener","Orichalcum","Centennial Puzzle"],"potions_floor_usage":[11,11],"damage_taken":[{"damage":0,"enemies":"Jaw Worm","floor":1,"turns":1},{"damage":0,"enemies":"Small Slimes","floor":4,"turns":1},{"damage":0,"enemies":"Cultist","floor":5,"turns":1},{"damage":22,"enemies":"3 Louse","floor":6,"turns":6},{"damage":22,"enemies":"Large Slime","floor":7,"turns":7},{"damage":22,"enemies":"3 Sentries","floor":11,"turns":14},{"damage":51,"enemies":"Hexaghost","floor":16,"turns":13}],"seed_played":"-3199862360498487927","potions_obtained":[{"floor":1,"key":"GamblersBrew"},{"floor":4,"key":"Swift Potion"},{"floor":7,"key":"SkillPotion"},{"floor":11,"key":"Weak Potion"}],"is_trial":false,"path_per_floor":["M","?","?","M","M","M","M","R","T","R","E","?","$","T","R","B"],"character_chosen":"IRONCLAD","items_purchased":["Shrug It Off","Orichalcum"],"campfire_rested":1,"item_purchase_floors":[13,13],"current_hp_per_floor":[74,74,63,69,75,59,43,43,43,43,27,27,27,27,49,0],"gold":58,"neow_bonus":"THREE_ENEMY_KILL","is_prod":false,"is_daily":false,"chose_seed":false,"campfire_upgraded":2,"win_rate":0,"timestamp":1558756527,"path_taken":["M","?","?","M","M","M","M","R","T","R","E","?","$","?","R","BOSS"],"build_version":"2019-01-23","purchased_purges":0,"victory":false,"max_hp_per_floor":[75,75,75,75,75,75,75,75,75,75,75,75,75,75,75,75],"card_choices":[{"not_picked":["Bloodletting","Power Through"],"picked":"Shrug It Off","floor":1},{"not_picked":["Intimidate","Iron Wave"],"picked":"Metallicize","floor":4},{"not_picked":["Body Slam","Armaments","Feel No Pain"],"picked":"SKIP","floor":5},{"not_picked":["Heavy Blade","Flex"],"picked":"Clothesline","floor":6},{"not_picked":["Infernal Blade","Clash","Body Slam"],"picked":"SKIP","floor":7},{"not_picked":["Headbutt","Body Slam"],"picked":"Cleave","floor":11}],"player_experience":500426,"relics_obtained":[{"floor":9,"key":"Potion Belt"},{"floor":11,"key":"Letter Opener"},{"floor":14,"key":"Centennial Puzzle"}],"event_choices":[{"cards_removed":["Strike_R"],"damage_healed":0,"gold_gain":0,"player_choice":"Card Removal","damage_taken":0,"max_hp_gain":0,"max_hp_loss":0,"event_name":"The Cleric","floor":2,"gold_loss":75},{"damage_healed":0,"gold_gain":75,"player_choice":"Gather Gold","damage_taken":11,"max_hp_gain":0,"max_hp_loss":0,"event_name":"World of Goop","floor":3,"gold_loss":0},{"damage_healed":0,"gold_gain":0,"player_choice":"Grow","damage_taken":0,"max_hp_gain":0,"max_hp_loss":0,"event_name":"Living Wall","floor":12,"gold_loss":0,"cards_upgraded":["Cleave"]}],"is_beta":false,"boss_relics":[],"items_purged_floors":[],"is_endless":false,"potions_floor_spawned":[1,4,7,11],"killed_by":"Hexaghost","ascension_level":20}