{"gold_per_floor":[109,123,134,150,150,183,183,208,231,306,306,322,335,353,353,449,449,468,479,394,170,180,180,207,207,207,223,223,223,236,248,248,248],"floor_reached":33,"playtime":2818,"items_purged":["Strike_G"],"score":337,"play_id":"01655496-d1de-48a8-8e7f-f4389a4b30ff","local_time":"20190519192051","is_ascension_mode":true,"campfire_choices":[{"floor":7.0,"key":"REST"},{"floor":11.0,"key":"REST"},{"data":"Crippling Poison","floor":15.0,"key":"SMITH"},{"data":"Cloak And Dagger","floor":23.0,"key":"SMITH"},{"floor":29,"key":"REST"},{"floor":32,"key":"REST"}],"neow_cost":"NONE","seed_source_timestamp":253114897555617,"circlet_count":0,"master_deck":["Defend_G","Defend_G","Defend_G","Defend_G","Defend_G","Strike_G","Strike_G+1","Survivor","Neutralize+1","Crippling Poison+1","Backflip","Backstab+1","Cloak And Dagger+1","Infinite Blades","Well Laid Plans","Dash","A Thousand Cuts","Dodge and Roll+1","Noxious Fumes","Blade Dance","Backflip+1","Footwork","Tactician","Bane"],"special_seed":0,"relics":["Ring of the Snake","Question Card","Whetstone","Centennial Puzzle","WristBlade","Potion Belt","Oddly Smooth Stone","Happy Flower","Bottled Lightning"],"potions_floor_usage":[27,33,33],"damage_taken":[{"damage":0.0,"enemies":"Cultist","floor":1.0,"turns":4.0},{"damage":0.0,"enemies":"2 Louse","floor":2.0,"turns":3.0},{"damage":0.0,"enemies":"Jaw Worm","floor":3.0,"turns":6.0},{"damage":3.0,"enemies":"2 Fungi Beasts","floor":4.0,"turns":5.0},{"damage":29.0,"enemies":"3 Sentries","floor":6.0,"turns":14.0},{"damage":19.0,"enemies":"Lagavulin","floor":8.0,"turns":8.0},{"damage":0.0,"enemies":"Exordium Wildlife","floor":12.0,"turns":5.0},{"damage":0.0,"enemies":"Exordium Thugs","floor":13.0,"turns":4.0},{"damage":3.0,"enemies":"Gremlin Gang","floor":14.0,"turns":3.0},{"damage":18.0,"enemies":"The Guardian","floor":16.0,"turns":15.0},{"damage":3.0,"enemies":"Chosen","floor":18.0,"turns":4.0},{"damage":3.0,"enemies":"2 Thieves","floor":19.0,"turns":4.0},{"damage":1.0,"enemies":"Snecko","floor":22.0,"turns":6.0},{"damage":31.0,"enemies":"Gremlin Leader","floor":24.0,"turns":7.0},{"damage":4,"enemies":"Sentry and Sphere","floor":27,"turns":6},{"damage":15,"enemies":"Centurion and Healer","floor":30,"turns":8},{"damage":1,"enemies":"Cultist and Chosen","floor":31,"turns":6},{"damage":60,"enemies":"Champ","floor":33,"turns":13}],"seed_played":"6093823828014960085","potions_obtained":[{"floor":3.0,"key":"FearPotion"},{"floor":6.0,"key":"Poison Potion"},{"floor":8.0,"key":"SkillPotion"},{"floor":16.0,"key":"SneckoOil"},{"floor":18.0,"key":"FearPotion"},{"floor":22.0,"key":"Strength Potion"},{"floor":27,"key":"PowerPotion"},{"floor":31,"key":"EssenceOfSteel"}],"is_trial":false,"path_per_floor":["M","M","M","M","?","E","R","E","T","?","R","M","M","M","R","B",null,"M","M","?","$","M","R","E","$","T","M","?","R","M","M","R","B"],"character_chosen":"THE_SILENT","items_purchased":["Oddly Smooth Stone"],"campfire_rested":4,"item_purchase_floors":[21],"current_hp_per_floor":[70,70,70,67,67,38,59,40,40,29,50,50,50,47,47,29,70,67,64,64,64,63,63,32,32,32,28,28,49,34,33,54,0],"gold":248,"neow_bonus":"UPGRADE_CARD","is_prod":false,"is_daily":false,"chose_seed":false,"campfire_upgraded":2,"win_rate":0,"timestamp":1558282851,"path_taken":["M","M","?","M","?","E","R","E","T","?","R","M","M","M","R","BOSS","M","M","?","$","M","R","E","?","T","M","?","R","M","M","R","BOSS"],"build_version":"2019-01-23","purchased_purges":1,"victory":false,"max_hp_per_floor":[70,70,70,70,70,70,70,70,70,70,70,70,70,70,70,70,70,70,70,70,70,70,70,70,70,70,70,70,70,70,70,70,70],"card_choices":[{"not_picked":["Poisoned Stab","Heel Hook"],"picked":"Crippling Poison","floor":1.0},{"not_picked":["Tactician","Slice"],"picked":"Backflip","floor":2.0},{"not_picked":["PiercingWail","Expertise","Reflex"],"picked":"SKIP","floor":3.0},{"not_picked":["Deadly Poison","Eviscerate"],"picked":"Backstab","floor":4.0},{"not_picked":["Acrobatics","Distraction"],"picked":"Cloak And Dagger","floor":6.0},{"not_picked":["Choke","Finisher","All Out Attack"],"picked":"Infinite Blades","floor":8.0},{"not_picked":["Flying Knee","Cloak And Dagger","Dagger Spray","Outmaneuver"],"picked":"SKIP","floor":12.0},{"not_picked":["Unload","Slice","Endless Agony"],"picked":"Well Laid Plans","floor":13.0},{"not_picked":["Well Laid Plans","Endless Agony","Dagger Spray"],"picked":"Dash","floor":14.0},{"not_picked":["Storm of Steel","Grand Finale","Tools of the Trade"],"picked":"A Thousand Cuts","floor":16.0},{"not_picked":["Terror+1","Deflect+1","Accuracy"],"picked":"Dodge and Roll+1","floor":18.0},{"not_picked":["Reflex","Sucker Punch","Dash"],"picked":"Noxious Fumes","floor":19.0},{"not_picked":["Slice","Prepared","Crippling Poison"],"picked":"Blade Dance","floor":22.0},{"not_picked":["Flechettes","Tools of the Trade","Riddle With Holes"],"picked":"Backflip+1","floor":24.0},{"not_picked":["Outmaneuver","Sucker Punch","Dagger Spray+1"],"picked":"Footwork","floor":27},{"not_picked":["Riddle With Holes","Flechettes","Distraction","Acrobatics"],"picked":"SKIP","floor":30},{"not_picked":["Quick Slash","Calculated Gamble","Dagger Throw","Dash"],"picked":"SKIP","floor":31}],"player_experience":797790,"relics_obtained":[{"floor":6.0,"key":"Question Card"},{"floor":8.0,"key":"Whetstone"},{"floor":9.0,"key":"Centennial Puzzle"},{"floor":24.0,"key":"Happy Flower"},{"floor":26,"key":"Bottled Lightning"}],"event_choices":[{"damage_healed":0.0,"max_hp_gain":0.0,"max_hp_loss":0.0,"gold_gain":0.0,"event_name":"Golden Idol","player_choice":"Ignored","floor":5.0,"gold_loss":0.0,"damage_taken":0.0},{"damage_healed":0.0,"max_hp_gain":0.0,"max_hp_loss":0.0,"gold_gain":75.0,"event_name":"World of Goop","player_choice":"Gather Gold","floor":10.0,"gold_loss":0.0,"damage_taken":11.0},{"damage_healed":0.0,"max_hp_gain":0.0,"max_hp_loss":0.0,"gold_gain":0.0,"event_name":"Addict","player_choice":"Obtained Relic","floor":20.0,"gold_loss":85.0,"damage_taken":0.0,"relics_obtained":["Potion Belt"]},{"damage_healed":0,"gold_gain":0,"cards_transformed":["Strike_G","Strike_G"],"player_choice":"Became Test Subject","damage_taken":0,"max_hp_gain":0,"max_hp_loss":0,"event_name":"Drug Dealer","floor":28,"gold_loss":0,"cards_obtained":["Tactician","Bane"]}],"is_beta":false,"boss_relics":[{"not_picked":["Pandora\u0027s Box","Velvet Choker"],"picked":"WristBlade"}],"items_purged_floors":[21],"is_endless":false,"potions_floor_spawned":[3,6,8,16,18,22,27,31],"killed_by":"Champ","ascension_level":4}