{"gold_per_floor":[109,9,29,204,33,61,61,78,78,107,69,85,85,116,116,215,215,227,227,7,7,27,27,27,27,27,27,302,332,10,43,43,138,138,152,152,1151,824,841,841],"floor_reached":40,"playtime":2439,"items_purged":["Strike_B","Doubt","Regret","Normality"],"score":554,"play_id":"f0fa0799-8698-4568-a021-0ae4b232eade","local_time":"20181014153309","is_ascension_mode":true,"campfire_choices":[{"data":"Defragment","floor":7,"key":"SMITH"},{"floor":13,"key":"REST"},{"floor":15,"key":"REST"},{"data":"Dualcast","floor":23,"key":"SMITH"},{"data":"Seek","floor":25,"key":"SMITH"},{"data":"Apotheosis","floor":32,"key":"SMITH"}],"neow_cost":"","seed_source_timestamp":168205123736501,"circlet_count":0,"master_deck":["Strike_B","Strike_B","Strike_B","Defend_B","Defend_B","Defend_B","Defend_B","Zap+1","Dualcast+1","Beam Cell","Coolheaded","Defragment+1","Conserve Battery","Glacier","FTL","Core Surge","Seek+1","Doom and Gloom","Chill","Conserve Battery","Consume+1","Stack","Apotheosis+1","Darkness","White Noise+1","Multi-Cast","Compile Driver","Normality","Leap","Redo+1"],"relics":["FrozenCore","StoneCalendar","FossilizedHelix","Bottled Flame","Regal Pillow","Coffee Dripper","Membership Card","Meat on the Bone","Red Mask","Bottled Tornado","Smiling Mask","Juzu Bracelet","Anchor","Frozen Eye"],"potions_floor_usage":[6,16,18,33,40,40,40],"damage_taken":[{"damage":1,"enemies":"Cultist","floor":1,"turns":3},{"damage":5,"enemies":"Jaw Worm","floor":3,"turns":3},{"damage":47,"enemies":"3 Sentries","floor":6,"turns":9},{"damage":0,"enemies":"2 Louse","floor":8,"turns":3},{"damage":7,"enemies":"Gremlin Nob","floor":10,"turns":5},{"damage":8,"enemies":"Gremlin Gang","floor":12,"turns":4},{"damage":0,"enemies":"3 Sentries","floor":14,"turns":7},{"damage":21,"enemies":"Hexaghost","floor":16,"turns":11},{"damage":0,"enemies":"Spheric Guardian","floor":18,"turns":4},{"damage":0,"enemies":"Chosen","floor":22,"turns":4},{"damage":40,"enemies":"Masked Bandits","floor":29,"turns":6},{"damage":15,"enemies":"Slavers","floor":31,"turns":5},{"damage":18,"enemies":"Collector","floor":33,"turns":7},{"damage":0,"enemies":"Orb Walker","floor":35,"turns":5},{"damage":0,"enemies":"3 Darklings","floor":39,"turns":7},{"damage":83,"enemies":"Giant Head","floor":40,"turns":11}],"seed_played":"-8742666349049112697","potions_obtained":[{"floor":3,"key":"SkillPotion"},{"floor":14,"key":"PowerPotion"},{"floor":16,"key":"Poison Potion"},{"floor":31,"key":"Explosive Potion"},{"floor":33,"key":"EssenceOfSteel"},{"floor":35,"key":"Fire Potion"},{"floor":39,"key":"SkillPotion"}],"is_trial":false,"path_per_floor":["M","$","M","?","$","E","R","M","T","E","$","M","R","E","R","B",null,"M","?","$","?","M","R","?","R","T","$","?","?","$","E","R","B",null,"M","?","?","$","M"],"character_chosen":"DEFECT","items_purchased":["Coolheaded","Defragment","FTL","Membership Card","Conserve Battery","Bottled Tornado","Apotheosis","Darkness","Juzu Bracelet","Anchor","Frozen Eye","Leap"],"campfire_rested":2,"item_purchase_floors":[2,5,11,20,20,30,30,30,38,38,38,38],"current_hp_per_floor":[74,74,69,69,69,22,22,22,22,15,15,7,29,29,66,45,75,75,75,75,75,75,75,75,75,75,75,75,47,47,44,44,38,75,75,75,75,75,75,0],"gold":841,"neow_bonus":"","is_prod":false,"is_daily":false,"chose_seed":false,"campfire_upgraded":4,"win_rate":0,"timestamp":1539545589,"path_taken":["M","?","?","?","$","E","R","M","T","E","?","M","R","E","R","BOSS","M","?","?","?","?","R","?","R","T","?","?","?","$","E","R","BOSS","M","?","?","$","M","E"],"build_version":"2018-10-11","purchased_purges":4,"victory":false,"max_hp_per_floor":[75,75,75,75,75,75,75,75,75,75,75,75,75,75,75,75,75,75,75,75,75,75,75,75,75,75,75,75,75,75,75,75,75,75,75,75,75,75,75,75],"card_choices":[{"not_picked":["Rebound","Turbo"],"picked":"Beam Cell","floor":1},{"not_picked":["Barrage","Force Field","Hologram"],"picked":"SKIP","floor":3},{"not_picked":["Blizzard","Stack"],"picked":"Conserve Battery","floor":6},{"not_picked":["Compile Driver","Barrage"],"picked":"Glacier","floor":8},{"not_picked":["Hologram","Rebound","Hello World"],"picked":"SKIP","floor":10},{"not_picked":["Blizzard","Ball Lightning"],"picked":"Go for the Eyes","floor":12},{"not_picked":["Ball Lightning","Steam"],"picked":"Core Surge","floor":14},{"not_picked":["Biased Cognition","Rainbow"],"picked":"Seek","floor":16},{"not_picked":["Beam Cell","Steam+1"],"picked":"Doom and Gloom","floor":18},{"not_picked":["Hologram","Leap"],"picked":"Consume+1","floor":22},{"not_picked":["Genetic Algorithm+1","Static Discharge"],"picked":"Stack","floor":29},{"not_picked":["Amplify","Barrage+1"],"picked":"White Noise+1","floor":31},{"not_picked":["Buffer","Fission"],"picked":"Multi-Cast","floor":33},{"not_picked":["Force Field+1","Aggregate+1"],"picked":"Compile Driver","floor":35},{"not_picked":["Gash","Barrage"],"picked":"Redo+1","floor":39}],"player_experience":173965,"relics_obtained":[{"floor":6,"key":"StoneCalendar"},{"floor":9,"key":"FossilizedHelix"},{"floor":10,"key":"Bottled Flame"},{"floor":14,"key":"Regal Pillow"},{"floor":26,"key":"Meat on the Bone"},{"floor":29,"key":"Red Mask"},{"floor":31,"key":"Smiling Mask"}],"event_choices":[{"event_name":"Liars Game","player_choice":"agreed","floor":4,"damage_taken":0},{"event_name":"The Library","player_choice":"Read","floor":19,"damage_taken":0},{"event_name":"Beggar","player_choice":"Ignored","floor":21,"damage_taken":0},{"event_name":"Upgrade Shrine","player_choice":"Upgraded","floor":24,"damage_taken":0},{"event_name":"Golden Shrine","player_choice":"Desecrate","floor":28,"damage_taken":0},{"event_name":"Masked Bandits","player_choice":"Fought Bandits","floor":29,"damage_taken":0},{"event_name":"Falling","player_choice":"Removed Attack","floor":36,"damage_taken":0},{"event_name":"MindBloom","player_choice":"Gold","floor":37,"damage_taken":0}],"is_beta":false,"boss_relics":[{"not_picked":["Lizard Tail","Calling Bell"],"picked":"Coffee Dripper"},{"not_picked":["Empty Cage","Cursed Key"],"picked":"FrozenCore"}],"items_purged_floors":[2,5,30,38],"is_endless":false,"potions_floor_spawned":[3,14,16,31,33,35,39],"killed_by":"Giant Head","ascension_level":4}