{"gold_per_floor":[115,127,141,154,154,154,171,171,247,264,264,289,289,307,307,407,407,422,251,266,276,296,296,311,311,311,311,291,305,322,338,338,338],"floor_reached":33,"playtime":31130,"items_purged":["Strike_G"],"score":255,"play_id":"90500eb6-75fb-4652-8d5f-f56594c0f684","local_time":"20190523201133","is_ascension_mode":false,"campfire_choices":[{"data":"Deadly Poison","floor":6,"key":"SMITH"},{"data":"Deadly Poison","floor":8,"key":"SMITH"},{"data":"Prepared","floor":11,"key":"SMITH"},{"data":"Neutralize","floor":13,"key":"SMITH"},{"data":"Neutralize","floor":15,"key":"SMITH"},{"data":"Noxious Fumes","floor":23,"key":"SMITH"},{"data":"Adrenaline","floor":25,"key":"SMITH"},{"data":"Well Laid Plans","floor":27,"key":"SMITH"},{"data":"Outmaneuver","floor":32,"key":"SMITH"}],"neow_cost":"NONE","seed_source_timestamp":584494176416200,"circlet_count":0,"master_deck":["Defend_G","Defend_G","Defend_G","Defend_G","Defend_G","Strike_G","Strike_G","Strike_G","Strike_G","Survivor","Neutralize+1","Prepared+1","Deadly Poison+1","Escape Plan","Deadly Poison+1","Neutralize+1","Tactician","Well Laid Plans+1","Adrenaline+1","Noxious Fumes+1","Dodge and Roll","Outmaneuver+1","Deflect"],"relics":["Ring of the Snake","NeowsBlessing","Dodecahedron","Mango","Coffee Dripper","Meat on the Bone"],"potions_floor_usage":[7,14,22,33],"damage_taken":[{"damage":0,"enemies":"Cultist","floor":1,"turns":1},{"damage":0,"enemies":"Jaw Worm","floor":2,"turns":1},{"damage":0,"enemies":"Small Slimes","floor":3,"turns":1},{"damage":38,"enemies":"Exordium Thugs","floor":4,"turns":8},{"damage":0,"enemies":"Looter","floor":7,"turns":3},{"damage":5,"enemies":"Exordium Wildlife","floor":10,"turns":5},{"damage":13,"enemies":"Lagavulin","floor":12,"turns":5},{"damage":1,"enemies":"2 Fungi Beasts","floor":14,"turns":5},{"damage":5,"enemies":"Hexaghost","floor":16,"turns":9},{"damage":0,"enemies":"Chosen","floor":18,"turns":5},{"damage":0,"enemies":"3 Byrds","floor":20,"turns":5},{"damage":7,"enemies":"Centurion and Healer","floor":21,"turns":8},{"damage":25,"enemies":"3 Cultists","floor":22,"turns":6},{"damage":5,"enemies":"Cultist and Chosen","floor":24,"turns":7},{"damage":9,"enemies":"Shelled Parasite and Fungi","floor":29,"turns":6},{"damage":12,"enemies":"Snecko","floor":30,"turns":7},{"damage":0,"enemies":"Cultist and Chosen","floor":31,"turns":6},{"damage":93,"enemies":"Collector","floor":33,"turns":7}],"seed_played":"4128722852319379942","potions_obtained":[{"floor":1,"key":"Explosive Potion"},{"floor":3,"key":"Regen Potion"},{"floor":4,"key":"Poison Potion"},{"floor":14,"key":"Dexterity Potion"},{"floor":20,"key":"GamblersBrew"},{"floor":24,"key":"SpeedPotion"},{"floor":28,"key":"Regen Potion"},{"floor":31,"key":"FairyPotion"}],"is_trial":false,"path_per_floor":["M","M","M","M","?","R","M","R","T","M","R","E","R","M","R","B",null,"M","$","M","M","M","R","M","R","T","R","?","M","M","M","R","B"],"character_chosen":"THE_SILENT","items_purchased":["Noxious Fumes","Dodge and Roll"],"campfire_rested":0,"item_purchase_floors":[19,19],"current_hp_per_floor":[70,70,70,32,32,32,32,32,32,27,27,28,28,41,41,36,84,84,84,84,77,52,52,47,47,47,47,47,50,50,50,50,0],"gold":338,"neow_bonus":"THREE_ENEMY_KILL","is_prod":false,"is_daily":false,"chose_seed":false,"campfire_upgraded":9,"win_rate":0,"timestamp":1558656693,"path_taken":["M","M","?","M","?","R","M","R","T","M","R","E","R","?","R","BOSS","M","$","M","M","M","R","M","R","T","R","?","?","M","M","R","BOSS"],"build_version":"2019-01-23","purchased_purges":1,"victory":false,"max_hp_per_floor":[70,70,70,70,70,70,70,70,70,70,70,84,84,84,84,84,84,84,84,84,84,84,84,84,84,84,84,84,84,84,84,84,84],"card_choices":[{"not_picked":["Poisoned Stab","Reflex"],"picked":"Prepared","floor":1},{"not_picked":["Flying Knee","Riddle With Holes"],"picked":"Deadly Poison","floor":2},{"not_picked":["Blade Dance","Riddle With Holes"],"picked":"Escape Plan","floor":3},{"not_picked":["Sucker Punch","Cloak And Dagger"],"picked":"Deadly Poison","floor":4},{"not_picked":["Leg Sweep","Deadly Poison"],"picked":"Tactician","floor":7},{"not_picked":["Dagger Throw","Choke","Blade Dance"],"picked":"SKIP","floor":10},{"not_picked":["Skewer","Envenom","Underhanded Strike"],"picked":"SKIP","floor":12},{"not_picked":["Cloak And Dagger","Infinite Blades"],"picked":"Well Laid Plans","floor":14},{"not_picked":["Glass Knife","Wraith Form v2"],"picked":"Adrenaline","floor":16},{"not_picked":["Escape Plan","Flying Knee","All Out Attack"],"picked":"SKIP","floor":18},{"not_picked":["Bane","Dagger Throw+1","Dagger Spray"],"picked":"SKIP","floor":20},{"not_picked":["Malaise","Slice","Endless Agony"],"picked":"SKIP","floor":21},{"not_picked":["Bane","Calculated Gamble"],"picked":"Outmaneuver","floor":22},{"not_picked":["Blade Dance","Reflex","Flechettes"],"picked":"SKIP","floor":24},{"not_picked":["Eviscerate","Slice","Leg Sweep"],"picked":"SKIP","floor":29},{"not_picked":["Finisher","Dodge and Roll"],"picked":"Deflect","floor":30},{"not_picked":["Deflect","Dagger Throw","Tactician"],"picked":"SKIP","floor":31}],"player_experience":866821,"relics_obtained":[{"floor":9,"key":"Dodecahedron"},{"floor":12,"key":"Mango"},{"floor":26,"key":"Meat on the Bone"}],"event_choices":[{"damage_healed":0,"gold_gain":0,"player_choice":"1 cards matched","damage_taken":0,"max_hp_gain":0,"max_hp_loss":0,"event_name":"Match and Keep!","floor":5,"gold_loss":0,"cards_obtained":["Neutralize"]},{"damage_healed":0,"gold_gain":0,"player_choice":"Bought 1 Potion","damage_taken":0,"max_hp_gain":0,"max_hp_loss":0,"event_name":"The Woman in Blue","floor":28,"gold_loss":0}],"is_beta":false,"boss_relics":[{"not_picked":["Runic Dome","Empty Cage"],"picked":"Coffee Dripper"}],"items_purged_floors":[19],"is_endless":false,"potions_floor_spawned":[1,3,4,14,20,24,30,31],"killed_by":"Collector","ascension_level":0}