{"gold_per_floor":[119,119,119,142,156,156,189,213,213,225,275,287,320,332,344,356],"floor_reached":16,"playtime":670,"items_purged":[],"score":149,"play_id":"0ee80df8-ba04-4bdf-ba37-137c41042305","local_time":"20181117120552","is_ascension_mode":true,"campfire_choices":[{"data":"Bash","floor":6,"key":"SMITH"},{"data":"Clash","floor":12,"key":"SMITH"},{"floor":15,"key":"REST"}],"neow_cost":"TEN_PERCENT_HP_LOSS","seed_source_timestamp":353052530342397,"circlet_count":0,"master_deck":["Strike_R","Strike_R","Strike_R","Strike_R","Strike_R","Defend_R+1","Bash+1","Headbutt+1","Clash+1","Offering","Flex","Body Slam"],"relics":["Burning Blood","Golden Idol","Potion Belt","MawBank","Self Forming Clay"],"potions_floor_usage":[],"damage_taken":[{"damage":8,"enemies":"2 Louse","floor":1,"turns":3},{"damage":2,"enemies":"Small Slimes","floor":4,"turns":3},{"damage":0,"enemies":"Cultist","floor":5,"turns":3},{"damage":24,"enemies":"Gremlin Nob","floor":7,"turns":4},{"damage":3,"enemies":"Looter","floor":8,"turns":2},{"damage":30,"enemies":"3 Sentries","floor":11,"turns":8},{"damage":9,"enemies":"Lots of Slimes","floor":13,"turns":2},{"damage":44,"enemies":"The Guardian","floor":16,"turns":6}],"seed_played":"-1134230950514031311","potions_obtained":[{"floor":4,"key":"Dexterity Potion"},{"floor":13,"key":"Ancient Potion"}],"is_trial":false,"path_per_floor":["M","?","?","M","M","R","E","M","T","$","E","R","M","?","R","B"],"character_chosen":"IRONCLAD","items_purchased":[],"campfire_rested":1,"item_purchase_floors":[],"current_hp_per_floor":[70,56,56,60,66,66,48,51,51,51,27,27,24,24,44,0],"gold":356,"neow_bonus":"REMOVE_TWO","is_prod":false,"is_daily":false,"chose_seed":false,"campfire_upgraded":2,"win_rate":0,"timestamp":1542481552,"path_taken":["M","?","?","M","M","R","E","M","T","$","E","R","M","?","R","BOSS"],"build_version":"2018-11-15","purchased_purges":0,"victory":false,"max_hp_per_floor":[72,72,67,67,67,67,67,67,67,67,67,67,67,67,67,67],"card_choices":[{"not_picked":["Havoc","Anger"],"picked":"Headbutt","floor":1},{"not_picked":["Sword Boomerang","Shrug It Off","Heavy Blade"],"picked":"SKIP","floor":4},{"not_picked":["Armaments","Sword Boomerang","Heavy Blade"],"picked":"SKIP","floor":5},{"not_picked":["Infernal Blade","Heavy Blade"],"picked":"Clash","floor":7},{"not_picked":["Shockwave","Infernal Blade"],"picked":"Offering","floor":8},{"not_picked":["Sword Boomerang","Evolve"],"picked":"Flex","floor":11},{"not_picked":["Thunderclap","Power Through","Sentinel"],"picked":"SKIP","floor":13}],"player_experience":250347,"relics_obtained":[{"floor":7,"key":"Potion Belt"},{"floor":9,"key":"MawBank"},{"floor":11,"key":"Self Forming Clay"}],"event_choices":[{"damage_healed":0,"gold_gain":0,"player_choice":"Entered Light","damage_taken":14,"max_hp_gain":0,"max_hp_loss":0,"event_name":"Shining Light","floor":2,"gold_loss":0,"cards_upgraded":["Headbutt","Defend_R"]},{"damage_healed":0,"gold_gain":0,"player_choice":"Lose Max HP","damage_taken":0,"relics_obtained":["Golden Idol"],"max_hp_gain":0,"max_hp_loss":5,"event_name":"Golden Idol","floor":3,"gold_loss":0},{"damage_healed":0,"gold_gain":0,"cards_transformed":["Defend_R"],"player_choice":"Transformed","damage_taken":0,"max_hp_gain":0,"max_hp_loss":0,"event_name":"Transmorgrifier","floor":14,"gold_loss":0,"cards_obtained":["Body Slam"]}],"is_beta":false,"boss_relics":[],"items_purged_floors":[],"is_endless":false,"potions_floor_spawned":[4,13],"killed_by":"The Guardian","ascension_level":7}