{"gold_per_floor":[11,11,11,31,41,41,41,41,41,76,76,86,86],"floor_reached":13,"playtime":1475,"items_purged":[],"score":91,"play_id":"ff3c9492-39b8-474b-81a4-aeeb655ab42e","local_time":"20190419220532","is_ascension_mode":true,"campfire_choices":[{"data":"Creative AI","floor":6,"key":"SMITH"},{"data":"Multi-Cast","floor":8,"key":"SMITH"},{"data":"Scrape","floor":11,"key":"SMITH"}],"neow_cost":"NO_GOLD","seed_source_timestamp":304457216579821,"circlet_count":0,"master_deck":["Strike_B","Defend_B","Defend_B","Defend_B","Defend_B","Zap","Dualcast","Creative AI+1","Consume","Gash","Multi-Cast+1","Glacier","Scrape+1","Beam Cell"],"relics":["Cracked Core","Kunai","Shuriken"],"potions_floor_usage":[],"damage_taken":[{"damage":0,"enemies":"Small Slimes","floor":1,"turns":4},{"damage":1,"enemies":"Cultist","floor":4,"turns":4},{"damage":0,"enemies":"2 Louse","floor":5,"turns":3},{"damage":29,"enemies":"3 Sentries","floor":10,"turns":5},{"damage":37,"enemies":"Exordium Wildlife","floor":12,"turns":7},{"damage":0,"enemies":"Lots of Slimes","floor":13,"turns":1}],"seed_played":"7062422942764834125","potions_obtained":[{"floor":5,"key":"Poison Potion"},{"floor":10,"key":"Strength Potion"}],"is_trial":false,"path_per_floor":["M","?","$","M","M","R","?","R","T","E","R","M","M"],"character_chosen":"DEFECT","items_purchased":[],"campfire_rested":0,"item_purchase_floors":[],"current_hp_per_floor":[75,75,75,74,74,74,74,74,74,45,45,8,8],"gold":86,"neow_bonus":"TRANSFORM_TWO_CARDS","is_prod":false,"is_daily":false,"chose_seed":false,"campfire_upgraded":3,"win_rate":0,"timestamp":1555725932,"path_taken":["M","?","?","M","M","R","?","R","T","E","R","M","M"],"build_version":"2019-01-23","purchased_purges":0,"victory":false,"max_hp_per_floor":[75,75,75,75,75,75,75,75,75,75,75,75,75],"card_choices":[{"not_picked":["Stack","Chaos"],"picked":"Gash","floor":1},{"not_picked":["Conserve Battery","Lockon"],"picked":"Glacier","floor":4},{"not_picked":["Heatsinks","Leap","Turbo"],"picked":"SKIP","floor":5},{"not_picked":["Heatsinks","Leap","Turbo"],"picked":"SKIP","floor":5},{"not_picked":["Lockon","FTL"],"picked":"Scrape","floor":10},{"not_picked":["Aggregate","Compile Driver"],"picked":"Beam Cell","floor":12}],"player_experience":225701,"relics_obtained":[{"floor":9,"key":"Kunai"},{"floor":10,"key":"Shuriken"}],"event_choices":[{"damage_healed":0,"gold_gain":0,"player_choice":"1 cards matched","damage_taken":0,"max_hp_gain":0,"max_hp_loss":0,"event_name":"Match and Keep!","floor":2,"gold_loss":0,"cards_obtained":["Multi-Cast"]},{"cards_removed":["Strike_B"],"damage_healed":0,"gold_gain":0,"player_choice":"Forget","damage_taken":0,"max_hp_gain":0,"max_hp_loss":0,"event_name":"Living Wall","floor":7,"gold_loss":0}],"is_beta":false,"boss_relics":[],"items_purged_floors":[],"is_endless":false,"potions_floor_spawned":[5,10],"killed_by":"Lots of Slimes","ascension_level":2}