{"gold_per_floor":[119,194,194,194,213,213,233,267,267,267,284,294,308,308,308,406,406,425,54,65,85,85,85,85,102,102,102,136,150,167,183,183,282,282,295,308,327,344,354,354,354,354,354,367,377,392,392,417,417,417],"floor_reached":51,"playtime":3892,"items_purged":["Malaise+1"],"score":759,"play_id":"76f37e77-b919-4a8f-9a67-4f708161f7ab","local_time":"20181019203117","is_ascension_mode":false,"campfire_choices":[{"data":"Finisher","floor":6,"key":"SMITH"},{"floor":10,"key":"REST"},{"data":"Blade Dance","floor":15,"key":"SMITH"},{"data":"Venomology","floor":23,"key":"SMITH"},{"floor":27,"key":"REST"},{"floor":32,"key":"REST"},{"floor":40,"key":"REST"},{"floor":42,"key":"REST"},{"floor":49,"key":"REST"}],"neow_cost":"NONE","seed_source_timestamp":284559980677973,"circlet_count":0,"master_deck":["Defend_G","Defend_G","Defend_G","Defend_G","Defend_G+1","Neutralize","Dramatic Entrance+1","Poisoned Stab","Finisher+1","Dagger Spray","Blade Dance+1","Adrenaline","Infinite Blades+1","Accuracy+1","Finisher","Venomology+1","Glass Knife+1","Adrenaline+1","Outmaneuver+1","Slice","Dagger Throw","Flying Knee","Flying Knee+1","Backstab+1","Crippling Poison","Backstab","Infinite Blades+1","Blade Dance+1","Glass Knife","Leg Sweep+1","Slice+1","Dodge and Roll+1","Dodge and Roll+1","Backflip+1","Noxious Fumes+1","Parasite","Blade Dance+1","Dodge and Roll","Dodge and Roll+1"],"relics":["Ring of the Snake","Question Card","Frozen Egg 2","Pear","Astrolabe","TwistedFunnel","Nilry\u0027s Codex","Lantern","Boot","Runic Pyramid","Thread and Needle","Bag of Marbles"],"potions_floor_usage":[8,12,16,28,31,31,39,41,45,46,46,48,48,50,50,50],"damage_taken":[{"damage":2,"enemies":"Jaw Worm","floor":1,"turns":4},{"damage":0,"enemies":"Small Slimes","floor":5,"turns":2},{"damage":1,"enemies":"Cultist","floor":7,"turns":4},{"damage":17,"enemies":"Lagavulin","floor":8,"turns":6},{"damage":0,"enemies":"Blue Slaver","floor":11,"turns":2},{"damage":0,"enemies":"Exordium Wildlife","floor":12,"turns":3},{"damage":1,"enemies":"Red Slaver","floor":13,"turns":2},{"damage":11,"enemies":"Slime Boss","floor":16,"turns":5},{"damage":6,"enemies":"Chosen","floor":18,"turns":2},{"damage":10,"enemies":"2 Thieves","floor":20,"turns":2},{"damage":3,"enemies":"Snecko","floor":21,"turns":4},{"damage":0,"enemies":"Snake Plant","floor":25,"turns":2},{"damage":2,"enemies":"Gremlin Leader","floor":28,"turns":4},{"damage":4,"enemies":"Centurion and Healer","floor":29,"turns":3},{"damage":0,"enemies":"3 Cultists","floor":30,"turns":2},{"damage":21,"enemies":"Snake Plant","floor":31,"turns":2},{"damage":61,"enemies":"Champ","floor":33,"turns":8},{"damage":23,"enemies":"3 Shapes","floor":35,"turns":3},{"damage":11,"enemies":"Orb Walker","floor":36,"turns":3},{"damage":18,"enemies":"Sphere and 2 Shapes","floor":37,"turns":3},{"damage":0,"enemies":"Transient","floor":38,"turns":5},{"damage":0,"enemies":"4 Shapes","floor":39,"turns":3},{"damage":2,"enemies":"3 Darklings","floor":41,"turns":2},{"damage":10,"enemies":"Maw","floor":44,"turns":6},{"damage":22,"enemies":"Writhing Mass","floor":45,"turns":5},{"damage":6,"enemies":"Spire Growth","floor":46,"turns":3},{"damage":0,"enemies":"Nemesis","floor":48,"turns":3},{"damage":53,"enemies":"Donu and Deca","floor":50,"turns":8}],"seed_played":"-7399224300094209876","potions_obtained":[{"floor":1,"key":"Energy Potion"},{"floor":11,"key":"AttackPotion"},{"floor":13,"key":"FearPotion"},{"floor":20,"key":"SmokeBomb"},{"floor":21,"key":"SneckoOil"},{"floor":25,"key":"SpeedPotion"},{"floor":28,"key":"PowerPotion"},{"floor":36,"key":"Explosive Potion"},{"floor":45,"key":"Regen Potion"},{"floor":46,"key":"Strength Potion"}],"is_trial":false,"path_per_floor":["M","?","?","?","M","R","M","E","T","R","M","M","M","T","R","B",null,"M","$","M","M","?","R","?","M","T","R","E","M","M","M","R","B",null,"M","M","M","M","M","R","M","R","T","M","M","M","?","E","R","B"],"character_chosen":"THE_SILENT","items_purchased":["Slice","TwistedFunnel","Dagger Throw"],"campfire_rested":6,"item_purchase_floors":[19,19,19],"current_hp_per_floor":[68,57,43,43,43,43,42,25,25,46,46,46,45,55,55,44,80,74,74,64,61,45,45,45,45,45,69,67,63,63,47,71,10,80,57,46,28,28,28,52,50,74,74,64,42,45,45,45,69,16],"gold":417,"neow_bonus":"RANDOM_COLORLESS","is_prod":false,"is_daily":false,"chose_seed":false,"campfire_upgraded":3,"win_rate":0,"timestamp":1539970277,"path_taken":["M","?","?","?","M","R","M","E","T","R","M","?","M","?","R","BOSS","M","$","M","M","?","R","?","M","T","R","E","M","M","M","R","BOSS","M","M","M","M","M","R","M","R","T","M","M","M","?","E","R","BOSS"],"build_version":"2018-10-18","purchased_purges":1,"victory":true,"max_hp_per_floor":[70,70,70,70,70,70,70,70,70,70,70,70,70,80,80,80,80,80,80,80,80,80,80,80,80,80,80,80,80,80,80,80,80,80,80,80,80,80,80,80,80,80,80,80,80,80,80,80,80,80],"card_choices":[{"not_picked":["PiercingWail","Deflect"],"picked":"Poisoned Stab","floor":1},{"not_picked":["PiercingWail","Accuracy"],"picked":"Dagger Spray","floor":5},{"not_picked":["Acrobatics","Tactician"],"picked":"Blade Dance","floor":7},{"not_picked":["Outmaneuver","Night Terror"],"picked":"Adrenaline","floor":8},{"not_picked":["Quick Slash","Outmaneuver","Backflip"],"picked":"Infinite Blades+1","floor":11},{"not_picked":["PiercingWail","Bouncing Flask","Catalyst"],"picked":"Accuracy+1","floor":12},{"not_picked":["Deflect","Heel Hook","Footwork+1"],"picked":"Finisher","floor":13},{"not_picked":["Die Die Die","Wraith Form v2+1","Unload"],"picked":"Venomology","floor":16},{"not_picked":["Prepared","Dash","Choke"],"picked":"Outmaneuver+1","floor":18},{"not_picked":["Terror","Acrobatics","PiercingWail"],"picked":"Flying Knee","floor":20},{"not_picked":["Dagger Spray+1","Quick Slash","Terror+1"],"picked":"Flying Knee+1","floor":21},{"not_picked":["Reflex+1","Dagger Spray","Outmaneuver+1"],"picked":"Backstab+1","floor":25},{"not_picked":["Escape Plan","Slice","Reflex"],"picked":"Crippling Poison","floor":28},{"not_picked":["All Out Attack+1","Dagger Throw","Deadly Poison+1"],"picked":"Backstab","floor":29},{"not_picked":["Crippling Poison","Underhanded Strike","Calculated Gamble"],"picked":"Infinite Blades+1","floor":30},{"not_picked":["Leg Sweep","Outmaneuver","Quick Slash"],"picked":"Blade Dance+1","floor":31},{"not_picked":["Die Die Die","Burst","Phantasmal Killer"],"picked":"Glass Knife","floor":33},{"not_picked":["All Out Attack+1","Prepared","Infinite Blades+1"],"picked":"Leg Sweep+1","floor":35},{"not_picked":["Catalyst+1","Deadly Poison+1","Cloak And Dagger"],"picked":"Slice+1","floor":36},{"not_picked":["Heel Hook+1","PiercingWail","Acrobatics+1"],"picked":"Dodge and Roll+1","floor":37},{"not_picked":["Choke+1","Tactician","Dagger Throw"],"picked":"Dodge and Roll+1","floor":38},{"not_picked":["Blade Dance+1","Expertise+1","PiercingWail+1"],"picked":"Backflip+1","floor":39},{"not_picked":["Dagger Spray+1","Catalyst","Crippling Poison"],"picked":"Noxious Fumes+1","floor":44},{"not_picked":["Bane+1","Burst","Quick Slash"],"picked":"Blade Dance+1","floor":45},{"not_picked":["Bane+1","Acrobatics","Sucker Punch+1"],"picked":"Dodge and Roll","floor":46},{"not_picked":["Endless Agony","Dagger Spray","Poisoned Stab+1"],"picked":"Dodge and Roll+1","floor":48}],"player_experience":159942,"relics_obtained":[{"floor":8,"key":"Question Card"},{"floor":9,"key":"Frozen Egg 2"},{"floor":14,"key":"Pear"},{"floor":22,"key":"Nilry\u0027s Codex"},{"floor":26,"key":"Lantern"},{"floor":28,"key":"Boot"},{"floor":43,"key":"Thread and Needle"},{"floor":48,"key":"Bag of Marbles"}],"event_choices":[{"damage_healed":0,"gold_gain":75,"player_choice":"Gather Gold","damage_taken":11,"max_hp_gain":0,"max_hp_loss":0,"event_name":"World of Goop","floor":2,"gold_loss":0},{"damage_healed":0,"gold_gain":0,"player_choice":"Entered Light","damage_taken":14,"max_hp_gain":0,"max_hp_loss":0,"event_name":"Shining Light","floor":3,"gold_loss":0,"cards_upgraded":["Defend_G","Dramatic Entrance"]},{"damage_healed":0,"gold_gain":0,"cards_transformed":["Strike_G"],"player_choice":"Change","damage_taken":0,"max_hp_gain":0,"max_hp_loss":0,"event_name":"Living Wall","floor":4,"gold_loss":0,"cards_obtained":["Finisher"]},{"damage_healed":0,"gold_gain":0,"player_choice":"Obtained Book","damage_taken":16,"max_hp_gain":0,"max_hp_loss":0,"event_name":"Cursed Tome","floor":22,"gold_loss":0},{"cards_removed":["Strike_G"],"damage_healed":0,"gold_gain":0,"player_choice":"Purged","damage_taken":0,"max_hp_gain":0,"max_hp_loss":0,"event_name":"Purifier","floor":24,"gold_loss":0},{"cards_removed":["Strike_G"],"damage_healed":0,"gold_gain":0,"player_choice":"Purged","damage_taken":0,"max_hp_gain":0,"max_hp_loss":0,"event_name":"Purifier","floor":47,"gold_loss":0}],"is_beta":false,"boss_relics":[{"not_picked":["White Beast Statue","Empty Cage"],"picked":"Astrolabe"},{"not_picked":["Black Star","Velvet Choker"],"picked":"Runic Pyramid"}],"items_purged_floors":[19],"is_endless":false,"potions_floor_spawned":[1,11,13,20,21,25,28,36,38,41,45,46],"ascension_level":0}