{"gold_per_floor":[99,99,99,99,99,99,99,99,99,99,24,24,24,24,24,24,24,0,0,0,0,0,0,0],"floor_reached":24,"playtime":937,"items_purged":["Pain"],"score":404,"play_id":"12753eda-1927-4300-bbd8-69c1abd6712e","local_time":"20190609102844","is_ascension_mode":true,"campfire_choices":[{"floor":6.0,"key":"REST"},{"floor":8.0,"key":"REST"},{"floor":15.0,"key":"REST"},{"data":"Ghostly","floor":23.0,"key":"SMITH"}],"neow_cost":"NONE","seed_source_timestamp":927716303736628,"circlet_count":0,"master_deck":["AscendersBane","Strike_B+1","Defend_B","Defend_B","Defend_B","Dualcast","Conserve Battery","Compile Driver","Tempest","Ball Lightning","Stack","Hyperbeam","Doom and Gloom+1","Consume+1","Compile Driver+1","Compile Driver+1","Ghostly","Ghostly","Ghostly+1","Steam Power","Rebound"],"special_seed":0,"relics":["Ectoplasm","Cables","WarpedTongs","Dodecahedron","Darkstone Periapt","Astrolabe","Blue Candle"],"potions_floor_usage":[],"damage_taken":[{"damage":2.0,"enemies":"Jaw Worm","floor":1.0,"turns":4.0},{"damage":0.0,"enemies":"Cultist","floor":3.0,"turns":4.0},{"damage":6.0,"enemies":"2 Louse","floor":5.0,"turns":2.0},{"damage":36.0,"enemies":"Gremlin Nob","floor":10.0,"turns":4.0},{"damage":0.0,"enemies":"2 Fungi Beasts","floor":12.0,"turns":2.0},{"damage":7.0,"enemies":"3 Sentries","floor":14.0,"turns":4.0},{"damage":17.0,"enemies":"The Guardian","floor":16.0,"turns":10.0},{"damage":12.0,"enemies":"2 Thieves","floor":18.0,"turns":2.0},{"damage":1.0,"enemies":"Chosen","floor":21.0,"turns":3.0},{"damage":34,"enemies":"Shelled Parasite and Fungi","floor":24,"turns":4}],"seed_played":"6511888157863700736","potions_obtained":[{"floor":10.0,"key":"PowerPotion"},{"floor":12.0,"key":"Ancient Potion"}],"is_trial":false,"path_per_floor":["M","?","M","?","M","R","?","R","T","E","$","M","$","E","R","B",null,"M","?","?","M","?","R","M"],"character_chosen":"DEFECT","items_purchased":[],"campfire_rested":3,"item_purchase_floors":[],"current_hp_per_floor":[62,36,36,15,9,30,30,51,51,15,15,15,15,8,29,12,56,44,35,35,34,34,34,0],"gold":0,"neow_bonus":"BOSS_RELIC","is_prod":false,"is_daily":false,"chose_seed":false,"campfire_upgraded":1,"win_rate":0,"timestamp":1560101324,"path_taken":["M","?","M","?","?","R","?","R","T","E","?","?","$","E","R","BOSS","M","?","?","M","?","R","?"],"build_version":"2019-06-07","purchased_purges":1,"victory":false,"max_hp_per_floor":[71,71,71,71,71,71,71,71,71,71,71,71,71,71,71,71,71,71,35,35,35,35,35,35],"card_choices":[{"not_picked":["Stack","Leap"],"picked":"Conserve Battery","floor":1.0},{"not_picked":["Redo","Leap"],"picked":"Compile Driver","floor":3.0},{"not_picked":["Barrage","Turbo"],"picked":"Tempest","floor":5.0},{"not_picked":["Scrape","All For One","Turbo"],"picked":"SKIP","floor":10.0},{"not_picked":["Go for the Eyes","Compile Driver"],"picked":"Ball Lightning","floor":12.0},{"not_picked":["Turbo","Barrage"],"picked":"Stack","floor":14.0},{"not_picked":["All For One","Seek"],"picked":"Hyperbeam","floor":16.0},{"not_picked":["Double Energy","Streamline"],"picked":"Compile Driver+1","floor":18.0},{"not_picked":["Gash","Darkness","Streamline"],"picked":"SKIP","floor":21.0},{"not_picked":["Gash","Darkness","Streamline"],"picked":"SKIP","floor":21.0}],"player_experience":1630774,"relics_obtained":[{"floor":10.0,"key":"Dodecahedron"},{"floor":14.0,"key":"Darkstone Periapt"}],"event_choices":[{"damage_healed":0.0,"max_hp_gain":0.0,"max_hp_loss":0.0,"gold_gain":0.0,"event_name":"Scrap Ooze","player_choice":"Success","floor":2.0,"gold_loss":0.0,"damage_taken":26.0,"relics_obtained":["Cables"]},{"damage_healed":0.0,"max_hp_gain":0.0,"max_hp_loss":0.0,"gold_gain":0.0,"event_name":"Shining Light","player_choice":"Entered Light","floor":4.0,"gold_loss":0.0,"damage_taken":21.0,"cards_upgraded":["Strike_B","Strike_B"]},{"damage_healed":0.0,"max_hp_gain":0.0,"max_hp_loss":0.0,"gold_gain":0.0,"event_name":"Accursed Blacksmith","player_choice":"Rummage","floor":7.0,"gold_loss":0.0,"damage_taken":0.0,"relics_obtained":["WarpedTongs"],"cards_obtained":["Pain"]},{"damage_healed":0.0,"max_hp_gain":0.0,"max_hp_loss":36.0,"gold_gain":0.0,"event_name":"Ghosts","player_choice":"Became a Ghost","floor":19.0,"gold_loss":0.0,"damage_taken":0.0,"cards_obtained":["Ghostly","Ghostly","Ghostly"]},{"damage_healed":0.0,"max_hp_gain":0.0,"max_hp_loss":0.0,"gold_gain":0.0,"cards_transformed":["Zap","Defend_B"],"event_name":"Drug Dealer","player_choice":"Became Test Subject","floor":20.0,"gold_loss":0.0,"damage_taken":0.0,"cards_obtained":["Steam Power","Rebound"]},{"damage_healed":0.0,"max_hp_gain":0.0,"max_hp_loss":0.0,"gold_gain":0.0,"event_name":"WeMeetAgain","player_choice":"Gave Potion","floor":22.0,"gold_loss":0.0,"damage_taken":0.0,"relics_obtained":["Blue Candle"]}],"is_beta":true,"boss_relics":[{"not_picked":["Philosopher\u0027s Stone","Calling Bell"],"picked":"Astrolabe"}],"items_purged_floors":[11],"is_endless":false,"potions_floor_spawned":[10,12],"killed_by":"Shelled Parasite and Fungi","ascension_level":20}