{"gold_per_floor":[15,26,26,36,53,87,87,116,116,116,181,181,29,40,40,136,136,149,168,168,168,183,183,217,234,311,338,338,357,44,55,55,55],"floor_reached":33,"playtime":1626,"items_purged":["Defend_R"],"score":411,"play_id":"e0174802-c000-4bb3-a345-bf8920e94018","local_time":"20181111104024","is_ascension_mode":true,"campfire_choices":[{"data":"Bloodletting","floor":7,"key":"SMITH"},{"data":"Bash","floor":10,"key":"SMITH"},{"floor":15,"key":"REST"},{"data":"Seeing Red","floor":23,"key":"SMITH"},{"floor":32,"key":"REST"}],"neow_cost":"NO_GOLD","seed_source_timestamp":156379954325083,"circlet_count":0,"master_deck":["Strike_R","Strike_R","Strike_R","Strike_R","Strike_R","Bash+1","Wild Strike","Flex+1","Bloodletting+1","Carnage","Feed","Flex","Seeing Red+1","Immolate","Clash+1","Wild Strike+1","Clash","Clash"],"relics":["Burning Blood","Nunchaku","Bag of Preparation","PreservedInsect","Pantograph","Regal Pillow","Runic Dome","MutagenicStrength","Anchor","Ornamental Fan","Bottled Lightning","Matryoshka"],"potions_floor_usage":[16,16,19,19,33,33,33],"damage_taken":[{"damage":1,"enemies":"Cultist","floor":1,"turns":3},{"damage":0,"enemies":"2 Louse","floor":2,"turns":2},{"damage":0,"enemies":"Small Slimes","floor":4,"turns":2},{"damage":11,"enemies":"2 Fungi Beasts","floor":5,"turns":4},{"damage":21,"enemies":"Gremlin Nob","floor":6,"turns":3},{"damage":35,"enemies":"Lagavulin","floor":8,"turns":4},{"damage":0,"enemies":"Gremlin Nob","floor":11,"turns":2},{"damage":0,"enemies":"3 Louse","floor":14,"turns":2},{"damage":61,"enemies":"Hexaghost","floor":16,"turns":7},{"damage":12,"enemies":"Chosen","floor":18,"turns":3},{"damage":22,"enemies":"3 Byrds","floor":19,"turns":4},{"damage":24,"enemies":"Snake Plant","floor":22,"turns":2},{"damage":16,"enemies":"Gremlin Leader","floor":24,"turns":2},{"damage":19,"enemies":"3 Cultists","floor":25,"turns":4},{"damage":4,"enemies":"Slavers","floor":27,"turns":3},{"damage":13,"enemies":"Centurion and Healer","floor":29,"turns":3},{"damage":0,"enemies":"Snecko","floor":31,"turns":1},{"damage":115,"enemies":"Champ","floor":33,"turns":6}],"seed_played":"2359826560804537007","potions_obtained":[{"floor":6,"key":"BloodPotion"},{"floor":8,"key":"Regen Potion"},{"floor":11,"key":"SteroidPotion"},{"floor":14,"key":"Fire Potion"},{"floor":18,"key":"SkillPotion"},{"floor":24,"key":"SteroidPotion"},{"floor":25,"key":"GamblersBrew"},{"floor":29,"key":"PowerPotion"}],"is_trial":false,"path_per_floor":["M","M","?","M","M","E","R","E","T","R","?","?","$","M","R","B",null,"M","M","?","?","M","R","E","M","T","E","?","M","$","M","R","B"],"character_chosen":"IRONCLAD","items_purchased":["Regal Pillow","Matryoshka"],"campfire_rested":2,"item_purchase_floors":[13,30],"current_hp_per_floor":[77,80,80,80,75,60,60,31,31,31,40,33,33,39,78,36,71,65,64,64,64,46,46,36,26,26,31,31,27,27,33,76,0],"gold":55,"neow_bonus":"REMOVE_TWO","is_prod":false,"is_daily":false,"chose_seed":false,"campfire_upgraded":3,"win_rate":0,"timestamp":1541950824,"path_taken":["M","M","?","M","M","E","R","E","T","R","?","?","$","M","R","BOSS","M","M","?","?","M","R","E","M","T","E","?","M","$","M","R","BOSS"],"build_version":"2018-11-08","purchased_purges":1,"victory":false,"max_hp_per_floor":[80,80,80,80,80,80,80,80,80,80,83,83,83,83,83,83,83,83,86,86,86,86,86,86,89,89,92,92,95,95,95,95,95],"card_choices":[{"not_picked":["Clothesline","Armaments"],"picked":"Wild Strike","floor":1},{"not_picked":["Shrug It Off","Rampage"],"picked":"Flex","floor":2},{"not_picked":["Iron Wave","Intimidate"],"picked":"Bloodletting","floor":4},{"not_picked":["Ghostly Armor","Blood for Blood"],"picked":"Carnage","floor":5},{"not_picked":["Second Wind","Body Slam"],"picked":"Feed","floor":6},{"not_picked":["Headbutt","Iron Wave","Shockwave"],"picked":"SKIP","floor":8},{"not_picked":["Hemokinesis","Body Slam"],"picked":"Flex","floor":11},{"not_picked":["Burning Pact","Havoc"],"picked":"Seeing Red","floor":14},{"not_picked":["Limit Break","Exhume"],"picked":"Immolate","floor":16},{"not_picked":["Armaments","Battle Trance"],"picked":"Clash+1","floor":18},{"not_picked":["Clothesline","Dropkick+1","Carnage"],"picked":"SKIP","floor":19},{"not_picked":["Heavy Blade+1","True Grit","Spot Weakness"],"picked":"SKIP","floor":22},{"not_picked":["Burning Pact","Seeing Red+1"],"picked":"Wild Strike+1","floor":24},{"not_picked":["Thunderclap","Iron Wave","Reckless Charge+1"],"picked":"SKIP","floor":25},{"not_picked":["Fiend Fire","Rupture"],"picked":"Clash","floor":27},{"not_picked":["Shrug It Off","Pummel","Second Wind"],"picked":"SKIP","floor":29},{"not_picked":["Body Slam+1","Shrug It Off+1","Thunderclap"],"picked":"SKIP","floor":31}],"player_experience":242223,"relics_obtained":[{"floor":6,"key":"Nunchaku"},{"floor":8,"key":"Bag of Preparation"},{"floor":9,"key":"PreservedInsect"},{"floor":11,"key":"Pantograph"},{"floor":24,"key":"Anchor"},{"floor":26,"key":"Ornamental Fan"},{"floor":27,"key":"Bottled Lightning"}],"event_choices":[{"damage_healed":0,"gold_gain":0,"player_choice":"Grow","damage_taken":0,"max_hp_gain":0,"max_hp_loss":0,"event_name":"Living Wall","floor":3,"gold_loss":0,"cards_upgraded":["Flex"]},{"damage_healed":0,"gold_gain":0,"player_choice":"Searched \u00271\u0027 times","damage_taken":0,"max_hp_gain":0,"max_hp_loss":0,"event_name":"Dead Adventurer","floor":11,"gold_loss":0},{"cards_removed":["Defend_R"],"damage_healed":0,"gold_gain":0,"player_choice":"Card Removal","damage_taken":7,"max_hp_gain":0,"max_hp_loss":0,"event_name":"Golden Wing","floor":12,"gold_loss":0},{"damage_healed":0,"gold_gain":0,"player_choice":"Inject Mutagens","damage_taken":0,"relics_obtained":["MutagenicStrength"],"max_hp_gain":0,"max_hp_loss":0,"event_name":"Drug Dealer","floor":20,"gold_loss":0},{"damage_healed":0,"gold_gain":0,"player_choice":"Ignored","damage_taken":0,"max_hp_gain":0,"max_hp_loss":0,"event_name":"Vampires","floor":21,"gold_loss":0},{"damage_healed":0,"gold_gain":0,"player_choice":"Read","damage_taken":0,"max_hp_gain":0,"max_hp_loss":0,"event_name":"The Library","floor":28,"gold_loss":0,"cards_obtained":["Clash"]}],"is_beta":false,"boss_relics":[{"not_picked":["Ectoplasm","Coffee Dripper"],"picked":"Runic Dome"}],"items_purged_floors":[30],"is_endless":false,"potions_floor_spawned":[6,8,11,14,18,24,25,29],"killed_by":"Champ","ascension_level":6}