{"gold_per_floor":[116,131,211,222,65,65,65,65,65,82,109,125,125,159,159,159],"floor_reached":16,"playtime":778,"items_purged":[],"score":220,"play_id":"7b32b38d-1f58-440b-b7f1-b9f75fe935b0","local_time":"20190604075209","is_ascension_mode":true,"campfire_choices":[{"data":"True Grit","floor":6.0,"key":"SMITH"},{"data":"Bash","floor":8.0,"key":"SMITH"},{"data":"True Grit","floor":13,"key":"SMITH"},{"floor":15,"key":"REST"}],"neow_cost":"NONE","seed_source_timestamp":0,"circlet_count":0,"master_deck":["AscendersBane","Strike_R","Strike_R","Strike_R","Strike_R","Strike_R","Defend_R","Defend_R","Defend_R","Defend_R","Bash+1","Clothesline","True Grit+1","Battle Trance","Offering","Anger","Cleave","True Grit+1","Dark Embrace"],"special_seed":0,"relics":["Burning Blood","Turnip","Calipers","Omamori","Oddly Smooth Stone"],"potions_floor_usage":[10,12],"damage_taken":[{"damage":9.0,"enemies":"Small Slimes","floor":1.0,"turns":6.0},{"damage":6.0,"enemies":"Jaw Worm","floor":2.0,"turns":6.0},{"damage":0.0,"enemies":"Cultist","floor":4.0,"turns":4.0},{"damage":22,"enemies":"Large Slime","floor":10,"turns":7},{"damage":13,"enemies":"Gremlin Nob","floor":11,"turns":3},{"damage":0,"enemies":"Exordium Wildlife","floor":12,"turns":3},{"damage":35,"enemies":"Lagavulin","floor":14,"turns":6},{"damage":48,"enemies":"The Guardian","floor":16,"turns":15}],"seed_played":"-1054435933781726489","potions_obtained":[{"floor":1.0,"key":"Block Potion"},{"floor":4.0,"key":"Fire Potion"}],"is_trial":false,"path_per_floor":["M","M","?","M","$","R","?","R","T","M","E","M","R","E","R","B"],"character_chosen":"IRONCLAD","items_purchased":["Offering"],"campfire_rested":1,"item_purchase_floors":[5],"current_hp_per_floor":[72,72,72,78,78,78,67,67,67,51,44,50,50,21,45,0],"gold":159,"neow_bonus":"TEN_PERCENT_HP_BONUS","is_prod":false,"is_daily":false,"chose_seed":false,"campfire_upgraded":3,"win_rate":0,"timestamp":1559649129,"path_taken":["M","M","?","M","$","R","?","R","T","M","E","?","R","E","R","BOSS"],"build_version":"2019-01-23","purchased_purges":0,"victory":false,"max_hp_per_floor":[82,82,82,82,82,82,82,82,82,82,82,82,82,82,82,82],"card_choices":[{"not_picked":["Sword Boomerang","Perfected Strike"],"picked":"Clothesline","floor":1.0},{"not_picked":["Burning Pact","Body Slam"],"picked":"True Grit","floor":2.0},{"not_picked":["Immolate","Twin Strike"],"picked":"Battle Trance","floor":4.0},{"not_picked":["Fire Breathing","Thunderclap"],"picked":"Anger","floor":10},{"not_picked":["Heavy Blade","Headbutt"],"picked":"Cleave","floor":11},{"not_picked":["Thunderclap","Heavy Blade"],"picked":"True Grit","floor":12},{"not_picked":["Dual Wield","Cleave"],"picked":"Dark Embrace","floor":14}],"player_experience":553998,"relics_obtained":[{"floor":9.0,"key":"Calipers"},{"floor":11,"key":"Omamori"},{"floor":14,"key":"Oddly Smooth Stone"}],"event_choices":[{"damage_healed":0.0,"max_hp_gain":0.0,"max_hp_loss":0.0,"gold_gain":80.0,"event_name":"Golden Wing","player_choice":"Gained Gold","floor":3.0,"gold_loss":0.0,"damage_taken":0.0},{"damage_healed":0.0,"max_hp_gain":0.0,"max_hp_loss":0.0,"gold_gain":0.0,"event_name":"Scrap Ooze","player_choice":"Success","floor":7.0,"gold_loss":0.0,"damage_taken":11.0,"relics_obtained":["Turnip"]}],"is_beta":false,"boss_relics":[],"items_purged_floors":[],"is_endless":false,"potions_floor_spawned":[1,4],"killed_by":"The Guardian","ascension_level":20}