{"gold_per_floor":[117,128,139,151,162,162,187,187,212,238,248,248,264,264,264,369,369],"floor_reached":17,"playtime":22303,"items_purged":[],"score":169,"play_id":"543ad5ea-1ff6-4183-8062-a72028c2bc0a","local_time":"20190522101655","is_ascension_mode":false,"campfire_choices":[{"data":"Bash","floor":6,"key":"SMITH"},{"data":"Cleave","floor":8,"key":"SMITH"},{"data":"Defend_R","floor":12,"key":"SMITH"},{"data":"Iron Wave","floor":15,"key":"SMITH"}],"neow_cost":"NONE","seed_source_timestamp":516974466506900,"circlet_count":0,"master_deck":["Strike_R","Strike_R","Strike_R","Strike_R","Defend_R","Defend_R","Defend_R","Defend_R+1","Bash+1","Cleave+1","Iron Wave+1","Dropkick","Warcry"],"relics":["Busted Crown","Lantern","Anchor","Happy Flower","Orrery"],"potions_floor_usage":[7,16],"damage_taken":[{"damage":0,"enemies":"Cultist","floor":1,"turns":3},{"damage":2,"enemies":"2 Louse","floor":2,"turns":3},{"damage":6,"enemies":"Jaw Worm","floor":3,"turns":3},{"damage":0,"enemies":"Exordium Wildlife","floor":4,"turns":4},{"damage":11,"enemies":"2 Fungi Beasts","floor":5,"turns":4},{"damage":21,"enemies":"Lagavulin","floor":7,"turns":5},{"damage":9,"enemies":"3 Sentries","floor":10,"turns":5},{"damage":0,"enemies":"Blue Slaver","floor":11,"turns":2},{"damage":0,"enemies":"Looter","floor":13,"turns":3},{"damage":29,"enemies":"The Guardian","floor":16,"turns":12}],"seed_played":"9152297769275934282","potions_obtained":[{"floor":4,"key":"Ancient Potion"},{"floor":5,"key":"Fire Potion"},{"floor":10,"key":"Weak Potion"},{"floor":13,"key":"Weak Potion"}],"is_trial":false,"path_per_floor":["M","M","M","M","M","R","E","R","T","E","M","R","M","?","R","B",null],"character_chosen":"IRONCLAD","items_purchased":[],"campfire_rested":0,"item_purchase_floors":[],"current_hp_per_floor":[80,78,72,72,61,61,40,40,40,31,31,31,31,31,31,2,80],"gold":369,"neow_bonus":"BOSS_RELIC","is_prod":false,"is_daily":false,"chose_seed":false,"campfire_upgraded":4,"win_rate":0,"timestamp":1558534615,"path_taken":["M","?","M","?","M","R","E","R","T","E","M","R","M","?","R","BOSS"],"build_version":"2019-01-23","purchased_purges":0,"victory":false,"max_hp_per_floor":[80,80,80,80,80,80,80,80,80,80,80,80,80,80,80,80,80],"card_choices":[{"not_picked":["Havoc"],"picked":"SKIP","floor":1},{"not_picked":["Havoc"],"picked":"SKIP","floor":2},{"not_picked":["Dual Wield"],"picked":"SKIP","floor":3},{"not_picked":["Reckless Charge"],"picked":"SKIP","floor":4},{"not_picked":[],"picked":"Cleave","floor":5},{"not_picked":["Burning Pact"],"picked":"SKIP","floor":7},{"not_picked":["Warcry"],"picked":"SKIP","floor":10},{"not_picked":["Battle Trance"],"picked":"SKIP","floor":11},{"not_picked":["True Grit"],"picked":"SKIP","floor":13},{"not_picked":[],"picked":"Dropkick","floor":17},{"not_picked":[],"picked":"Warcry","floor":17}],"player_experience":833645,"relics_obtained":[{"floor":7,"key":"Lantern"},{"floor":9,"key":"Anchor"},{"floor":10,"key":"Happy Flower"}],"event_choices":[{"cards_removed":["Strike_R"],"damage_healed":0,"gold_gain":0,"player_choice":"Took Card","damage_taken":0,"max_hp_gain":0,"max_hp_loss":0,"event_name":"NoteForYourself","floor":14,"gold_loss":0,"cards_obtained":["Iron Wave"]}],"is_beta":false,"boss_relics":[{"not_picked":["Runic Pyramid","Philosopher\u0027s Stone"],"picked":"Orrery"}],"items_purged_floors":[],"is_endless":false,"potions_floor_spawned":[4,5,10,13],"ascension_level":0}