{"gold_per_floor":[111,111,36,47,222,222,237,237,237,237,254,329,329,345,345,449,449,460,460,375,285,295,295,309,54,125,125,142,142,92,108,108,208,208,219,239,249,199,149,149,167,44,68,68,68],"floor_reached":45,"playtime":2788,"items_purged":["Strike_B","Strike_B","Strike_B","Defend_B+1","Defend_B"],"score":428,"play_id":"f60b4f60-0748-4b75-b94c-7dc48fee7279","local_time":"20190529233503","is_ascension_mode":false,"campfire_choices":[{"data":"Beam Cell","floor":6,"key":"SMITH"},{"data":"Dualcast","floor":8,"key":"SMITH"},{"data":"Gash","floor":10,"key":"SMITH"},{"data":"Rebound","floor":15,"key":"SMITH"},{"data":"Go for the Eyes","floor":23,"key":"SMITH"},{"data":"Gash","floor":27,"key":"SMITH"},{"data":"Defend_B","floor":29,"key":"SMITH"},{"data":"Conserve Battery","floor":32,"key":"SMITH"},{"data":"Defend_B","floor":40,"key":"SMITH"}],"neow_cost":"NONE","seed_source_timestamp":1204011670779500,"circlet_count":0,"master_deck":["Defend_B+1","Defend_B+1","Zap+1","Dualcast+1","Beam Cell+1","Gash+1","Rebound+1","Static Discharge+1","Machine Learning+1","Go for the Eyes+1","Go for the Eyes+1","Gash+1","Gash+1","Conserve Battery+1","Echo Form+1","Hologram+1","Gash+1","Loop+1"],"relics":["Cracked Core","Blood Vial","Ornamental Fan","Frozen Egg 2","Coffee Dripper","Smiling Mask","DollysMirror","Bottled Flame","White Beast Statue","Boot"],"potions_floor_usage":[16,16,33,33,36,37,45],"damage_taken":[{"damage":2,"enemies":"Small Slimes","floor":1,"turns":4},{"damage":2,"enemies":"2 Louse","floor":4,"turns":2},{"damage":11,"enemies":"Jaw Worm","floor":7,"turns":2},{"damage":0,"enemies":"Large Slime","floor":11,"turns":4},{"damage":0,"enemies":"Looter","floor":14,"turns":3},{"damage":16,"enemies":"Hexaghost","floor":16,"turns":5},{"damage":14,"enemies":"Spheric Guardian","floor":18,"turns":4},{"damage":7,"enemies":"3 Byrds","floor":22,"turns":1},{"damage":10,"enemies":"Cultist and Chosen","floor":24,"turns":5},{"damage":16,"enemies":"Snake Plant","floor":28,"turns":3},{"damage":9,"enemies":"Sentry and Sphere","floor":31,"turns":4},{"damage":32,"enemies":"Collector","floor":33,"turns":10},{"damage":17,"enemies":"3 Shapes","floor":35,"turns":5},{"damage":29,"enemies":"3 Darklings","floor":36,"turns":5},{"damage":9,"enemies":"Transient","floor":37,"turns":5},{"damage":17,"enemies":"Maw","floor":41,"turns":7},{"damage":34,"enemies":"Jaw Worm Horde","floor":45,"turns":1}],"seed_played":"1166479861497187753","potions_obtained":[{"floor":11,"key":"FocusPotion"},{"floor":14,"key":"FocusPotion"},{"floor":18,"key":"FairyPotion"},{"floor":24,"key":"Energy Potion"},{"floor":31,"key":"Fire Potion"},{"floor":33,"key":"Energy Potion"},{"floor":35,"key":"Regen Potion"},{"floor":36,"key":"Swift Potion"},{"floor":37,"key":"Energy Potion"},{"floor":41,"key":"EssenceOfSteel"}],"is_trial":false,"path_per_floor":["M","?","$","M","?","R","M","R","T","R","M","?","?","M","R","B",null,"M","?","?","?","M","R","M","$","T","R","M","R","?","M","R","B",null,"M","M","M","$","$","R","M","$","T","R","M"],"character_chosen":"DEFECT","items_purchased":["DollysMirror","Loop+1"],"campfire_rested":0,"item_purchase_floors":[25,42],"current_hp_per_floor":[73,73,73,73,73,73,64,64,64,64,66,55,30,32,32,18,75,61,61,61,61,56,56,48,48,48,48,34,34,34,27,27,6,75,58,45,38,38,38,38,23,23,23,23,0],"gold":68,"neow_bonus":"RANDOM_COMMON_RELIC","is_prod":false,"is_daily":false,"chose_seed":false,"campfire_upgraded":9,"win_rate":0.0,"timestamp":1559187303,"path_taken":["M","?","$","M","?","R","M","R","T","R","M","?","?","M","R","BOSS","M","?","?","?","?","R","M","$","T","R","M","R","?","M","R","BOSS","M","M","?","?","$","R","M","$","T","R","?"],"build_version":"2019-01-23","purchased_purges":5,"victory":false,"max_hp_per_floor":[75,75,75,75,75,75,75,75,75,75,75,75,75,75,75,75,75,75,75,75,75,75,75,75,75,75,75,75,75,75,75,75,75,75,75,75,75,75,75,75,75,75,75,75,75],"card_choices":[{"not_picked":["Steam","Blizzard","Compile Driver"],"picked":"SKIP","floor":1},{"not_picked":["Leap","Coolheaded"],"picked":"Beam Cell","floor":4},{"not_picked":["Darkness","Chill"],"picked":"Gash","floor":7},{"not_picked":["Echo Form","Lockon"],"picked":"Rebound","floor":11},{"not_picked":["Redo","Rebound"],"picked":"Static Discharge+1","floor":14},{"not_picked":["Multi-Cast","Reboot"],"picked":"Machine Learning+1","floor":16},{"not_picked":["Auto Shields","Compile Driver"],"picked":"Go for the Eyes","floor":18},{"not_picked":["Ball Lightning","Turbo"],"picked":"Go for the Eyes+1","floor":22},{"not_picked":["Conserve Battery","Stack"],"picked":"Gash","floor":24},{"not_picked":["Stack+1","Steam","Defragment+1"],"picked":"SKIP","floor":28},{"not_picked":["Storm+1","Tempest"],"picked":"Conserve Battery","floor":31},{"not_picked":["Reboot","Seek"],"picked":"Echo Form+1","floor":33},{"not_picked":["Stack","Glacier+1"],"picked":"Hologram+1","floor":35},{"not_picked":["Glacier","Coolheaded+1","Skim"],"picked":"SKIP","floor":36},{"not_picked":["Beam Cell","Hello World+1"],"picked":"Gash+1","floor":37},{"not_picked":["Biased Cognition+1","Ball Lightning","Go for the Eyes+1"],"picked":"SKIP","floor":41}],"player_experience":997653,"relics_obtained":[{"floor":9,"key":"Ornamental Fan"},{"floor":26,"key":"Bottled Flame"},{"floor":43,"key":"Boot"}],"event_choices":[{"damage_healed":0,"gold_gain":0,"player_choice":"Grow","damage_taken":0,"max_hp_gain":0,"max_hp_loss":0,"event_name":"Living Wall","floor":2,"gold_loss":0,"cards_upgraded":["Zap"]},{"damage_healed":0,"gold_gain":175,"player_choice":"AGREE","damage_taken":0,"max_hp_gain":0,"max_hp_loss":0,"event_name":"Liars Game","floor":5,"gold_loss":0,"cards_obtained":["Doubt"]},{"damage_healed":0,"gold_gain":75,"player_choice":"Gather Gold","damage_taken":11,"max_hp_gain":0,"max_hp_loss":0,"event_name":"World of Goop","floor":12,"gold_loss":0},{"damage_healed":0,"gold_gain":0,"player_choice":"Success","damage_taken":25,"relics_obtained":["Frozen Egg 2"],"max_hp_gain":0,"max_hp_loss":0,"event_name":"Scrap Ooze","floor":13,"gold_loss":0},{"cards_removed":["Strike_B"],"damage_healed":0,"gold_gain":0,"player_choice":"Elegance","damage_taken":0,"max_hp_gain":0,"max_hp_loss":0,"event_name":"Back to Basics","floor":19,"gold_loss":0},{"damage_healed":0,"gold_gain":0,"player_choice":"Obtained Relic","damage_taken":0,"relics_obtained":["Smiling Mask"],"max_hp_gain":0,"max_hp_loss":0,"event_name":"Addict","floor":20,"gold_loss":85},{"cards_removed":["Doubt"],"damage_healed":0,"gold_gain":0,"player_choice":"Upgrade and Remove","damage_taken":0,"max_hp_gain":0,"max_hp_loss":0,"event_name":"Designer","floor":21,"gold_loss":90,"cards_upgraded":["Defend_B"]},{"damage_healed":0,"gold_gain":0,"player_choice":"Bet on Murderer","damage_taken":0,"max_hp_gain":0,"max_hp_loss":0,"event_name":"The Joust","floor":30,"gold_loss":50}],"is_beta":false,"boss_relics":[{"not_picked":["Tiny House","Runic Pyramid"],"picked":"Coffee Dripper"},{"not_picked":["Eternal Feather","Astrolabe"],"picked":"White Beast Statue"}],"items_purged_floors":[3,25,38,39,42],"is_endless":false,"potions_floor_spawned":[11,14,18,24,31,33,35,36,37,41],"killed_by":"Jaw Worm Horde","ascension_level":0}