{"gold_per_floor":[114,131,56,56,56,97,97,110,189,189,230,200,200,200,200,326,326,339,370,388,45,45,45,144,178,178,190,222,13,48,64,64,189,189,202,223,223,556,556,584,47,77,77,88,106,66,78,98,98,98],"floor_reached":51,"playtime":4230,"items_purged":["Strike_R","Defend_R","Strike_R"],"score":901,"play_id":"d1a40f90-7dec-44c7-962e-9ded4208c879","local_time":"20181115011829","is_ascension_mode":false,"campfire_choices":[{"floor":7,"key":"REST"},{"floor":13,"key":"REST"},{"floor":15,"key":"REST"},{"floor":23,"key":"REST"},{"floor":32,"key":"REST"},{"floor":49,"key":"REST"}],"neow_cost":"NONE","seed_source_timestamp":693638632144099,"circlet_count":0,"master_deck":["Defend_R+1","Bash","Barricade+1","Pommel Strike","Armaments","Body Slam","Ghostly Armor+1","Iron Wave","Feed","Shrug It Off","Feel No Pain","Shockwave+1","Juggernaut","Body Slam","Shrug It Off+1","Rage","Iron Wave","Iron Wave","Cleave","Rage+1","Battle Trance+1","Body Slam+1","Pommel Strike+1","Disarm","Dual Wield+1","Entrench"],"relics":["Burning Blood","Bag of Preparation","The Courier","Nunchaku","Fusion Hammer","Red Mask","Mummified Hand","Vajra","MawBank","War Paint","Lantern","Astrolabe","Mango","Omamori","Dodecahedron","Oddly Smooth Stone","Gremlin Horn","Prayer Wheel"],"potions_floor_usage":[11,11,19,20,25,28,48,50],"damage_taken":[{"damage":6,"enemies":"Cultist","floor":1,"turns":3},{"damage":11,"enemies":"Jaw Worm","floor":2,"turns":5},{"damage":28,"enemies":"Gremlin Nob","floor":6,"turns":4},{"damage":10,"enemies":"2 Louse","floor":8,"turns":4},{"damage":50,"enemies":"3 Sentries","floor":11,"turns":11},{"damage":0,"enemies":"Looter","floor":12,"turns":4},{"damage":10,"enemies":"Slime Boss","floor":16,"turns":11},{"damage":0,"enemies":"Chosen","floor":18,"turns":7},{"damage":46,"enemies":"Masked Bandits","floor":19,"turns":11},{"damage":9,"enemies":"3 Byrds","floor":20,"turns":8},{"damage":27,"enemies":"Slavers","floor":25,"turns":6},{"damage":4,"enemies":"Shelled Parasite and Fungi","floor":28,"turns":6},{"damage":13,"enemies":"Gremlin Leader","floor":30,"turns":6},{"damage":2,"enemies":"Snecko","floor":31,"turns":5},{"damage":15,"enemies":"Collector","floor":33,"turns":11},{"damage":0,"enemies":"3 Darklings","floor":35,"turns":4},{"damage":0,"enemies":"3 Shapes","floor":36,"turns":3},{"damage":0,"enemies":"Reptomancer","floor":40,"turns":6},{"damage":0,"enemies":"Giant Head","floor":42,"turns":3},{"damage":0,"enemies":"Jaw Worm Horde","floor":44,"turns":3},{"damage":0,"enemies":"Writhing Mass","floor":45,"turns":3},{"damage":0,"enemies":"4 Shapes","floor":47,"turns":2},{"damage":6,"enemies":"Sphere and 2 Shapes","floor":48,"turns":4},{"damage":0,"enemies":"Awakened One","floor":50,"turns":5}],"seed_played":"4326102661379164301","potions_obtained":[{"floor":1,"key":"LiquidBronze"},{"floor":2,"key":"Ancient Potion"},{"floor":8,"key":"BloodPotion"},{"floor":11,"key":"FearPotion"},{"floor":19,"key":"Weak Potion"},{"floor":20,"key":"Regen Potion"},{"floor":25,"key":"Fruit Juice"},{"floor":30,"key":"SpeedPotion"},{"floor":35,"key":"FearPotion"},{"floor":36,"key":"GamblersBrew"},{"floor":48,"key":"Block Potion"}],"is_trial":false,"path_per_floor":["M","M","$","?","$","E","R","M","T","?","E","M","R","?","R","B",null,"M","?","M","$","?","R","?","E","T","?","M","$","E","M","R","B",null,"M","M","?","?","?","E","$","E","T","M","M","$","M","M","R","B",null],"character_chosen":"IRONCLAD","items_purchased":["Mummified Hand","Juggernaut","Rage","Iron Wave","War Paint","Omamori","Dodecahedron","Oddly Smooth Stone","Energy Potion"],"campfire_rested":6,"item_purchase_floors":[21,21,29,29,29,41,41,41,46],"current_hp_per_floor":[80,75,75,55,55,33,57,53,53,46,10,16,40,24,48,44,80,84,48,48,48,48,75,75,72,72,72,82,82,75,79,102,93,102,102,105,105,105,105,119,119,119,119,119,119,119,122,125,125,125],"gold":98,"neow_bonus":"ONE_RANDOM_RARE_CARD","is_prod":false,"is_daily":false,"chose_seed":false,"campfire_upgraded":0,"win_rate":0,"timestamp":1542233909,"path_taken":["M","M","$","?","$","E","R","M","T","?","E","M","R","?","R","BOSS","M","?","M","$","?","R","?","E","T","?","M","?","E","M","R","BOSS","M","M","?","?","?","E","?","E","T","M","M","$","M","M","R","BOSS"],"build_version":"2018-11-08","purchased_purges":3,"victory":true,"max_hp_per_floor":[80,80,80,80,80,80,80,80,80,80,80,80,80,80,80,80,80,84,88,91,91,91,91,91,94,94,94,102,102,102,102,102,102,102,102,105,105,105,105,119,119,119,119,119,119,119,122,125,125,125],"card_choices":[{"not_picked":["Rampage","Armaments"],"picked":"Pommel Strike","floor":1},{"not_picked":["Evolve","Anger"],"picked":"Armaments","floor":2},{"not_picked":["Entrench","Rampage"],"picked":"Body Slam","floor":6},{"not_picked":["Hemokinesis","Anger","Havoc"],"picked":"SKIP","floor":8},{"not_picked":["Power Through","Clash"],"picked":"Ghostly Armor","floor":11},{"not_picked":["Cleave","Warcry"],"picked":"Iron Wave","floor":12},{"not_picked":["Barricade","Immolate"],"picked":"Feed","floor":16},{"not_picked":["Sword Boomerang","Thunderclap"],"picked":"Shrug It Off","floor":18},{"not_picked":["Pummel","Pommel Strike"],"picked":"Feel No Pain","floor":19},{"not_picked":["Uppercut","Warcry"],"picked":"Shockwave+1","floor":20},{"not_picked":["Metallicize","Perfected Strike"],"picked":"Flame Barrier","floor":25},{"not_picked":["Whirlwind","Metallicize"],"picked":"Shrug It Off+1","floor":28},{"not_picked":["Offering","Blood for Blood"],"picked":"Iron Wave","floor":30},{"not_picked":["Dropkick","True Grit"],"picked":"Cleave","floor":31},{"not_picked":["Iron Wave","Sentinel"],"picked":"Pommel Strike+1","floor":35},{"not_picked":["Headbutt","Flame Barrier"],"picked":"Disarm","floor":36},{"not_picked":["Intimidate+1","Sentinel","Sever Soul"],"picked":"SKIP","floor":40},{"not_picked":["Clash","Sword Boomerang+1","Headbutt"],"picked":"SKIP","floor":42},{"not_picked":["Intimidate","Shrug It Off+1","Uppercut+1"],"picked":"SKIP","floor":44},{"not_picked":["Blood for Blood+1","Havoc","Headbutt"],"picked":"SKIP","floor":44},{"not_picked":["Thunderclap","Anger"],"picked":"Dual Wield+1","floor":45},{"not_picked":["Searing Blow","Twin Strike+1","Heavy Blade"],"picked":"SKIP","floor":45},{"not_picked":["Fiend Fire","Shockwave+1","Whirlwind"],"picked":"SKIP","floor":47},{"not_picked":["Rampage+1","Power Through+1","Sword Boomerang"],"picked":"SKIP","floor":47},{"not_picked":["Warcry","Thunderclap+1"],"picked":"Entrench","floor":48},{"not_picked":["Battle Trance","Thunderclap","True Grit+1"],"picked":"SKIP","floor":48}],"player_experience":322353,"relics_obtained":[{"floor":6,"key":"Bag of Preparation"},{"floor":9,"key":"The Courier"},{"floor":11,"key":"Nunchaku"},{"floor":19,"key":"Red Mask"},{"floor":25,"key":"Vajra"},{"floor":26,"key":"MawBank"},{"floor":30,"key":"Lantern"},{"floor":40,"key":"Mango"},{"floor":42,"key":"Gremlin Horn"},{"floor":43,"key":"Prayer Wheel"}],"event_choices":[{"damage_healed":0,"gold_gain":0,"player_choice":"Take Damage","damage_taken":20,"relics_obtained":["Golden Idol"],"max_hp_gain":0,"max_hp_loss":0,"event_name":"Golden Idol","floor":4,"gold_loss":0},{"cards_removed":["Strike_R"],"damage_healed":0,"gold_gain":0,"player_choice":"Card Removal","damage_taken":7,"max_hp_gain":0,"max_hp_loss":0,"event_name":"Golden Wing","floor":10,"gold_loss":0},{"damage_healed":0,"gold_gain":0,"player_choice":"Entered Light","damage_taken":16,"max_hp_gain":0,"max_hp_loss":0,"event_name":"Shining Light","floor":14,"gold_loss":0,"cards_upgraded":["Barricade","Defend_R"]},{"damage_healed":0,"gold_gain":0,"player_choice":"Fought Bandits","damage_taken":0,"max_hp_gain":0,"max_hp_loss":0,"event_name":"Masked Bandits","floor":19,"gold_loss":0},{"damage_healed":0,"gold_gain":0,"player_choice":"Read","damage_taken":0,"max_hp_gain":0,"max_hp_loss":0,"event_name":"The Library","floor":22,"gold_loss":0,"cards_obtained":["Body Slam"]},{"damage_healed":0,"gold_gain":99,"player_choice":"Stole From Cult","damage_taken":0,"max_hp_gain":0,"max_hp_loss":0,"event_name":"Nest","floor":24,"gold_loss":0},{"cards_removed":["Defend_R"],"damage_healed":0,"gold_gain":0,"player_choice":"Elegance","damage_taken":0,"max_hp_gain":0,"max_hp_loss":0,"event_name":"Back to Basics","floor":27,"gold_loss":0},{"cards_removed":["Flame Barrier"],"damage_healed":0,"gold_gain":0,"player_choice":"Removed Skill","damage_taken":0,"max_hp_gain":0,"max_hp_loss":0,"event_name":"Falling","floor":37,"gold_loss":0},{"damage_healed":0,"gold_gain":333,"player_choice":"Gave Idol","damage_taken":0,"max_hp_gain":0,"max_hp_loss":0,"event_name":"The Moai Head","floor":38,"relics_lost":["Golden Idol"],"gold_loss":0},{"damage_healed":0,"gold_gain":0,"player_choice":"Memory 1","damage_taken":0,"max_hp_gain":0,"max_hp_loss":0,"event_name":"SensoryStone","floor":39,"gold_loss":0}],"is_beta":false,"boss_relics":[{"not_picked":["Pandora\u0027s Box","Runic Cube"],"picked":"Fusion Hammer"},{"not_picked":["Sozu","Orrery"],"picked":"Astrolabe"}],"items_purged_floors":[3,21,41],"is_endless":false,"potions_floor_spawned":[1,2,8,11,19,20,25,30,35,36,45,48],"ascension_level":0}