{"gold_per_floor":[116,133,208,208,208,208,221,250,277,303,18,31,41,53,53,150,150,165,178,178,178,178,178,194,194,243,23,293,303,315,315],"floor_reached":31,"playtime":2327,"items_purged":["Normality"],"score":259,"play_id":"5ac9e383-7648-413d-9182-036953f6c3dc","local_time":"20180923100112","is_ascension_mode":true,"campfire_choices":[{"data":"Bash","floor":6,"key":"SMITH"},{"data":"Demon Form","floor":15,"key":"SMITH"},{"data":"Seeing Red","floor":23,"key":"SMITH"},{"data":"Anger","floor":25,"key":"SMITH"}],"neow_cost":"NONE","seed_source_timestamp":246660524189699,"circlet_count":0,"master_deck":["Strike_R","Strike_R","Strike_R","Strike_R","Defend_R","Defend_R","Defend_R","Defend_R","Bash+1","Demon Form+1","Headbutt","Perfected Strike","Ghostly Armor","Thunderclap","Anger+1","Metallicize","Carnage","Battle Trance","Searing Blow","Impervious","Doubt","Parasite","Armaments+1","Seeing Red+1","Anger+1","Offering","Heavy Blade+1","Infernal Blade+1"],"relics":["Burning Blood","Anchor","Shuriken","Bag of Marbles","Dream Catcher","Gremlin Horn","Calling Bell","Juzu Bracelet","Molten Egg 2","Pocketwatch","Enchiridion","Ancient Tea Set","Happy Flower"],"potions_floor_usage":[8,10,10,16,29,31],"damage_taken":[{"damage":5,"enemies":"Small Slimes","floor":1,"turns":5},{"damage":5,"enemies":"2 Louse","floor":2,"turns":3},{"damage":3,"enemies":"Jaw Worm","floor":7,"turns":3},{"damage":14,"enemies":"Gremlin Nob","floor":8,"turns":4},{"damage":16,"enemies":"Lagavulin","floor":10,"turns":5},{"damage":0,"enemies":"2 Fungi Beasts","floor":12,"turns":2},{"damage":0,"enemies":"3 Louse","floor":13,"turns":2},{"damage":7,"enemies":"Large Slime","floor":14,"turns":6},{"damage":43,"enemies":"The Guardian","floor":16,"turns":9},{"damage":2,"enemies":"Chosen","floor":18,"turns":6},{"damage":7,"enemies":"3 Byrds","floor":19,"turns":6},{"damage":11,"enemies":"3 Cultists","floor":24,"turns":5},{"damage":6,"enemies":"Snecko","floor":29,"turns":3},{"damage":6,"enemies":"Chosen and Byrds","floor":30,"turns":5},{"damage":20,"enemies":"Sentry and Sphere","floor":31,"turns":3}],"seed_played":"-3723136703551279320","potions_obtained":[{"floor":1,"key":"SteroidPotion"},{"floor":7,"key":"Strength Potion"},{"floor":8,"key":"SteroidPotion"},{"floor":14,"key":"AttackPotion"},{"floor":19,"key":"Dexterity Potion"},{"floor":30,"key":"Weak Potion"}],"is_trial":false,"path_per_floor":["M","M","?","?","?","R","M","E","T","E","$","M","M","M","R","B",null,"M","M","?","?","?","R","M","R","T","$","?","M","M"],"character_chosen":"IRONCLAD","items_purchased":["Metallicize","Gremlin Horn","Happy Flower"],"campfire_rested":0,"item_purchase_floors":[11,11,27],"current_hp_per_floor":[80,80,69,62,59,59,62,54,54,44,44,50,56,55,55,18,80,80,79,63,48,48,48,43,43,43,43,11,11,11,0],"gold":315,"neow_bonus":"ONE_RANDOM_RARE_CARD","is_prod":false,"is_daily":false,"chose_seed":false,"campfire_upgraded":4,"win_rate":0,"timestamp":1537718472,"path_taken":["M","M","?","?","?","R","M","E","T","E","$","M","?","M","R","BOSS","M","M","?","?","?","R","M","R","T","$","?","M","M","M"],"build_version":"2018-09-20","purchased_purges":1,"victory":false,"max_hp_per_floor":[80,80,80,80,80,80,80,80,80,80,80,80,80,80,80,80,80,80,80,80,85,85,85,85,85,85,85,85,85,85,85],"card_choices":[{"not_picked":["Corruption","Uppercut"],"picked":"Headbutt","floor":1},{"not_picked":["Sever Soul","Thunderclap"],"picked":"Perfected Strike","floor":2},{"not_picked":["Whirlwind","Rage"],"picked":"Ghostly Armor","floor":7},{"not_picked":["Disarm","True Grit"],"picked":"Thunderclap","floor":8},{"not_picked":["Clothesline","Body Slam"],"picked":"Anger","floor":10},{"not_picked":["Dual Wield","Thunderclap"],"picked":"Carnage","floor":12},{"not_picked":["Pommel Strike","True Grit"],"picked":"Battle Trance","floor":13},{"not_picked":["Battle Trance","Iron Wave"],"picked":"Searing Blow","floor":14},{"not_picked":["Dark Embrace","Juggernaut"],"picked":"Impervious","floor":16},{"not_picked":["Twin Strike+1","Thunderclap+1"],"picked":"Armaments+1","floor":18},{"not_picked":["Body Slam+1","Cleave+1"],"picked":"Seeing Red","floor":19},{"not_picked":["Warcry","Shrug It Off+1"],"picked":"Offering","floor":24},{"not_picked":["Clothesline+1","Wild Strike+1"],"picked":"Heavy Blade+1","floor":29},{"not_picked":["Pummel+1","Dual Wield+1"],"picked":"Infernal Blade+1","floor":30}],"player_experience":25857,"relics_obtained":[{"floor":8,"key":"Shuriken"},{"floor":9,"key":"Bag of Marbles"},{"floor":10,"key":"Dream Catcher"},{"floor":17,"key":"Juzu Bracelet"},{"floor":17,"key":"Molten Egg 2"},{"floor":17,"key":"Pocketwatch"},{"floor":20,"key":"Enchiridion"},{"floor":26,"key":"Ancient Tea Set"}],"event_choices":[{"event_name":"World of Goop","player_choice":"Gather Gold","floor":3,"damage_taken":0},{"event_name":"Golden Wing","player_choice":"Card Removal","floor":4,"damage_taken":0},{"event_name":"Scrap Ooze","player_choice":"success","floor":5,"damage_taken":3},{"event_name":"Cursed Tome","player_choice":"Obtained Book","floor":20,"damage_taken":0},{"event_name":"Forgotten Altar","player_choice":"Shed Blood","floor":21,"damage_taken":0},{"event_name":"The Library","player_choice":"Read","floor":22,"damage_taken":0},{"event_name":"Knowing Skull","player_choice":"GOLD GOLD GOLD ","floor":28,"damage_taken":0}],"is_beta":false,"boss_relics":[{"not_picked":["Black Blood","Ectoplasm"],"picked":"Calling Bell"}],"items_purged_floors":[27],"is_endless":false,"potions_floor_spawned":[1,7,8,14,19,30],"killed_by":"Sentry and Sphere","ascension_level":1}