{"gold_per_floor":[411,29,44,44,64,90,107,107,130,180,210,222,249,265,265,339,339,339,339,339,162,162,162,162,162,162,162,162,162,162,162,162,162,162,162,162,37,37,37,37,37,37,37,37,37,37,37,37,37,37],"floor_reached":51,"playtime":2466,"items_purged":["Strike_R","Strike_R","Strike_R"],"score":1439,"play_id":"6a41cc2c-580a-476e-86bd-dadfafeae3ef","local_time":"20190430201412","is_ascension_mode":true,"campfire_choices":[{"data":"Inflame","floor":8.0,"key":"SMITH"},{"floor":15.0,"key":"REST"},{"data":"Metallicize","floor":23,"key":"SMITH"},{"data":"Metallicize","floor":25,"key":"SMITH"},{"data":"Shockwave","floor":32,"key":"SMITH"},{"data":"Seeing Red","floor":40,"key":"SMITH"},{"data":"Shrug It Off","floor":42,"key":"SMITH"},{"floor":49,"key":"REST"}],"neow_cost":"TEN_PERCENT_HP_LOSS","seed_source_timestamp":704948901710289,"circlet_count":0,"master_deck":["AscendersBane","Strike_R","Defend_R","Defend_R","Defend_R","Defend_R","Bash","Inflame+1","Spot Weakness","Shrug It Off+1","Sword Boomerang+1","Shockwave+1","Shrug It Off","Seeing Red+1","Feed+1","Metallicize+1","Metallicize+1","Anger+1","Metallicize","Heavy Blade+1","Juggernaut","Headbutt+1","Inflame","Uppercut+1","Power Through"],"special_seed":0,"relics":["Burning Blood","Old Coin","Molten Egg 2","Anchor","Bag of Marbles","PreservedInsect","Strawberry","Red Skull","Ectoplasm","MutagenicStrength","Pantograph","Bottled Flame","Gremlin Horn","Bag of Preparation","Ancient Tea Set","Orrery","The Courier","Blood Vial","Boot"],"potions_floor_usage":[16,47,50],"damage_taken":[{"damage":6.0,"enemies":"2 Louse","floor":1.0,"turns":4.0},{"damage":10.0,"enemies":"Small Slimes","floor":3.0,"turns":3.0},{"damage":5.0,"enemies":"Cultist","floor":5.0,"turns":4.0},{"damage":22.0,"enemies":"Lagavulin","floor":6.0,"turns":5.0},{"damage":0.0,"enemies":"Blue Slaver","floor":7.0,"turns":6.0},{"damage":19.0,"enemies":"Gremlin Nob","floor":11.0,"turns":4.0},{"damage":1.0,"enemies":"Looter","floor":12.0,"turns":3.0},{"damage":11.0,"enemies":"3 Sentries","floor":13.0,"turns":6.0},{"damage":16.0,"enemies":"Exordium Thugs","floor":14.0,"turns":5.0},{"damage":41,"enemies":"Slime Boss","floor":16,"turns":12},{"damage":22,"enemies":"Spheric Guardian","floor":18,"turns":4},{"damage":0,"enemies":"3 Byrds","floor":19,"turns":5},{"damage":16,"enemies":"Snecko","floor":22,"turns":6},{"damage":4,"enemies":"Book of Stabbing","floor":28,"turns":5},{"damage":1,"enemies":"Gremlin Leader","floor":30,"turns":6},{"damage":4,"enemies":"Centurion and Healer","floor":31,"turns":4},{"damage":60,"enemies":"Automaton","floor":33,"turns":9},{"damage":0,"enemies":"Orb Walker","floor":35,"turns":1},{"damage":7,"enemies":"3 Shapes","floor":36,"turns":2},{"damage":44,"enemies":"Transient","floor":38,"turns":5},{"damage":12,"enemies":"3 Darklings","floor":39,"turns":4},{"damage":13,"enemies":"4 Shapes","floor":41,"turns":7},{"damage":2,"enemies":"Giant Head","floor":44,"turns":5},{"damage":10,"enemies":"Spire Growth","floor":45,"turns":5},{"damage":3,"enemies":"Jaw Worm Horde","floor":46,"turns":5},{"damage":27,"enemies":"Nemesis","floor":47,"turns":5},{"damage":56,"enemies":"Donu and Deca","floor":50,"turns":9}],"seed_played":"-1591521820248936573","potions_obtained":[{"floor":1.0,"key":"SteroidPotion"},{"floor":5.0,"key":"FearPotion"},{"floor":11.0,"key":"Ancient Potion"},{"floor":14.0,"key":"EssenceOfSteel"},{"floor":22,"key":"EssenceOfSteel"}],"is_trial":false,"path_per_floor":["M","$","M","?","M","E","M","R","T","?","E","M","E","M","R","B",null,"M","M","?","$","M","R","?","R","T","T","E","T","E","M","R","B",null,"M","M","$","M","M","R","M","R","T","E","M","M","E","?","R","B",null],"character_chosen":"IRONCLAD","items_purchased":["Spot Weakness","Molten Egg 2","Metallicize"],"campfire_rested":2,"item_purchase_floors":[2,2,21],"current_hp_per_floor":[68,68,64,53,54,38,44,44,44,44,38,43,38,28,50,15,60,44,54,70,70,64,64,64,64,64,64,70,70,75,81,81,41,82,88,91,91,53,47,47,44,44,44,52,54,63,48,48,83,60],"gold":37,"neow_bonus":"ONE_RARE_RELIC","is_prod":false,"is_daily":false,"chose_seed":false,"campfire_upgraded":6,"win_rate":0,"timestamp":1556669652,"path_taken":["M","$","M","?","M","E","M","R","T","?","E","M","E","M","R","BOSS","M","M","?","$","M","R","?","R","T","?","E","?","E","M","R","BOSS","M","M","$","M","M","R","M","R","T","E","M","M","E","?","R","BOSS"],"build_version":"2019-01-23","purchased_purges":3,"victory":true,"max_hp_per_floor":[68,68,68,68,68,68,68,68,68,68,75,75,75,75,75,75,75,75,79,79,79,83,83,83,83,83,83,87,87,87,91,91,95,95,95,99,99,99,99,99,103,103,103,107,111,115,119,119,119,119],"card_choices":[{"not_picked":["Infernal Blade","Bloodletting"],"picked":"Inflame","floor":1.0},{"not_picked":["Body Slam+1","Heavy Blade+1"],"picked":"Shrug It Off","floor":3.0},{"not_picked":["Armaments","Fire Breathing","Clash+1"],"picked":"SKIP","floor":5.0},{"not_picked":["Blood for Blood+1","Bloodletting"],"picked":"Sword Boomerang+1","floor":6.0},{"not_picked":["Havoc","Infernal Blade"],"picked":"Shockwave","floor":7.0},{"not_picked":["Seeing Red","Wild Strike+1"],"picked":"Shrug It Off","floor":11.0},{"not_picked":["Power Through","Rampage+1","Thunderclap+1"],"picked":"SKIP","floor":12.0},{"not_picked":["Sentinel","Perfected Strike+1","Body Slam+1"],"picked":"SKIP","floor":13.0},{"not_picked":["Clash+1","Thunderclap+1"],"picked":"Seeing Red","floor":14.0},{"not_picked":["Impervious","Brutality"],"picked":"Feed+1","floor":16},{"not_picked":["Rage","Havoc+1"],"picked":"Metallicize","floor":18},{"not_picked":["Corruption+1","Pommel Strike+1","Hemokinesis+1"],"picked":"SKIP","floor":19},{"not_picked":["Thunderclap+1","Corruption"],"picked":"Anger+1","floor":22},{"not_picked":["Warcry","Body Slam+1"],"picked":"Metallicize","floor":28},{"not_picked":["Warcry","Dropkick+1","Inflame"],"picked":"SKIP","floor":30},{"not_picked":["Thunderclap+1","Flex"],"picked":"Heavy Blade+1","floor":31},{"not_picked":["Berserk","Brutality"],"picked":"Juggernaut","floor":33},{"not_picked":["Clash+1","Anger+1"],"picked":"Headbutt+1","floor":34},{"not_picked":["Clash+1","Armaments+1"],"picked":"Inflame","floor":35},{"not_picked":["Ghostly Armor","Warcry","Iron Wave+1"],"picked":"SKIP","floor":36},{"not_picked":["Carnage+1","Shockwave","Cleave+1"],"picked":"SKIP","floor":38},{"not_picked":["Body Slam+1","Clothesline+1","Anger+1"],"picked":"SKIP","floor":39},{"not_picked":["Anger+1","Warcry+1","Power Through+1"],"picked":"SKIP","floor":41},{"not_picked":["Clothesline+1","Shrug It Off"],"picked":"Uppercut+1","floor":44},{"not_picked":["Feel No Pain+1","Rampage+1","Shrug It Off"],"picked":"SKIP","floor":45},{"not_picked":["Pommel Strike+1","Twin Strike+1","True Grit"],"picked":"SKIP","floor":46},{"not_picked":["Anger+1","Perfected Strike+1","Flex"],"picked":"SKIP","floor":47}],"player_experience":353815,"relics_obtained":[{"floor":6.0,"key":"Bag of Marbles"},{"floor":9.0,"key":"PreservedInsect"},{"floor":11.0,"key":"Strawberry"},{"floor":13.0,"key":"Red Skull"},{"floor":26,"key":"Pantograph"},{"floor":27,"key":"Bottled Flame"},{"floor":28,"key":"Gremlin Horn"},{"floor":29,"key":"Bag of Preparation"},{"floor":30,"key":"Ancient Tea Set"},{"floor":43,"key":"The Courier"},{"floor":44,"key":"Blood Vial"},{"floor":47,"key":"Boot"}],"event_choices":[{"damage_healed":0.0,"max_hp_gain":0.0,"max_hp_loss":0.0,"gold_gain":0.0,"event_name":"Scrap Ooze","player_choice":"Success","floor":4.0,"gold_loss":0.0,"damage_taken":11.0,"relics_obtained":["Anchor"]},{"damage_healed":0.0,"max_hp_gain":0.0,"max_hp_loss":0.0,"gold_gain":50.0,"event_name":"Golden Shrine","player_choice":"Pray","floor":10.0,"gold_loss":0.0,"damage_taken":0.0},{"damage_healed":16,"gold_gain":0,"player_choice":"Heal","damage_taken":0,"max_hp_gain":0,"max_hp_loss":0,"event_name":"The Library","floor":20,"gold_loss":0},{"damage_healed":0,"gold_gain":0,"player_choice":"Inject Mutagens","damage_taken":0,"relics_obtained":["MutagenicStrength"],"max_hp_gain":0,"max_hp_loss":0,"event_name":"Drug Dealer","floor":24,"gold_loss":0},{"damage_healed":0,"gold_gain":0,"cards_transformed":["Strike_R"],"player_choice":"Transformed","damage_taken":0,"max_hp_gain":0,"max_hp_loss":0,"event_name":"Transmorgrifier","floor":48,"gold_loss":0,"cards_obtained":["Power Through"]}],"is_beta":false,"boss_relics":[{"not_picked":["Empty Cage","Snecko Eye"],"picked":"Ectoplasm"},{"not_picked":["Tiny House","Calling Bell"],"picked":"Orrery"}],"items_purged_floors":[2,21,37],"is_endless":false,"potions_floor_spawned":[1,5,11,14,22,30,31,36,38,44],"ascension_level":16}