{"gold_per_floor":[213,229,139,152,163,163,197,197,197,197,215,226,191,216,216,216],"floor_reached":16,"playtime":841,"items_purged":[],"score":218,"play_id":"cffc781a-1465-4674-bf9c-4975b18aa995","local_time":"20190603205554","is_ascension_mode":true,"campfire_choices":[{"data":"Dagger Spray","floor":6,"key":"SMITH"},{"data":"Footwork","floor":8,"key":"SMITH"},{"floor":10,"key":"REST"},{"floor":15,"key":"REST"}],"neow_cost":"NONE","seed_source_timestamp":1843527435406830,"circlet_count":0,"master_deck":["AscendersBane","Defend_G","Defend_G","Defend_G","Defend_G","Defend_G","Strike_G","Strike_G","Strike_G","Strike_G","Strike_G","Survivor","Neutralize","Venomology","Footwork+1","Footwork","Dagger Spray+1","Dodge and Roll","Blur"],"relics":["Ring of the Snake","Meat on the Bone","StoneCalendar","Torii"],"potions_floor_usage":[4,5,7,11,12,14,14,14,16],"damage_taken":[{"damage":6,"enemies":"Cultist","floor":1,"turns":6},{"damage":7,"enemies":"Jaw Worm","floor":2,"turns":6},{"damage":0,"enemies":"2 Louse","floor":4,"turns":2},{"damage":13,"enemies":"Looter","floor":5,"turns":5},{"damage":27,"enemies":"3 Sentries","floor":7,"turns":11},{"damage":13,"enemies":"2 Fungi Beasts","floor":11,"turns":5},{"damage":1,"enemies":"Red Slaver","floor":12,"turns":7},{"damage":41,"enemies":"Gremlin Nob","floor":14,"turns":6},{"damage":47,"enemies":"Hexaghost","floor":16,"turns":14}],"seed_played":"-8246598145353083429","potions_obtained":[{"floor":1,"key":"Explosive Potion"},{"floor":2,"key":"LiquidBronze"}],"is_trial":false,"path_per_floor":["M","M","$","M","M","R","E","R","T","R","M","M","?","E","R","B"],"character_chosen":"THE_SILENT","items_purchased":["Footwork"],"campfire_rested":2,"item_purchase_floors":[3],"current_hp_per_floor":[53,46,46,46,33,33,6,6,6,25,24,35,51,22,41,0],"gold":216,"neow_bonus":"HUNDRED_GOLD","is_prod":false,"is_daily":false,"chose_seed":false,"campfire_upgraded":2,"win_rate":0,"timestamp":1559609754,"path_taken":["M","?","$","M","M","R","E","R","T","R","M","M","?","E","R","BOSS"],"build_version":"2019-01-23","purchased_purges":0,"victory":false,"max_hp_per_floor":[66,66,66,66,66,66,66,66,66,66,66,66,66,66,66,66],"card_choices":[{"not_picked":["Quick Slash","Calculated Gamble","Outmaneuver"],"picked":"SKIP","floor":1},{"not_picked":["Blade Dance","Dagger Spray"],"picked":"Venomology","floor":2},{"not_picked":["Poisoned Stab","Heel Hook"],"picked":"Footwork","floor":4},{"not_picked":["Acrobatics","Finisher"],"picked":"Dagger Spray","floor":5},{"not_picked":["Prepared","Outmaneuver","Quick Slash"],"picked":"SKIP","floor":7},{"not_picked":["Prepared","Quick Slash"],"picked":"Dodge and Roll","floor":11},{"not_picked":["Finisher","Deadly Poison"],"picked":"Blur","floor":12},{"not_picked":["Accuracy","Blade Dance","Acrobatics"],"picked":"SKIP","floor":14}],"player_experience":551812,"relics_obtained":[{"floor":7,"key":"Meat on the Bone"},{"floor":9,"key":"StoneCalendar"},{"floor":14,"key":"Torii"}],"event_choices":[{"damage_healed":16,"gold_gain":0,"player_choice":"Healed","damage_taken":0,"max_hp_gain":0,"max_hp_loss":0,"event_name":"The Cleric","floor":13,"gold_loss":35}],"is_beta":false,"boss_relics":[],"items_purged_floors":[],"is_endless":false,"potions_floor_spawned":[1,2,5],"killed_by":"Hexaghost","ascension_level":19}