{"gold_per_floor":[119,119,135,147,147,147,72,99,99,99,99,110,110,123,123,197,197,176,186,186,236,41,41],"floor_reached":23,"playtime":745,"items_purged":["Strike_G"],"score":349,"play_id":"58fe0f61-43ac-4a75-b96e-6f52c93379e4","local_time":"20190529081943","is_ascension_mode":true,"campfire_choices":[{"data":"Neutralize","floor":6,"key":"SMITH"},{"data":"Bullet Time","floor":10,"key":"SMITH"},{"data":"Adrenaline","floor":13,"key":"SMITH"},{"data":"Poisoned Stab","floor":15,"key":"SMITH"}],"neow_cost":"NONE","seed_source_timestamp":1656778363575462,"circlet_count":0,"master_deck":["AscendersBane","Defend_G","Defend_G","Defend_G","Defend_G","Strike_G","Survivor","Neutralize+1","Adrenaline+1","Poisoned Stab+1","Bullet Time+1","Poisoned Stab+1","Envenom","Deadly Poison","Masterful Stab","Prepared","Infinite Blades"],"relics":["Ring of the Snake","Odd Mushroom","Ice Cream","Blue Candle","Empty Cage"],"potions_floor_usage":[8,23,23],"damage_taken":[{"damage":0,"enemies":"Small Slimes","floor":1,"turns":3},{"damage":1,"enemies":"2 Louse","floor":3,"turns":5},{"damage":0,"enemies":"Jaw Worm","floor":4,"turns":4},{"damage":8,"enemies":"The Mushroom Lair","floor":8,"turns":3},{"damage":1,"enemies":"2 Fungi Beasts","floor":12,"turns":3},{"damage":5,"enemies":"3 Louse","floor":14,"turns":4},{"damage":26,"enemies":"The Guardian","floor":16,"turns":12},{"damage":12,"enemies":"2 Thieves","floor":18,"turns":4},{"damage":23,"enemies":"Shell Parasite","floor":19,"turns":6},{"damage":29,"enemies":"Slavers","floor":23,"turns":2}],"seed_played":"67965726297898743","potions_obtained":[{"floor":3,"key":"AttackPotion"},{"floor":14,"key":"SteroidPotion"},{"floor":16,"key":"Fire Potion"},{"floor":19,"key":"EssenceOfSteel"}],"is_trial":false,"path_per_floor":["M","?","M","M","?","R","$","?","T","R","?","M","R","M","R","B",null,"M","M","?","?","$","E"],"character_chosen":"THE_SILENT","items_purchased":["Infinite Blades","Fruit Juice"],"campfire_rested":0,"item_purchase_floors":[22,22],"current_hp_per_floor":[59,59,58,58,63,63,63,55,55,55,50,49,49,44,44,18,58,46,23,23,23,23,0],"gold":41,"neow_bonus":"ONE_RANDOM_RARE_CARD","is_prod":false,"is_daily":false,"chose_seed":false,"campfire_upgraded":4,"win_rate":0,"timestamp":1559132383,"path_taken":["M","?","M","M","?","R","$","?","T","R","?","M","R","M","R","BOSS","M","M","?","?","$","E"],"build_version":"2019-01-23","purchased_purges":1,"victory":false,"max_hp_per_floor":[66,66,66,66,71,71,71,71,71,71,71,71,71,71,71,71,71,71,71,71,71,71,76],"card_choices":[{"not_picked":["Slice","Outmaneuver"],"picked":"Poisoned Stab","floor":1},{"not_picked":["Flechettes","Acrobatics","Dagger Spray"],"picked":"SKIP","floor":3},{"not_picked":["Caltrops","Catalyst"],"picked":"Bullet Time","floor":4},{"not_picked":["Acrobatics","Masterful Stab","Slice"],"picked":"SKIP","floor":12},{"not_picked":["Slice","PiercingWail"],"picked":"Poisoned Stab","floor":14},{"not_picked":["Phantasmal Killer","Venomology"],"picked":"Envenom","floor":16},{"not_picked":["Riddle With Holes","Blade Dance","Outmaneuver"],"picked":"SKIP","floor":18},{"not_picked":["Distraction","Poisoned Stab"],"picked":"Deadly Poison","floor":19}],"player_experience":521190,"relics_obtained":[{"floor":8,"key":"Odd Mushroom"},{"floor":9,"key":"Ice Cream"}],"event_choices":[{"damage_healed":0,"gold_gain":0,"player_choice":"Grow","damage_taken":0,"max_hp_gain":0,"max_hp_loss":0,"event_name":"Living Wall","floor":2,"gold_loss":0,"cards_upgraded":["Poisoned Stab"]},{"damage_healed":0,"gold_gain":0,"player_choice":"Donut","damage_taken":0,"max_hp_gain":5,"max_hp_loss":0,"event_name":"Big Fish","floor":5,"gold_loss":0},{"damage_healed":0,"gold_gain":0,"player_choice":"Fought Mushrooms","damage_taken":0,"max_hp_gain":0,"max_hp_loss":0,"event_name":"Mushrooms","floor":8,"gold_loss":0},{"damage_healed":0,"gold_gain":0,"player_choice":"Success","damage_taken":5,"relics_obtained":["Blue Candle"],"max_hp_gain":0,"max_hp_loss":0,"event_name":"Scrap Ooze","floor":11,"gold_loss":0},{"damage_healed":0,"gold_gain":0,"cards_transformed":["Strike_G","Defend_G"],"player_choice":"Became Test Subject","damage_taken":0,"max_hp_gain":0,"max_hp_loss":0,"event_name":"Drug Dealer","floor":20,"gold_loss":0,"cards_obtained":["Masterful Stab","Prepared"]},{"damage_healed":0,"gold_gain":50,"player_choice":"Stole From Cult","damage_taken":0,"max_hp_gain":0,"max_hp_loss":0,"event_name":"Nest","floor":21,"gold_loss":0}],"is_beta":false,"boss_relics":[{"not_picked":["Calling Bell","White Beast Statue"],"picked":"Empty Cage"}],"items_purged_floors":[7],"is_endless":false,"potions_floor_spawned":[3,14,16,19],"killed_by":"Slavers","ascension_level":19}