{"gold_per_floor":[114,114,1,16,16,50,50,50,50,85,85],"floor_reached":11,"playtime":423,"items_purged":[],"score":83,"play_id":"de3f610a-082c-4d34-ba94-1235fdc579f8","local_time":"20181203222524","is_ascension_mode":true,"campfire_choices":[],"neow_cost":"NONE","seed_source_timestamp":26871958031656,"circlet_count":0,"master_deck":["Strike_B","Strike_B","Strike_B","Strike_B","Defend_B","Defend_B","Defend_B","Defend_B","Zap","Dualcast","Go for the Eyes","Scrape","Hologram","Capacitor","Darkness","Heatsinks"],"relics":["Coffee Dripper","Turnip","Mango","Smiling Mask","Emotion Chip","Sundial"],"potions_floor_usage":[6,10],"damage_taken":[{"damage":3,"enemies":"Jaw Worm","floor":1,"turns":4},{"damage":0,"enemies":"Cultist","floor":4,"turns":3},{"damage":22,"enemies":"3 Sentries","floor":6,"turns":8},{"damage":46,"enemies":"Gremlin Nob","floor":10,"turns":5}],"seed_played":"-679852504952028405","potions_obtained":[{"floor":1,"key":"Explosive Potion"},{"floor":6,"key":"SkillPotion"}],"is_trial":false,"path_per_floor":["M","?","$","M","$","E","?","T","T","E","$"],"character_chosen":"DEFECT","items_purchased":["Scrape","Hologram"],"campfire_rested":0,"item_purchase_floors":[3,3],"current_hp_per_floor":[72,72,72,72,72,64,64,64,64,18,18],"gold":85,"neow_bonus":"BOSS_RELIC","is_prod":false,"is_daily":false,"chose_seed":false,"campfire_upgraded":0,"win_rate":0,"timestamp":1543865124,"path_taken":["M","?","$","?","?","E","?","?","T","E","$"],"build_version":"2018-11-15","purchased_purges":0,"victory":false,"max_hp_per_floor":[75,75,75,75,75,89,89,89,89,89,89],"card_choices":[{"not_picked":["Doom and Gloom","Stack"],"picked":"Go for the Eyes","floor":1},{"not_picked":["Auto Shields","Barrage"],"picked":"Capacitor","floor":4},{"not_picked":["Compile Driver","Redo"],"picked":"Darkness","floor":6},{"not_picked":["Compile Driver","Blizzard"],"picked":"Heatsinks","floor":10}],"player_experience":423362,"relics_obtained":[{"floor":2,"key":"Turnip"},{"floor":6,"key":"Mango"},{"floor":8,"key":"Smiling Mask"},{"floor":9,"key":"Emotion Chip"},{"floor":10,"key":"Sundial"}],"event_choices":[{"damage_healed":0,"gold_gain":0,"player_choice":"Relic","damage_taken":0,"max_hp_gain":0,"max_hp_loss":0,"event_name":"Wheel of Change","floor":2,"gold_loss":0},{"damage_healed":0,"gold_gain":0,"player_choice":"Ignored","damage_taken":0,"max_hp_gain":0,"max_hp_loss":0,"event_name":"Golden Idol","floor":7,"gold_loss":0}],"is_beta":false,"boss_relics":[],"items_purged_floors":[],"is_endless":false,"potions_floor_spawned":[1,6],"ascension_level":1}