{"gold_per_floor":[115,115,134,309,309,344,364,314,314,331,128,148,161,173,173,272,272,237,237,46,65,80,115,115],"floor_reached":24,"playtime":1765,"items_purged":[],"score":295,"play_id":"e250e2f2-9b74-4a5a-ab3e-188fb0f66a81","local_time":"20180922202411","is_ascension_mode":false,"campfire_choices":[{"data":"Armaments","floor":15,"key":"SMITH"}],"neow_cost":"TEN_PERCENT_HP_LOSS","seed_source_timestamp":226390864082161,"circlet_count":0,"master_deck":["Strike_R","Strike_R","Strike_R","Defend_R","Defend_R","Defend_R","Defend_R","Bash","Flex","Thunderclap","Dropkick","Sever Soul","Clash","Flex","Armaments+1","Bludgeon","Flex","Feed","Clash","Barricade","Anger+1","Secret Weapon","Flex+1","Battle Trance","Warcry+1"],"relics":["Burning Blood","Thread and Needle","Torii","Charon\u0027s Ashes","Mark of Pain","Gambling Chip"],"potions_floor_usage":[16,18,22,23,24],"damage_taken":[{"damage":0,"enemies":"Jaw Worm","floor":1,"turns":3},{"damage":0,"enemies":"2 Louse","floor":3,"turns":2},{"damage":33,"enemies":"3 Sentries","floor":6,"turns":12},{"damage":1,"enemies":"Small Slimes","floor":7,"turns":3},{"damage":1,"enemies":"Looter","floor":10,"turns":3},{"damage":0,"enemies":"Red Slaver","floor":12,"turns":3},{"damage":0,"enemies":"Large Slime","floor":13,"turns":2},{"damage":1,"enemies":"3 Louse","floor":14,"turns":2},{"damage":0,"enemies":"Slime Boss","floor":16,"turns":5},{"damage":17,"enemies":"2 Thieves","floor":18,"turns":5},{"damage":1,"enemies":"Chosen","floor":21,"turns":3},{"damage":16,"enemies":"Snake Plant","floor":22,"turns":3},{"damage":61,"enemies":"Slavers","floor":23,"turns":5},{"damage":28,"enemies":"Shelled Parasite and Fungi","floor":24,"turns":2}],"seed_played":"3468527434456096921","potions_obtained":[{"floor":7,"key":"GamblersBrew"},{"floor":12,"key":"Poison Potion"},{"floor":16,"key":"LiquidBronze"},{"floor":21,"key":"Poison Potion"},{"floor":23,"key":"GamblersBrew"}],"is_trial":false,"path_per_floor":["M","?","M","?","?","E","M","?","T","M","$","M","M","M","R","B",null,"M","?","$","M","M","E"],"character_chosen":"IRONCLAD","items_purchased":["Armaments","Bludgeon","Secret Weapon"],"campfire_rested":0,"item_purchase_floors":[11,11,20],"current_hp_per_floor":[72,72,72,72,65,38,43,43,43,48,48,54,60,68,68,77,78,67,67,67,72,62,11,0],"gold":115,"neow_bonus":"ONE_RARE_RELIC","is_prod":false,"is_daily":false,"chose_seed":false,"campfire_upgraded":1,"win_rate":0.0,"timestamp":1537669451,"path_taken":["M","?","M","?","?","E","M","?","T","M","?","M","M","?","R","BOSS","M","?","$","M","M","E","M"],"build_version":"2018-09-20","purchased_purges":0,"victory":false,"max_hp_per_floor":[72,72,72,72,72,72,72,72,72,72,72,72,72,75,75,78,78,78,78,78,78,78,82,82],"card_choices":[{"not_picked":["True Grit","Sword Boomerang"],"picked":"Flex","floor":1},{"not_picked":["Fire Breathing","Twin Strike"],"picked":"Dropkick","floor":3},{"not_picked":["Anger","Whirlwind"],"picked":"Sever Soul","floor":6},{"not_picked":["True Grit","Shrug It Off"],"picked":"Clash","floor":7},{"not_picked":["Twin Strike","Shrug It Off"],"picked":"Flex","floor":10},{"not_picked":["True Grit","Whirlwind"],"picked":"Flex","floor":12},{"not_picked":["Rampage","Twin Strike"],"picked":"Feed","floor":13},{"not_picked":["Dropkick","Iron Wave"],"picked":"Clash","floor":14},{"not_picked":["Brutality","Bludgeon"],"picked":"Barricade","floor":16},{"not_picked":["Pummel","Body Slam"],"picked":"Anger+1","floor":18},{"not_picked":["Twin Strike","Clothesline"],"picked":"Flex+1","floor":21},{"not_picked":["Heavy Blade","Clash"],"picked":"Battle Trance","floor":22},{"not_picked":["Brutality","True Grit"],"picked":"Warcry+1","floor":23}],"player_experience":7739,"relics_obtained":[{"floor":6,"key":"Torii"},{"floor":9,"key":"Charon\u0027s Ashes"},{"floor":23,"key":"Gambling Chip"}],"event_choices":[{"event_name":"Living Wall","player_choice":"Change","floor":2,"damage_taken":0},{"event_name":"Liars Game","player_choice":"agreed","floor":4,"damage_taken":0},{"event_name":"Golden Wing","player_choice":"Card Removal","floor":5,"damage_taken":0},{"event_name":"The Cleric","player_choice":"Card Removal","floor":8,"damage_taken":0},{"event_name":"Vampires","player_choice":"Ignored","floor":19,"damage_taken":0}],"is_beta":false,"boss_relics":[{"not_picked":["Runic Cube","Tiny House"],"picked":"Mark of Pain"}],"items_purged_floors":[],"is_endless":false,"potions_floor_spawned":[7,12,16,21,23],"killed_by":"Shelled Parasite and Fungi","ascension_level":0}