{"gold_per_floor":[109,128,128,203,173,208,208,233,306,323,337,364,377,63,63,168,168,182,202,215,215],"floor_reached":21,"playtime":804,"items_purged":[],"score":283,"play_id":"bb71cd7a-081e-47fe-8bff-eeeabb155553","local_time":"20190426092013","is_ascension_mode":true,"campfire_choices":[{"data":"Coolheaded","floor":7.0,"key":"SMITH"},{"floor":15.0,"key":"REST"}],"neow_cost":"NONE","seed_source_timestamp":0,"circlet_count":0,"master_deck":["Strike_B","Strike_B","Strike_B","Strike_B","Defend_B","Defend_B","Defend_B","Defend_B","Zap","Dualcast","Gash","Conserve Battery","Coolheaded+1","Sunder","Capacitor","Hologram","Sweeping Beam","Capacitor","Gash","All For One","Storm","Coolheaded","FTL+1"],"special_seed":0,"relics":["Cracked Core","NeowsBlessing","Dream Catcher","Omamori","Mummified Hand","Bag of Preparation","Pear","Sozu"],"potions_floor_usage":[20],"damage_taken":[{"damage":0.0,"enemies":"2 Louse","floor":1.0,"turns":1.0},{"damage":0.0,"enemies":"Small Slimes","floor":2.0,"turns":1.0},{"damage":0.0,"enemies":"Lagavulin","floor":6.0,"turns":1.0},{"damage":27.0,"enemies":"Gremlin Nob","floor":8.0,"turns":4.0},{"damage":1.0,"enemies":"Cultist","floor":10.0,"turns":3.0},{"damage":2.0,"enemies":"Red Slaver","floor":11.0,"turns":3.0},{"damage":22.0,"enemies":"Lagavulin","floor":12.0,"turns":8.0},{"damage":6.0,"enemies":"Exordium Wildlife","floor":13.0,"turns":3.0},{"damage":30.0,"enemies":"Hexaghost","floor":16.0,"turns":10.0},{"damage":10,"enemies":"3 Byrds","floor":18,"turns":4},{"damage":2,"enemies":"Spheric Guardian","floor":19,"turns":3},{"damage":38,"enemies":"Snake Plant","floor":20,"turns":5},{"damage":18,"enemies":"Snecko","floor":21,"turns":3}],"seed_played":"5967511367912839664","potions_obtained":[{"floor":1.0,"key":"GamblersBrew"},{"floor":5.0,"key":"SneckoOil"},{"floor":5.0,"key":"SneckoOil"},{"floor":6.0,"key":"Explosive Potion"},{"floor":10.0,"key":"Poison Potion"},{"floor":11.0,"key":"Swift Potion"}],"is_trial":false,"path_per_floor":["M","M","$","?","?","E","R","E","T","M","M","E","M","$","R","B",null,"M","M","M","M"],"character_chosen":"DEFECT","items_purchased":["Pear","Capacitor"],"campfire_rested":1,"item_purchase_floors":[14,14],"current_hp_per_floor":[75,75,75,64,64,64,64,37,37,36,34,12,6,16,41,11,67,57,55,17,0],"gold":215,"neow_bonus":"THREE_ENEMY_KILL","is_prod":false,"is_daily":false,"chose_seed":false,"campfire_upgraded":1,"win_rate":0,"timestamp":1556284813,"path_taken":["M","M","$","?","?","E","R","E","T","M","M","E","M","$","R","BOSS","M","M","M","?"],"build_version":"2019-01-23","purchased_purges":0,"victory":false,"max_hp_per_floor":[75,75,75,75,75,75,75,75,75,75,75,75,75,85,85,85,85,85,85,85,85],"card_choices":[{"not_picked":["Undo","Doom and Gloom"],"picked":"Gash","floor":1.0},{"not_picked":["Beam Cell","Force Field"],"picked":"Conserve Battery","floor":2.0},{"not_picked":["Sweeping Beam","Steam"],"picked":"Coolheaded","floor":6.0},{"not_picked":["Go for the Eyes","Turbo"],"picked":"Sunder","floor":8.0},{"not_picked":["Force Field","Steam"],"picked":"Capacitor","floor":10.0},{"not_picked":["Consume","Recycle","Hologram"],"picked":"SKIP","floor":11.0},{"not_picked":["Tempest","Darkness"],"picked":"Hologram","floor":12.0},{"not_picked":["Redo","Melter"],"picked":"Sweeping Beam","floor":13.0},{"not_picked":["Steam Power","Hyperbeam"],"picked":"Gash","floor":15.0},{"not_picked":["Seek","Rainbow"],"picked":"All For One","floor":16.0},{"not_picked":["Ball Lightning","Fusion+1"],"picked":"Storm","floor":18},{"not_picked":["Beam Cell","Ball Lightning"],"picked":"Coolheaded","floor":19},{"not_picked":["Hologram","Compile Driver"],"picked":"FTL+1","floor":20}],"player_experience":310981,"relics_obtained":[{"floor":6.0,"key":"Dream Catcher"},{"floor":8.0,"key":"Omamori"},{"floor":9.0,"key":"Mummified Hand"},{"floor":12.0,"key":"Bag of Preparation"}],"event_choices":[{"damage_healed":0.0,"max_hp_gain":0.0,"max_hp_loss":0.0,"gold_gain":75.0,"event_name":"World of Goop","player_choice":"Gather Gold","floor":4.0,"gold_loss":0.0,"damage_taken":11.0},{"damage_healed":0.0,"max_hp_gain":0.0,"max_hp_loss":0.0,"gold_gain":0.0,"event_name":"The Woman in Blue","player_choice":"Bought 2 Potions","floor":5.0,"gold_loss":0.0,"damage_taken":0.0}],"is_beta":false,"boss_relics":[{"not_picked":["Black Star","Lizard Tail"],"picked":"Sozu"}],"items_purged_floors":[],"is_endless":false,"potions_floor_spawned":[1,6,10,11,19],"killed_by":"Snecko","ascension_level":5}