{"gold_per_floor":[112,112,287,305,22,57,75,102,102,102,102,126,144,159,159,285,285,305,152,167,181,181,181,196,196,196,223,250,250,260,12,12,12],"floor_reached":33,"playtime":3721,"items_purged":["Doubt"],"score":277,"play_id":"39bd846f-8fa4-483b-ac7d-9d6756b4c0f5","local_time":"20180923143705","is_ascension_mode":false,"campfire_choices":[{"data":"Burst","floor":11,"key":"SMITH"},{"data":"Caltrops","floor":15,"key":"SMITH"},{"data":"Adrenaline","floor":23,"key":"SMITH"},{"data":"Caltrops","floor":25,"key":"SMITH"},{"data":"Venomology","floor":29,"key":"SMITH"},{"data":"Endless Agony","floor":32,"key":"SMITH"}],"neow_cost":"NONE","seed_source_timestamp":255037005969979,"circlet_count":0,"master_deck":["Defend_G","Defend_G","Defend_G","Defend_G","Defend_G","Strike_G","Strike_G","Strike_G","Survivor","Neutralize","Bouncing Flask","Slice","Poisoned Stab","Caltrops+1","Poisoned Stab","Burst+1","Blur","Caltrops+1","Dagger Throw","Deflect","Unload","Masterful Stab","Leg Sweep","All Out Attack","Adrenaline+1","Noxious Fumes","Slice+1","Dodge and Roll+1","Backflip","Blade Dance","Venomology+1","Backflip+1","Endless Agony+1"],"relics":["Orrery","Regal Pillow","Mummified Hand","Torii","Meat on the Bone","Bottled Lightning","Bloody Idol","Empty Cage","Matryoshka","Red Mask","Mercury Hourglass","Membership Card"],"potions_floor_usage":[8,8,8,16,28,28,30,33,33,33,33,33,33],"damage_taken":[{"damage":0,"enemies":"2 Louse","floor":1,"turns":3},{"damage":1,"enemies":"Cultist","floor":4,"turns":4},{"damage":19,"enemies":"3 Sentries","floor":6,"turns":8},{"damage":1,"enemies":"Jaw Worm","floor":7,"turns":3},{"damage":1,"enemies":"Lagavulin","floor":8,"turns":5},{"damage":1,"enemies":"Large Slime","floor":12,"turns":6},{"damage":10,"enemies":"Gremlin Gang","floor":13,"turns":5},{"damage":1,"enemies":"2 Fungi Beasts","floor":14,"turns":2},{"damage":19,"enemies":"The Guardian","floor":16,"turns":8},{"damage":17,"enemies":"2 Thieves","floor":18,"turns":5},{"damage":2,"enemies":"Chosen","floor":20,"turns":4},{"damage":16,"enemies":"Snake Plant","floor":21,"turns":5},{"damage":10,"enemies":"Centurion and Healer","floor":24,"turns":5},{"damage":22,"enemies":"Masked Bandits","floor":27,"turns":4},{"damage":3,"enemies":"Book of Stabbing","floor":28,"turns":5},{"damage":18,"enemies":"3 Cultists","floor":30,"turns":6},{"damage":53,"enemies":"Champ","floor":33,"turns":9}],"seed_played":"49336640749563827","potions_obtained":[{"floor":1,"key":"Swift Potion"},{"floor":6,"key":"Energy Potion"},{"floor":7,"key":"Regen Potion"},{"floor":12,"key":"Energy Potion"},{"floor":14,"key":"SpeedPotion"},{"floor":27,"key":"SpeedPotion"},{"floor":28,"key":"FearPotion"},{"floor":30,"key":"Strength Potion"}],"is_trial":false,"path_per_floor":["M","?","?","M","$","E","M","E","T","?","R","M","M","M","R","B",null,"M","$","M","M","?","R","M","R","T","?","E","R","M","$","R"],"character_chosen":"THE_SILENT","items_purchased":["Mummified Hand","Caltrops","Noxious Fumes","Membership Card","Endless Agony"],"campfire_rested":0,"item_purchase_floors":[5,5,19,31,31],"current_hp_per_floor":[70,67,67,66,66,47,46,60,60,60,60,59,49,48,48,41,65,48,48,46,42,42,42,49,49,49,44,46,46,45,45,45,0],"gold":12,"neow_bonus":"BOSS_RELIC","is_prod":false,"is_daily":false,"chose_seed":false,"campfire_upgraded":6,"win_rate":0.0,"timestamp":1537735025,"path_taken":["M","?","?","M","$","E","M","E","T","?","R","M","M","M","R","BOSS","M","?","M","M","?","R","M","R","T","?","E","R","?","$","R","BOSS"],"build_version":"2018-09-20","purchased_purges":1,"victory":false,"max_hp_per_floor":[70,70,70,70,70,70,70,70,70,65,65,65,65,65,65,65,65,65,65,65,65,65,65,65,65,65,65,65,65,65,65,65,65],"card_choices":[{"not_picked":["Finisher","Dodge and Roll"],"picked":"Bouncing Flask","floor":0},{"not_picked":["Deflect","Expertise"],"picked":"Slice","floor":0},{"not_picked":["Finisher","PiercingWail"],"picked":"Poisoned Stab","floor":0},{"not_picked":["Skewer","Poisoned Stab"],"picked":"Caltrops","floor":0},{"not_picked":["Outmaneuver","Dodge and Roll"],"picked":"Poisoned Stab","floor":0},{"not_picked":["Sucker Punch","Backflip"],"picked":"Burst","floor":1},{"not_picked":["Deflect","Caltrops"],"picked":"Blur","floor":4},{"not_picked":["Blur","Skewer"],"picked":"Dagger Throw","floor":6},{"not_picked":["Underhanded Strike","Prepared"],"picked":"Deflect","floor":7},{"not_picked":["Dash","Crippling Poison"],"picked":"Unload","floor":8},{"not_picked":["Outmaneuver","Dagger Spray"],"picked":"Masterful Stab","floor":12},{"not_picked":["Crippling Poison","Riddle With Holes"],"picked":"Leg Sweep","floor":13},{"not_picked":["PiercingWail","Crippling Poison"],"picked":"All Out Attack","floor":14},{"not_picked":["Burst","Doppelganger"],"picked":"Adrenaline","floor":16},{"not_picked":["Skewer","Prepared","Heel Hook"],"picked":"SKIP","floor":18},{"not_picked":["Riddle With Holes","Prepared"],"picked":"Slice+1","floor":20},{"not_picked":["Terror","Blur"],"picked":"Dodge and Roll+1","floor":21},{"not_picked":["Slice","Dagger Spray"],"picked":"Backflip","floor":24},{"not_picked":["Crippling Poison+1","Heel Hook"],"picked":"Blade Dance","floor":27},{"not_picked":["Tools of the Trade","Acrobatics"],"picked":"Venomology","floor":28},{"not_picked":["Outmaneuver","Dagger Spray+1"],"picked":"Backflip+1","floor":30}],"player_experience":30756,"relics_obtained":[{"floor":6,"key":"Torii"},{"floor":8,"key":"Meat on the Bone"},{"floor":9,"key":"Bottled Lightning"},{"floor":26,"key":"Matryoshka"},{"floor":27,"key":"Red Mask"},{"floor":28,"key":"Mercury Hourglass"}],"event_choices":[{"event_name":"Scrap Ooze","player_choice":"success","floor":2,"damage_taken":3},{"event_name":"Liars Game","player_choice":"agreed","floor":3,"damage_taken":0},{"event_name":"Golden Idol","player_choice":"Lose Max HP","floor":10,"damage_taken":0},{"event_name":"Forgotten Altar","player_choice":"Gave Idol","floor":22,"damage_taken":0},{"event_name":"Masked Bandits","player_choice":"Fought Bandits","floor":27,"damage_taken":0}],"is_beta":false,"boss_relics":[{"not_picked":["HoveringKite","Calling Bell"],"picked":"Empty Cage"}],"items_purged_floors":[19],"is_endless":false,"potions_floor_spawned":[1,6,7,12,14,27,28,30],"killed_by":"Champ","ascension_level":0}