{"gold_per_floor":[118,118,118,134,149,149,183,183,183,215,252,276,306,330,342,456,468,452,389,419,70,70,70,100,100,180,214,233,233,233,251,251,356,356,373,385,385,9,9,39,55,55,81,81,99,99,52,66,66,66],"floor_reached":50,"playtime":6093,"items_purged":[],"score":597,"play_id":"614712b5-2a74-45a4-9f66-34ad7484e9ce","local_time":"20180923161905","is_ascension_mode":false,"campfire_choices":[{"data":"Underhanded Strike","floor":6,"key":"SMITH"},{"data":"Infinite Blades","floor":8,"key":"SMITH"},{"floor":15,"key":"REST"},{"data":"Secret Technique","floor":23,"key":"SMITH"},{"floor":25,"key":"REST"},{"data":"Envenom","floor":29,"key":"SMITH"},{"data":"Expertise","floor":32,"key":"SMITH"},{"floor":42,"key":"REST"},{"data":"Violence","floor":49,"key":"SMITH"}],"neow_cost":"NONE","seed_source_timestamp":258784038556960,"circlet_count":0,"master_deck":["Defend_G","Defend_G","Defend_G","Defend_G","Defend_G","Strike_G","Strike_G+1","Survivor","Neutralize","Escape Plan","Poisoned Stab","Underhanded Strike+1","Infinite Blades+1","Expertise+1","Finisher","Predator","Dash","Envenom+1","Underhanded Strike","Sucker Punch+1","Secret Technique+1","Underhanded Strike","Deflect+1","Quick Slash","Bane","Caltrops+1","Tools of the Trade","Finisher+1","Crippling Poison+1","Writhe","Violence+1","Finisher","Deflect","Prepared","Bane+1","Expertise","Underhanded Strike","Sucker Punch+1"],"relics":["HoveringKite","Shuriken","FossilizedHelix","MawBank","Orichalcum","White Beast Statue","Whetstone","Ancient Tea Set","Letter Opener","Pocketwatch","Philosopher\u0027s Stone","Blood Vial","Regal Pillow","Oddly Smooth Stone","Mummified Hand"],"potions_floor_usage":[5,11,12,13,16,24,27,27,33,33,35,36,36,41,48,48,50,50],"damage_taken":[{"damage":3,"enemies":"Jaw Worm","floor":1,"turns":6},{"damage":0,"enemies":"Small Slimes","floor":4,"turns":4},{"damage":1,"enemies":"Cultist","floor":5,"turns":3},{"damage":29,"enemies":"Gremlin Nob","floor":7,"turns":5},{"damage":7,"enemies":"3 Louse","floor":10,"turns":3},{"damage":7,"enemies":"Lagavulin","floor":11,"turns":6},{"damage":0,"enemies":"Blue Slaver","floor":12,"turns":3},{"damage":0,"enemies":"2 Fungi Beasts","floor":13,"turns":2},{"damage":0,"enemies":"Large Slime","floor":14,"turns":4},{"damage":15,"enemies":"The Guardian","floor":16,"turns":8},{"damage":23,"enemies":"2 Thieves","floor":18,"turns":5},{"damage":0,"enemies":"Chosen","floor":20,"turns":4},{"damage":12,"enemies":"Gremlin Leader","floor":24,"turns":5},{"damage":0,"enemies":"Book of Stabbing","floor":27,"turns":4},{"damage":2,"enemies":"Centurion and Healer","floor":28,"turns":4},{"damage":5,"enemies":"Snake Plant","floor":31,"turns":4},{"damage":22,"enemies":"Champ","floor":33,"turns":7},{"damage":15,"enemies":"3 Shapes","floor":35,"turns":5},{"damage":44,"enemies":"3 Darklings","floor":36,"turns":5},{"damage":14,"enemies":"2 Orb Walkers","floor":40,"turns":3},{"damage":0,"enemies":"Reptomancer","floor":41,"turns":4},{"damage":0,"enemies":"Spire Growth","floor":45,"turns":3},{"damage":4,"enemies":"3 Darklings","floor":48,"turns":5},{"damage":68,"enemies":"Donu and Deca","floor":50,"turns":4}],"seed_played":"6185018176615645754","potions_obtained":[{"floor":1,"key":"Poison Potion"},{"floor":4,"key":"Energy Potion"},{"floor":10,"key":"Strength Potion"},{"floor":11,"key":"GhostInAJar"},{"floor":12,"key":"Poison Potion"},{"floor":18,"key":"LiquidBronze"},{"floor":20,"key":"FearPotion"},{"floor":24,"key":"Block Potion"},{"floor":27,"key":"GhostInAJar"},{"floor":28,"key":"Explosive Potion"},{"floor":31,"key":"Regen Potion"},{"floor":33,"key":"Ancient Potion"},{"floor":35,"key":"Block Potion"},{"floor":36,"key":"GhostInAJar"},{"floor":40,"key":"SpeedPotion"},{"floor":41,"key":"PowerPotion"},{"floor":45,"key":"Fire Potion"},{"floor":48,"key":"SteroidPotion"}],"is_trial":false,"path_per_floor":["M","?","?","M","M","R","E","R","T","M","E","M","M","M","R","B",null,"M","?","M","$","?","R","E","R","T","E","M","R","?","M","R","B",null,"M","M","?","$","?","E","M","R","T","T","M","?","$","M","R"],"character_chosen":"THE_SILENT","items_purchased":["Whetstone","Secret Technique","Underhanded Strike","Blood Vial","Violence","Finisher","Underhanded Strike"],"campfire_rested":3,"item_purchase_floors":[21,21,21,38,38,38,47],"current_hp_per_floor":[67,67,67,67,66,66,37,37,37,30,23,23,23,23,44,29,70,47,47,47,47,47,47,35,56,56,56,54,54,54,49,49,42,70,55,11,29,29,29,17,19,55,55,55,57,57,57,55,55,0],"gold":66,"neow_bonus":"BOSS_RELIC","is_prod":false,"is_daily":false,"chose_seed":false,"campfire_upgraded":6,"win_rate":0.0,"timestamp":1537741145,"path_taken":["M","?","?","M","M","R","E","R","T","M","E","M","M","M","R","BOSS","M","?","M","$","?","R","E","R","T","E","M","R","?","M","R","BOSS","M","?","?","$","?","E","M","R","T","?","M","?","?","M","R","BOSS"],"build_version":"2018-09-20","purchased_purges":0,"victory":false,"max_hp_per_floor":[70,70,70,70,70,70,70,70,70,70,70,70,70,70,70,70,70,70,70,70,70,70,70,70,70,70,70,70,70,70,70,70,70,70,70,70,70,70,70,70,70,70,70,70,70,70,70,70,70,70],"card_choices":[{"not_picked":["Catalyst","Finisher"],"picked":"Escape Plan","floor":1},{"not_picked":["Dodge and Roll","Outmaneuver"],"picked":"Poisoned Stab","floor":4},{"not_picked":["PiercingWail","Deadly Poison"],"picked":"Underhanded Strike","floor":5},{"not_picked":["A Thousand Cuts","Slice"],"picked":"Infinite Blades","floor":7},{"not_picked":["Underhanded Strike","Endless Agony"],"picked":"Expertise","floor":10},{"not_picked":["Backflip","Bane"],"picked":"Well Laid Plans","floor":11},{"not_picked":["Slice","Bane"],"picked":"Finisher","floor":12},{"not_picked":["Deadly Poison","Prepared"],"picked":"Predator","floor":13},{"not_picked":["PiercingWail","Dagger Spray"],"picked":"Dash","floor":14},{"not_picked":["Corpse Explosion","Burst"],"picked":"Envenom","floor":16},{"not_picked":["Caltrops","Dagger Throw"],"picked":"Underhanded Strike","floor":18},{"not_picked":["Dagger Spray","Poisoned Stab"],"picked":"Sucker Punch","floor":20},{"not_picked":["Outmaneuver","Blur"],"picked":"Deflect+1","floor":24},{"not_picked":["Flechettes","Backstab"],"picked":"Quick Slash","floor":27},{"not_picked":["Sucker Punch","Deflect"],"picked":"Bane","floor":28},{"not_picked":["Deflect","Outmaneuver"],"picked":"Caltrops+1","floor":31},{"not_picked":["Wraith Form v2","Envenom"],"picked":"Tools of the Trade","floor":33},{"not_picked":["Poisoned Stab+1","Flechettes"],"picked":"Finisher+1","floor":35},{"not_picked":["Acrobatics","Dagger Spray"],"picked":"Crippling Poison+1","floor":36},{"not_picked":["Sucker Punch+1","Outmaneuver"],"picked":"Deflect","floor":40},{"not_picked":["Poisoned Stab","Crippling Poison"],"picked":"Prepared","floor":41},{"not_picked":["Blur+1","Deflect"],"picked":"Bane+1","floor":45},{"not_picked":["Envenom","Terror"],"picked":"Sucker Punch+1","floor":48}],"player_experience":34477,"relics_obtained":[{"floor":7,"key":"FossilizedHelix"},{"floor":9,"key":"MawBank"},{"floor":11,"key":"Orichalcum"},{"floor":24,"key":"Ancient Tea Set"},{"floor":26,"key":"Letter Opener"},{"floor":27,"key":"Pocketwatch"},{"floor":40,"key":"Regal Pillow"},{"floor":43,"key":"Oddly Smooth Stone"},{"floor":44,"key":"Mummified Hand"}],"event_choices":[{"event_name":"Big Fish","player_choice":"Box","floor":2,"damage_taken":0},{"event_name":"Bonfire Elementals","player_choice":"BASIC","floor":3,"damage_taken":0},{"event_name":"Beggar","player_choice":"Gave Gold","floor":19,"damage_taken":0},{"event_name":"Purifier","player_choice":"One Purge","floor":22,"damage_taken":0},{"event_name":"Ghosts","player_choice":"Ignored","floor":30,"damage_taken":0},{"event_name":"Winding Halls","player_choice":"Writhe","floor":37,"damage_taken":0},{"event_name":"Falling","player_choice":"Removed Power","floor":39,"damage_taken":0},{"event_name":"Transmorgrifier","player_choice":"Transform","floor":46,"damage_taken":0}],"is_beta":false,"boss_relics":[{"not_picked":["Empty Cage","Coffee Dripper"],"picked":"White Beast Statue"},{"not_picked":["Busted Crown","Velvet Choker"],"picked":"Philosopher\u0027s Stone"}],"items_purged_floors":[],"is_endless":false,"potions_floor_spawned":[1,4,10,11,12,18,20,24,27,28,31,33,35,36,40,41,45,48],"killed_by":"Donu and Deca","ascension_level":0}