{"gold_per_floor":[110,123,142,15,15,15,34,34,58,58,133,152,164,186,186,281,281,291,303,129,144,159,159,159,159,159,175,175,210,6,6,6,104,104,115,125,125],"floor_reached":37,"playtime":2195,"items_purged":["Defend_G","Strike_G"],"score":406,"play_id":"bf947d85-0516-4ae1-a237-82df21033fd7","local_time":"20181101223850","is_ascension_mode":false,"campfire_choices":[{"data":"Blade Dance","floor":6,"key":"SMITH"},{"data":"Backflip","floor":8,"key":"SMITH"},{"floor":15,"key":"REST"},{"floor":23,"key":"REST"},{"floor":25,"key":"REST"},{"floor":28,"key":"REST"},{"floor":32,"key":"REST"}],"neow_cost":"NONE","seed_source_timestamp":116766205382725,"circlet_count":0,"master_deck":["Defend_G","Defend_G","Defend_G","Defend_G","Strike_G","Strike_G","Survivor","Neutralize","Blade Dance+1","Cloak And Dagger","Backflip+1","Corpse Explosion","Blade Dance","Tools of the Trade","Infinite Blades","Underhanded Strike","Footwork","Deflect+1","Envenom","Expertise","Dodge and Roll"],"relics":["Ring of the Snake","Vajra","Odd Mushroom","Fusion Hammer","Lantern","Centennial Puzzle","Membership Card","Eternal Feather"],"potions_floor_usage":[14,14,21,22,27,29,33],"damage_taken":[{"damage":0,"enemies":"2 Louse","floor":1,"turns":3},{"damage":0,"enemies":"Jaw Worm","floor":2,"turns":6},{"damage":0,"enemies":"Small Slimes","floor":3,"turns":4},{"damage":7,"enemies":"3 Louse","floor":7,"turns":4},{"damage":0,"enemies":"Red Slaver","floor":12,"turns":3},{"damage":0,"enemies":"Looter","floor":13,"turns":4},{"damage":0,"enemies":"The Mushroom Lair","floor":14,"turns":2},{"damage":64,"enemies":"Hexaghost","floor":16,"turns":13},{"damage":0,"enemies":"3 Byrds","floor":18,"turns":2},{"damage":8,"enemies":"Chosen","floor":19,"turns":5},{"damage":4,"enemies":"3 Cultists","floor":21,"turns":3},{"damage":1,"enemies":"Snake Plant","floor":22,"turns":7},{"damage":25,"enemies":"Cultist and Chosen","floor":27,"turns":6},{"damage":28,"enemies":"Slavers","floor":29,"turns":4},{"damage":53,"enemies":"Automaton","floor":33,"turns":10},{"damage":9,"enemies":"Orb Walker","floor":35,"turns":5},{"damage":40,"enemies":"3 Darklings","floor":36,"turns":4},{"damage":25,"enemies":"Transient","floor":37,"turns":4}],"seed_played":"-8850759266676165903","potions_obtained":[{"floor":1,"key":"SpeedPotion"},{"floor":3,"key":"SpeedPotion"},{"floor":14,"key":"Energy Potion"},{"floor":16,"key":"PowerPotion"},{"floor":19,"key":"Weak Potion"},{"floor":21,"key":"SkillPotion"},{"floor":29,"key":"SteroidPotion"}],"is_trial":false,"path_per_floor":["M","M","M","$","?","R","M","R","T","$","?","M","M","?","R","B",null,"M","M","$","M","M","R","?","R","T","M","R","E","$","?","R","B",null,"M","M"],"character_chosen":"THE_SILENT","items_purchased":["Cloak And Dagger","Footwork","Membership Card"],"campfire_rested":5,"item_purchase_floors":[4,20,30],"current_hp_per_floor":[70,70,70,70,70,70,63,63,63,63,56,56,56,56,70,6,70,70,62,62,58,57,70,70,70,70,45,66,38,38,38,59,6,70,61,21,0],"gold":125,"neow_bonus":"REMOVE_CARD","is_prod":false,"is_daily":false,"chose_seed":false,"campfire_upgraded":2,"win_rate":0,"timestamp":1541101130,"path_taken":["M","M","M","$","?","R","M","R","T","$","?","?","M","?","R","BOSS","M","M","$","M","M","R","?","R","T","M","R","E","$","?","R","BOSS","M","M","M"],"build_version":"2018-10-25v2","purchased_purges":2,"victory":false,"max_hp_per_floor":[70,70,70,70,70,70,70,70,70,70,70,70,70,70,70,70,70,70,70,70,70,70,70,70,70,70,70,70,70,70,70,70,70,70,70,70,70],"card_choices":[{"not_picked":["Concentrate","PiercingWail","Skewer"],"picked":"SKIP","floor":1},{"not_picked":["Dagger Spray","Masterful Stab"],"picked":"Blade Dance","floor":2},{"not_picked":["Flying Knee","PiercingWail","Sucker Punch"],"picked":"SKIP","floor":3},{"not_picked":["Outmaneuver","Skewer"],"picked":"Backflip","floor":7},{"not_picked":["Dodge and Roll","Outmaneuver"],"picked":"Corpse Explosion","floor":12},{"not_picked":["Quick Slash","Poisoned Stab"],"picked":"Blade Dance","floor":13},{"not_picked":["Storm of Steel","Wraith Form v2"],"picked":"Tools of the Trade","floor":16},{"not_picked":["Blade Dance","All Out Attack"],"picked":"Infinite Blades","floor":18},{"not_picked":["Slice","Deadly Poison"],"picked":"Underhanded Strike","floor":19},{"not_picked":["Dagger Spray","Underhanded Strike+1","Infinite Blades"],"picked":"SKIP","floor":21},{"not_picked":["Distraction+1","Acrobatics"],"picked":"Deflect+1","floor":22},{"not_picked":["Skewer","Acrobatics"],"picked":"Envenom","floor":27},{"not_picked":["Deflect","Quick Slash"],"picked":"Expertise","floor":29},{"not_picked":["Poisoned Stab+1","Blade Dance+1"],"picked":"Dodge and Roll","floor":35},{"not_picked":["Calculated Gamble+1","Slice","Eviscerate+1"],"picked":"SKIP","floor":36}],"player_experience":250582,"relics_obtained":[{"floor":9,"key":"Vajra"},{"floor":14,"key":"Odd Mushroom"},{"floor":26,"key":"Lantern"},{"floor":29,"key":"Centennial Puzzle"}],"event_choices":[{"damage_healed":0,"gold_gain":0,"player_choice":"Ignored","damage_taken":0,"max_hp_gain":0,"max_hp_loss":0,"event_name":"Liars Game","floor":5,"gold_loss":0},{"damage_healed":0,"gold_gain":75,"player_choice":"Touch","damage_taken":7,"max_hp_gain":0,"max_hp_loss":0,"event_name":"FaceTrader","floor":11,"gold_loss":0},{"damage_healed":0,"gold_gain":0,"player_choice":"Fought Mushrooms","damage_taken":0,"max_hp_gain":0,"max_hp_loss":0,"event_name":"Mushrooms","floor":14,"gold_loss":0},{"damage_healed":0,"gold_gain":0,"player_choice":"Ignored","damage_taken":0,"max_hp_gain":0,"max_hp_loss":0,"event_name":"Vampires","floor":24,"gold_loss":0},{"cards_removed":["Strike_G"],"damage_healed":0,"gold_gain":0,"player_choice":"Offered Basic","damage_taken":0,"max_hp_gain":0,"max_hp_loss":0,"event_name":"Bonfire Elementals","floor":31,"gold_loss":0}],"is_beta":false,"boss_relics":[{"not_picked":["Busted Crown","Tiny House"],"picked":"Fusion Hammer"},{"not_picked":["Philosopher\u0027s Stone","Sozu"],"picked":"Eternal Feather"}],"items_purged_floors":[4,20],"is_endless":false,"potions_floor_spawned":[1,3,14,16,19,21,29],"killed_by":"Transient","ascension_level":0}