{"gold_per_floor":[114,131,131,11,11,11,26,26,49,61,80,27,44,44,44,139,139,158,171,1,12,24,24],"floor_reached":23,"playtime":1434,"items_purged":["Strike_B","Strike_B"],"score":278,"play_id":"12c05271-f709-40da-90b1-22029ad9134d","local_time":"20190522221507","is_ascension_mode":true,"campfire_choices":[{"data":"Zap","floor":6,"key":"SMITH"},{"data":"Coolheaded","floor":8,"key":"SMITH"},{"data":"Coolheaded","floor":15,"key":"SMITH"}],"neow_cost":"TEN_PERCENT_HP_LOSS","seed_source_timestamp":289890615089640,"circlet_count":0,"master_deck":["AscendersBane","Defend_B","Defend_B","Defend_B","Defend_B","Zap+1","Dualcast","Ball Lightning","Ball Lightning","Coolheaded+1","Coolheaded+1","Conserve Battery","Steam","Go for the Eyes","Stack","Machine Learning","Genetic Algorithm","Self Repair","Ball Lightning+1"],"relics":["Cracked Core","StoneCalendar","Dodecahedron","Dream Catcher","Nuclear Battery"],"potions_floor_usage":[13,16,22,22],"damage_taken":[{"damage":2,"enemies":"Small Slimes","floor":1,"turns":4},{"damage":4,"enemies":"Jaw Worm","floor":2,"turns":3},{"damage":0,"enemies":"Cultist","floor":7,"turns":3},{"damage":6,"enemies":"Red Slaver","floor":10,"turns":3},{"damage":3,"enemies":"Exordium Wildlife","floor":11,"turns":3},{"damage":12,"enemies":"Gremlin Gang","floor":13,"turns":3},{"damage":33,"enemies":"Slime Boss","floor":16,"turns":7},{"damage":11,"enemies":"2 Thieves","floor":18,"turns":4},{"damage":4,"enemies":"Spheric Guardian","floor":19,"turns":4},{"damage":12,"enemies":"Snake Plant","floor":21,"turns":5},{"damage":16,"enemies":"Snecko","floor":22,"turns":7},{"damage":30,"enemies":"Gremlin Leader","floor":23,"turns":2}],"seed_played":"5033667787405524071","potions_obtained":[{"floor":1,"key":"SteroidPotion"},{"floor":13,"key":"EssenceOfSteel"},{"floor":18,"key":"Swift Potion"},{"floor":21,"key":"Energy Potion"}],"is_trial":false,"path_per_floor":["M","M","?","$","?","R","M","R","T","M","M","$","M","?","R","B",null,"M","M","$","M","M","E"],"character_chosen":"DEFECT","items_purchased":["Coolheaded","Go for the Eyes","Self Repair"],"campfire_rested":0,"item_purchase_floors":[4,12,20],"current_hp_per_floor":[66,62,55,55,55,55,55,55,55,49,46,46,34,34,34,1,51,40,36,36,31,22,0],"gold":24,"neow_bonus":"ONE_RARE_RELIC","is_prod":false,"is_daily":false,"chose_seed":false,"campfire_upgraded":3,"win_rate":0,"timestamp":1558577707,"path_taken":["M","M","?","$","?","R","?","R","T","M","M","?","M","?","R","BOSS","M","M","$","M","?","E"],"build_version":"2019-01-23","purchased_purges":2,"victory":false,"max_hp_per_floor":[68,68,68,68,68,68,68,68,68,68,68,68,68,68,68,68,68,68,68,68,68,68,68],"card_choices":[{"not_picked":["Lockon","Tempest"],"picked":"Ball Lightning","floor":1},{"not_picked":["Barrage","Reprogram"],"picked":"Ball Lightning","floor":2},{"not_picked":["Go for the Eyes","Ball Lightning"],"picked":"Coolheaded","floor":7},{"not_picked":["Compile Driver","Skim"],"picked":"Conserve Battery","floor":10},{"not_picked":["Hologram","Cold Snap"],"picked":"Steam","floor":11},{"not_picked":["Hologram","Fusion"],"picked":"Stack","floor":13},{"not_picked":["Reboot","Fission"],"picked":"Machine Learning","floor":16},{"not_picked":["Barrage","Streamline+1"],"picked":"Genetic Algorithm","floor":18},{"not_picked":["Barrage+1","Stack","Leap"],"picked":"SKIP","floor":19},{"not_picked":["Static Discharge","Leap","Blizzard"],"picked":"SKIP","floor":21},{"not_picked":["Cold Snap+1","Beam Cell"],"picked":"Ball Lightning+1","floor":22}],"player_experience":381953,"relics_obtained":[{"floor":5,"key":"Dodecahedron"},{"floor":9,"key":"Dream Catcher"}],"event_choices":[{"cards_removed":["Strike_B"],"damage_healed":0,"gold_gain":0,"player_choice":"Card Removal","damage_taken":7,"max_hp_gain":0,"max_hp_loss":0,"event_name":"Golden Wing","floor":3,"gold_loss":0},{"damage_healed":0,"gold_gain":0,"player_choice":"Relic","damage_taken":0,"max_hp_gain":0,"max_hp_loss":0,"event_name":"Wheel of Change","floor":5,"gold_loss":0},{"cards_removed":["Strike_B"],"damage_healed":0,"gold_gain":0,"player_choice":"Purged","damage_taken":0,"max_hp_gain":0,"max_hp_loss":0,"event_name":"Purifier","floor":14,"gold_loss":0}],"is_beta":false,"boss_relics":[{"not_picked":["Velvet Choker","FrozenCore"],"picked":"Nuclear Battery"}],"items_purged_floors":[4,20],"is_endless":false,"potions_floor_spawned":[1,13,18,21],"killed_by":"Gremlin Leader","ascension_level":10}