{"gold_per_floor":[113,132,143,158,169,169,200,254,254,354,366,392,404,386,386,386],"floor_reached":16,"playtime":1159,"items_purged":[],"score":122,"play_id":"629c6b2c-0dc8-4a2d-92f3-c90cf40daae5","local_time":"20181223221211","is_ascension_mode":true,"campfire_choices":[{"data":"Catalyst","floor":6,"key":"SMITH"},{"floor":15,"key":"REST"}],"neow_cost":"TEN_PERCENT_HP_LOSS","seed_source_timestamp":99671008834302,"circlet_count":0,"master_deck":["Defend_G","Defend_G","Defend_G","Defend_G","Defend_G","Strike_G","Strike_G","Strike_G","Survivor","Neutralize","Poisoned Stab","Catalyst+1","Well Laid Plans","Bullet Time","Escape Plan","PiercingWail","Predator"],"relics":["Ring of the Snake","Bronze Scales","Smiling Mask","Bottled Tornado","Blue Candle"],"potions_floor_usage":[7,12,12,14],"damage_taken":[{"damage":0,"enemies":"Cultist","floor":1,"turns":5},{"damage":0,"enemies":"Small Slimes","floor":2,"turns":3},{"damage":2,"enemies":"2 Louse","floor":3,"turns":3},{"damage":4,"enemies":"Looter","floor":4,"turns":3},{"damage":0,"enemies":"2 Fungi Beasts","floor":5,"turns":4},{"damage":39,"enemies":"Gremlin Nob","floor":7,"turns":7},{"damage":1,"enemies":"Red Slaver","floor":11,"turns":3},{"damage":6,"enemies":"3 Sentries","floor":12,"turns":10},{"damage":3,"enemies":"Exordium Wildlife","floor":13,"turns":4},{"damage":7,"enemies":"Exordium Thugs","floor":14,"turns":4},{"damage":20,"enemies":"Hexaghost","floor":16,"turns":9}],"seed_played":"4883833943883017761","potions_obtained":[{"floor":1,"key":"Strength Potion"},{"floor":3,"key":"EssenceOfSteel"},{"floor":11,"key":"Swift Potion"},{"floor":12,"key":"SteroidPotion"}],"is_trial":false,"path_per_floor":["M","M","M","M","M","R","E","T","T","?","M","E","M","M","R","B"],"character_chosen":"THE_SILENT","items_purchased":[],"campfire_rested":1,"item_purchase_floors":[],"current_hp_per_floor":[63,63,61,57,57,57,18,18,18,18,17,11,8,1,19,0],"gold":386,"neow_bonus":"REMOVE_TWO","is_prod":false,"is_daily":false,"chose_seed":false,"campfire_upgraded":1,"win_rate":0,"timestamp":1545592331,"path_taken":["M","M","M","M","?","R","E","?","T","?","M","E","M","M","R","BOSS"],"build_version":"2018-12-20","purchased_purges":0,"victory":false,"max_hp_per_floor":[63,63,63,63,63,63,63,63,63,63,63,63,63,63,63,63],"card_choices":[{"not_picked":["Endless Agony","Cloak And Dagger"],"picked":"Poisoned Stab","floor":1},{"not_picked":["Backflip","Dagger Throw"],"picked":"Catalyst","floor":2},{"not_picked":["Sucker Punch","Blade Dance"],"picked":"Well Laid Plans","floor":3},{"not_picked":["Backstab","Slice","Outmaneuver"],"picked":"SKIP","floor":4},{"not_picked":["Deflect","Dagger Throw"],"picked":"Bullet Time","floor":5},{"not_picked":["Reflex","Backstab"],"picked":"Escape Plan","floor":7},{"not_picked":["All Out Attack","Calculated Gamble","Escape Plan"],"picked":"SKIP","floor":11},{"not_picked":["Underhanded Strike","Masterful Stab","Unload"],"picked":"SKIP","floor":12},{"not_picked":["Flying Knee","Terror"],"picked":"PiercingWail","floor":13},{"not_picked":["Quick Slash","Finisher"],"picked":"Predator","floor":14}],"player_experience":494308,"relics_obtained":[{"floor":7,"key":"Bronze Scales"},{"floor":8,"key":"Smiling Mask"},{"floor":9,"key":"Bottled Tornado"},{"floor":12,"key":"Blue Candle"}],"event_choices":[{"damage_healed":0,"gold_gain":100,"player_choice":"Pray","damage_taken":0,"max_hp_gain":0,"max_hp_loss":0,"event_name":"Golden Shrine","floor":10,"gold_loss":0}],"is_beta":false,"boss_relics":[],"items_purged_floors":[],"is_endless":false,"potions_floor_spawned":[1,3,11,12],"killed_by":"Hexaghost","ascension_level":1}