{"gold_per_floor":[216,216,234,76,76,76,109,109,109,123,151,168,168,187,187,284,284,304,304,404,423,323,323,352,352,352,352,352],"floor_reached":28,"playtime":1623,"items_purged":["Strike_B","Strike_B"],"score":281,"play_id":"1211bbc0-e582-4c34-b923-f60030cb7f1e","local_time":"20190421004529","is_ascension_mode":true,"campfire_choices":[{"data":"Coolheaded","floor":6,"key":"SMITH"},{"data":"Scrape","floor":8,"key":"SMITH"},{"data":"Defragment","floor":13,"key":"SMITH"},{"data":"Barrage","floor":15,"key":"SMITH"},{"data":"Creative AI","floor":23,"key":"SMITH"},{"floor":25,"key":"REST"},{"data":"Coolheaded","floor":27,"key":"SMITH"}],"neow_cost":"NONE","seed_source_timestamp":355433994514491,"circlet_count":0,"master_deck":["Strike_B","Defend_B","Defend_B","Defend_B","Defend_B","Zap","Dualcast","Coolheaded+1","Scrape+1","Flash of Steel","Reboot","FTL","Core Surge","Defragment+1","Barrage+1","Creative AI+1","Coolheaded+1"],"relics":["Cracked Core","Lantern","Bottled Flame","Regal Pillow","Velvet Choker","Darkstone Periapt","Molten Egg 2"],"potions_floor_usage":[16,16,16],"damage_taken":[{"damage":7,"enemies":"2 Louse","floor":1,"turns":3},{"damage":6,"enemies":"Jaw Worm","floor":3,"turns":4},{"damage":19,"enemies":"Lagavulin","floor":7,"turns":8},{"damage":1,"enemies":"Small Slimes","floor":10,"turns":2},{"damage":5,"enemies":"3 Sentries","floor":11,"turns":6},{"damage":0,"enemies":"2 Fungi Beasts","floor":12,"turns":2},{"damage":6,"enemies":"Red Slaver","floor":14,"turns":2},{"damage":13,"enemies":"The Guardian","floor":16,"turns":14},{"damage":21,"enemies":"Spheric Guardian","floor":18,"turns":7},{"damage":2,"enemies":"Shell Parasite","floor":21,"turns":8},{"damage":21,"enemies":"Gremlin Leader","floor":24,"turns":8},{"damage":73,"enemies":"Slavers","floor":28,"turns":4}],"seed_played":"-2619331755198725851","potions_obtained":[{"floor":7,"key":"PowerPotion"},{"floor":10,"key":"Swift Potion"},{"floor":11,"key":"SkillPotion"},{"floor":12,"key":"Block Potion"},{"floor":16,"key":"Ancient Potion"},{"floor":21,"key":"LiquidBronze"}],"is_trial":false,"path_per_floor":["M","?","M","$","?","R","E","R","T","M","E","M","R","M","R","B",null,"M","?","?","M","$","R","E","R","T","R","E"],"character_chosen":"DEFECT","items_purchased":["Flash of Steel"],"campfire_rested":1,"item_purchase_floors":[4],"current_hp_per_floor":[68,61,55,55,55,55,36,36,36,35,30,30,30,24,24,11,75,54,54,54,52,52,52,31,68,68,68,0],"gold":352,"neow_bonus":"HUNDRED_GOLD","is_prod":false,"is_daily":false,"chose_seed":false,"campfire_upgraded":6,"win_rate":0,"timestamp":1555821929,"path_taken":["M","?","M","$","?","R","E","R","T","M","E","?","R","M","R","BOSS","M","?","?","?","$","R","E","R","T","R","E"],"build_version":"2019-01-23","purchased_purges":2,"victory":false,"max_hp_per_floor":[75,75,75,75,75,75,75,75,75,75,75,75,75,75,75,75,75,75,75,75,75,75,75,75,75,75,75,75],"card_choices":[{"not_picked":["Rebound","Cold Snap"],"picked":"Coolheaded","floor":1},{"not_picked":["Gash","Go for the Eyes"],"picked":"Scrape","floor":3},{"not_picked":["Darkness","Steam"],"picked":"Reboot","floor":7},{"not_picked":["Coolheaded","Beam Cell"],"picked":"FTL","floor":10},{"not_picked":["Redo","Compile Driver"],"picked":"Core Surge","floor":11},{"not_picked":["Turbo","Sweeping Beam"],"picked":"Defragment","floor":12},{"not_picked":["Tempest","Rainbow"],"picked":"Barrage","floor":14},{"not_picked":["Rainbow","Meteor Strike"],"picked":"Creative AI","floor":16},{"not_picked":["Rebound","Aggregate+1","Barrage"],"picked":"SKIP","floor":18},{"not_picked":["Steam+1","Cold Snap","Stack"],"picked":"SKIP","floor":21},{"not_picked":["Rebound","Rip and Tear"],"picked":"Coolheaded","floor":24}],"player_experience":247083,"relics_obtained":[{"floor":7,"key":"Lantern"},{"floor":9,"key":"Bottled Flame"},{"floor":11,"key":"Regal Pillow"},{"floor":24,"key":"Darkstone Periapt"},{"floor":26,"key":"Molten Egg 2"}],"event_choices":[{"cards_removed":["Strike_B"],"damage_healed":0,"gold_gain":0,"player_choice":"Card Removal","damage_taken":7,"max_hp_gain":0,"max_hp_loss":0,"event_name":"Golden Wing","floor":2,"gold_loss":0},{"damage_healed":0,"gold_gain":0,"player_choice":"Ignored","damage_taken":0,"max_hp_gain":0,"max_hp_loss":0,"event_name":"Liars Game","floor":5,"gold_loss":0},{"damage_healed":0,"gold_gain":0,"player_choice":"Ignored","damage_taken":0,"max_hp_gain":0,"max_hp_loss":0,"event_name":"The Mausoleum","floor":19,"gold_loss":0},{"damage_healed":0,"gold_gain":100,"player_choice":"Pray","damage_taken":0,"max_hp_gain":0,"max_hp_loss":0,"event_name":"Golden Shrine","floor":20,"gold_loss":0}],"is_beta":false,"boss_relics":[{"not_picked":["Black Star","Lizard Tail"],"picked":"Velvet Choker"}],"items_purged_floors":[4,22],"is_endless":false,"potions_floor_spawned":[7,10,11,12,16,21],"killed_by":"Slavers","ascension_level":3}