{"gold_per_floor":[12,24,24,24,24,24,37,37,62,79,95,95,17,27,27,100,100,117,136,136,152,43,43,69,69,142,142],"floor_reached":27,"playtime":1513,"items_purged":[],"score":396,"play_id":"9339ae4a-8b7e-4f34-94ef-3cfa9fa6c30a","local_time":"20190602164509","is_ascension_mode":true,"campfire_choices":[{"data":"Neutralize","floor":6,"key":"SMITH"},{"data":"After Image","floor":8,"key":"SMITH"},{"data":"PiercingWail","floor":12,"key":"SMITH"},{"data":"Dagger Throw","floor":15,"key":"SMITH"},{"data":"Caltrops","floor":23,"key":"SMITH"},{"data":"Well Laid Plans","floor":25,"key":"SMITH"}],"neow_cost":"NO_GOLD","seed_source_timestamp":1809657320100545,"circlet_count":0,"master_deck":["AscendersBane","Defend_G","Defend_G","Defend_G","Defend_G","Defend_G","Strike_G","Strike_G","Strike_G","Strike_G","Strike_G","Survivor","Neutralize+1","Deadly Poison","Dagger Throw+1","After Image+1","PiercingWail+1","Well Laid Plans+1","Caltrops+1","Adrenaline","Infinite Blades","Deflect"],"relics":["Ring of the Snake","Dead Branch","Matryoshka","Oddly Smooth Stone","Letter Opener","Busted Crown","Gremlin Horn","Smiling Mask","Frozen Egg 2"],"potions_floor_usage":[14,19,21],"damage_taken":[{"damage":0,"enemies":"Small Slimes","floor":1,"turns":3},{"damage":2,"enemies":"Jaw Worm","floor":2,"turns":4},{"damage":0,"enemies":"Cultist","floor":7,"turns":3},{"damage":11,"enemies":"Lots of Slimes","floor":10,"turns":5},{"damage":0,"enemies":"Blue Slaver","floor":11,"turns":5},{"damage":0,"enemies":"Looter","floor":14,"turns":3},{"damage":45,"enemies":"Slime Boss","floor":16,"turns":15},{"damage":0,"enemies":"Shell Parasite","floor":18,"turns":5},{"damage":1,"enemies":"2 Thieves","floor":19,"turns":3},{"damage":8,"enemies":"3 Cultists","floor":21,"turns":6},{"damage":42,"enemies":"Slavers","floor":27,"turns":4}],"seed_played":"-5353884934740643353","potions_obtained":[{"floor":11,"key":"AttackPotion"},{"floor":14,"key":"SmokeBomb"},{"floor":16,"key":"Poison Potion"},{"floor":18,"key":"Block Potion"},{"floor":19,"key":"GamblersBrew"},{"floor":21,"key":"Ancient Potion"}],"is_trial":false,"path_per_floor":["M","M","?","?","T","R","M","R","T","M","M","R","$","M","R","B",null,"M","M","?","M","$","R","T","R","T","E"],"character_chosen":"THE_SILENT","items_purchased":["Caltrops","Infinite Blades","Deflect"],"campfire_rested":0,"item_purchase_floors":[13,22,22],"current_hp_per_floor":[59,57,57,57,57,57,57,57,57,46,46,46,46,46,46,1,50,50,49,49,41,41,41,41,41,41,0],"gold":142,"neow_bonus":"ONE_RARE_RELIC","is_prod":false,"is_daily":false,"chose_seed":false,"campfire_upgraded":6,"win_rate":0,"timestamp":1559508309,"path_taken":["M","M","?","?","?","R","M","R","T","M","M","R","$","M","R","BOSS","M","M","?","M","$","R","?","R","T","E"],"build_version":"2019-01-23","purchased_purges":0,"victory":false,"max_hp_per_floor":[66,66,66,66,66,66,66,66,66,66,66,66,66,66,66,66,66,66,66,66,66,66,66,66,66,66,66],"card_choices":[{"not_picked":["Prepared","Skewer"],"picked":"Deadly Poison","floor":1},{"not_picked":["Reflex","Heel Hook"],"picked":"Dagger Throw","floor":2},{"not_picked":["Underhanded Strike","Acrobatics"],"picked":"After Image","floor":7},{"not_picked":["Flying Knee","Deadly Poison"],"picked":"PiercingWail","floor":10},{"not_picked":["Dodge and Roll","Deflect"],"picked":"Well Laid Plans","floor":11},{"not_picked":["Riddle With Holes","Prepared","Terror"],"picked":"SKIP","floor":14},{"not_picked":["Doppelganger","Glass Knife"],"picked":"Adrenaline","floor":16},{"not_picked":["Dagger Throw"],"picked":"SKIP","floor":18},{"not_picked":["Dagger Throw"],"picked":"SKIP","floor":19},{"not_picked":["Acrobatics"],"picked":"SKIP","floor":21}],"player_experience":544809,"relics_obtained":[{"floor":5,"key":"Matryoshka"},{"floor":9,"key":"Oddly Smooth Stone"},{"floor":9,"key":"Letter Opener"},{"floor":24,"key":"Gremlin Horn"},{"floor":24,"key":"Smiling Mask"},{"floor":26,"key":"Frozen Egg 2"}],"event_choices":[{"damage_healed":0,"gold_gain":0,"player_choice":"Ignored","damage_taken":0,"max_hp_gain":0,"max_hp_loss":0,"event_name":"Shining Light","floor":3,"gold_loss":0},{"damage_healed":0,"gold_gain":0,"player_choice":"Leave","damage_taken":0,"max_hp_gain":0,"max_hp_loss":0,"event_name":"The Cleric","floor":4,"gold_loss":0},{"damage_healed":0,"gold_gain":0,"player_choice":"Ignored","damage_taken":0,"max_hp_gain":0,"max_hp_loss":0,"event_name":"Beggar","floor":20,"gold_loss":0}],"is_beta":false,"boss_relics":[{"not_picked":["Runic Pyramid","Lizard Tail"],"picked":"Busted Crown"}],"items_purged_floors":[],"is_endless":false,"potions_floor_spawned":[11,14,16,18,19,21],"killed_by":"Slavers","ascension_level":19}