{"gold_per_floor":[114,134,59,73,73,73,90,90,115,125,156,1,1,13,13,115,115,89,89,4,22,0,0,15,114,114,132,132,42,57,68,68,170,170,170],"floor_reached":35,"playtime":15438,"items_purged":["Strike_G"],"score":359,"play_id":"70842354-d9c0-4662-8b4f-3da2fa458201","local_time":"20190606214158","is_ascension_mode":false,"campfire_choices":[{"data":"Neutralize","floor":6,"key":"SMITH"},{"data":"Leg Sweep","floor":8,"key":"SMITH"},{"data":"Footwork","floor":15,"key":"SMITH"},{"data":"Night Terror","floor":23,"key":"SMITH"},{"data":"Malaise","floor":28,"key":"SMITH"},{"data":"Adrenaline","floor":32,"key":"SMITH"}],"neow_cost":"NONE","seed_source_timestamp":1873114641097500,"circlet_count":0,"master_deck":["Defend_G+1","Defend_G","Defend_G","Defend_G","Defend_G+1","Strike_G","Strike_G+1","Strike_G","Survivor","Neutralize+1","Quick Slash","Deadly Poison","Deadly Poison","Leg Sweep+1","Footwork+1","Adrenaline+1","Night Terror+1","Necronomicurse","Dagger Spray+1","Malaise+1","PiercingWail+1","Terror+1","Setup+1","Bullet Time"],"relics":["Ring of the Snake","Bag of Marbles","Happy Flower","Incense Burner","War Paint","GremlinMask","Philosopher\u0027s Stone","Necronomicon","FossilizedHelix","Darkstone Periapt","HoveringKite"],"potions_floor_usage":[16,33,33],"damage_taken":[{"damage":0,"enemies":"Small Slimes","floor":1,"turns":3},{"damage":0,"enemies":"Cultist","floor":2,"turns":3},{"damage":0,"enemies":"Jaw Worm","floor":4,"turns":3},{"damage":5,"enemies":"Exordium Thugs","floor":7,"turns":6},{"damage":0,"enemies":"Looter","floor":10,"turns":4},{"damage":2,"enemies":"Lagavulin","floor":11,"turns":7},{"damage":2,"enemies":"Large Slime","floor":14,"turns":9},{"damage":4,"enemies":"Hexaghost","floor":16,"turns":10},{"damage":19,"enemies":"2 Thieves","floor":18,"turns":5},{"damage":0,"enemies":"Shell Parasite","floor":21,"turns":5},{"damage":2,"enemies":"Snecko","floor":24,"turns":7},{"damage":0,"enemies":"Centurion and Healer","floor":27,"turns":7},{"damage":0,"enemies":"Shelled Parasite and Fungi","floor":30,"turns":9},{"damage":0,"enemies":"Snake Plant","floor":31,"turns":5},{"damage":31,"enemies":"Automaton","floor":33,"turns":13},{"damage":0,"enemies":"3 Darklings","floor":35,"turns":2}],"seed_played":"-2401178695236157828","potions_obtained":[{"floor":4,"key":"SteroidPotion"},{"floor":10,"key":"SteroidPotion"},{"floor":14,"key":"Weak Potion"},{"floor":16,"key":"PowerPotion"},{"floor":24,"key":"AttackPotion"},{"floor":30,"key":"Fire Potion"}],"is_trial":false,"path_per_floor":["M","M","$","M","?","R","M","R","T","M","E","$","?","M","R","B",null,"M","?","?","M","?","R","M","?","T","M","R","?","M","M","R","B",null,"M"],"character_chosen":"THE_SILENT","items_purchased":["War Paint"],"campfire_rested":0,"item_purchase_floors":[12],"current_hp_per_floor":[70,70,70,70,58,58,53,53,53,53,51,51,51,49,49,45,70,51,35,35,35,35,35,33,33,33,33,33,33,33,33,33,2,70,70],"gold":170,"neow_bonus":"THREE_CARDS","is_prod":false,"is_daily":false,"chose_seed":false,"campfire_upgraded":6,"win_rate":0,"timestamp":1559871718,"path_taken":["M","M","$","M","?","R","M","R","T","M","E","$","?","?","R","BOSS","M","?","?","?","?","R","M","?","T","M","R","?","M","M","R","BOSS","M"],"build_version":"2019-01-23","purchased_purges":1,"victory":false,"max_hp_per_floor":[70,70,70,70,70,70,70,70,70,70,70,70,70,70,70,70,70,70,70,70,70,70,70,70,70,70,70,70,70,70,70,70,70,70,70],"card_choices":[{"not_picked":["Masterful Stab","Reflex"],"picked":"Quick Slash","floor":0},{"not_picked":["Sucker Punch","Predator"],"picked":"Deadly Poison","floor":1},{"not_picked":["Quick Slash","Leg Sweep"],"picked":"Deadly Poison","floor":2},{"not_picked":["Reflex","Riddle With Holes"],"picked":"Leg Sweep","floor":4},{"not_picked":["Caltrops","Bane"],"picked":"Footwork","floor":7},{"not_picked":["Calculated Gamble","Infinite Blades","Predator"],"picked":"SKIP","floor":10},{"not_picked":["Dagger Throw","Leg Sweep","Reflex"],"picked":"SKIP","floor":11},{"not_picked":["Bouncing Flask","Dodge and Roll"],"picked":"Adrenaline","floor":14},{"not_picked":["Die Die Die","Phantasmal Killer"],"picked":"Night Terror","floor":16},{"not_picked":["Accuracy+1","Deadly Poison","Caltrops"],"picked":"SKIP","floor":18},{"not_picked":["Dash","Deadly Poison"],"picked":"Dagger Spray+1","floor":21},{"not_picked":["Heel Hook","Reflex"],"picked":"Malaise","floor":24},{"not_picked":["Infinite Blades+1","Sucker Punch"],"picked":"PiercingWail+1","floor":27},{"not_picked":["Deflect","Flying Knee"],"picked":"Terror+1","floor":30},{"not_picked":["Underhanded Strike+1","Prepared"],"picked":"Setup+1","floor":31},{"not_picked":["Night Terror","Tools of the Trade"],"picked":"Bullet Time","floor":33}],"player_experience":1127320,"relics_obtained":[{"floor":9,"key":"Happy Flower"},{"floor":11,"key":"Incense Burner"},{"floor":19,"key":"Necronomicon"},{"floor":26,"key":"Darkstone Periapt"}],"event_choices":[{"damage_healed":0,"gold_gain":0,"player_choice":"Success","damage_taken":12,"relics_obtained":["Bag of Marbles"],"max_hp_gain":0,"max_hp_loss":0,"event_name":"Scrap Ooze","floor":5,"gold_loss":0},{"damage_healed":0,"gold_gain":0,"player_choice":"Trade","damage_taken":0,"relics_obtained":["GremlinMask"],"max_hp_gain":0,"max_hp_loss":0,"event_name":"FaceTrader","floor":13,"gold_loss":0},{"damage_healed":0,"gold_gain":0,"player_choice":"Obtained Book","damage_taken":16,"max_hp_gain":0,"max_hp_loss":0,"event_name":"Cursed Tome","floor":19,"gold_loss":0},{"damage_healed":0,"gold_gain":0,"player_choice":"Obtained Relic","damage_taken":0,"relics_obtained":["FossilizedHelix"],"max_hp_gain":0,"max_hp_loss":0,"event_name":"Addict","floor":20,"gold_loss":85},{"damage_healed":0,"gold_gain":0,"player_choice":"Paid Fearfully","damage_taken":0,"max_hp_gain":0,"max_hp_loss":0,"event_name":"Masked Bandits","floor":22,"gold_loss":22},{"damage_healed":0,"gold_gain":99,"player_choice":"Stole From Cult","damage_taken":0,"max_hp_gain":0,"max_hp_loss":0,"event_name":"Nest","floor":25,"gold_loss":0},{"cards_removed":["Strike_G"],"damage_healed":0,"gold_gain":0,"player_choice":"Upgrade and Remove","damage_taken":0,"max_hp_gain":0,"max_hp_loss":0,"event_name":"Designer","floor":29,"gold_loss":90,"cards_upgraded":["Strike_G"]}],"is_beta":false,"boss_relics":[{"not_picked":["Busted Crown","Empty Cage"],"picked":"Philosopher\u0027s Stone"},{"not_picked":["Tiny House","Black Star"],"picked":"HoveringKite"}],"items_purged_floors":[3],"is_endless":false,"potions_floor_spawned":[4,10,14,16,18,24,27,30],"killed_by":"3 Darklings","ascension_level":0}