{"gold_per_floor":[118,136,154,174,174,174,203,203,228,242,276,276,154,167,167,245,245,257,257,257,91,91,91,111,146,172,189,202,202,202,202,202,276,276,289,302,302,353,26,56,6,26,26,38,38,38,38,52,52,52],"floor_reached":51,"playtime":2877,"items_purged":["Strike_R","Strike_R","Strike_R","Defend_R"],"score":1156,"play_id":"4abd8daf-f770-4916-bb60-b94ccdb96aee","local_time":"20190427162715","is_ascension_mode":true,"campfire_choices":[{"data":"Whirlwind","floor":6.0,"key":"SMITH"},{"data":"Feed","floor":8.0,"key":"SMITH"},{"floor":15.0,"key":"REST"},{"data":"Uppercut","floor":23.0,"key":"SMITH"},{"data":"Inflame","floor":29.0,"key":"SMITH"},{"data":"Battle Trance","floor":32.0,"key":"SMITH"},{"data":"Mayhem","floor":45,"key":"SMITH"},{"data":"Impervious","floor":47,"key":"SMITH"},{"floor":49,"key":"REST"}],"neow_cost":"NONE","seed_source_timestamp":0,"circlet_count":0,"master_deck":["AscendersBane","Defend_R","Defend_R","Defend_R","Bash","Whirlwind+1","Shrug It Off+1","Feed+1","Battle Trance+1","Intimidate","Inflame+1","Shockwave","Impervious+1","Uppercut+1","Heavy Blade+1","Headbutt","Ghostly Armor","Mayhem+1","Bludgeon","Shrug It Off"],"special_seed":0,"relics":["Burning Blood","Bronze Scales","Juzu Bracelet","Smiling Mask","Orichalcum","Velvet Choker","Tiny Chest","Nilry\u0027s Codex","Singing Bowl","Potion Belt","Nunchaku","Lantern","Runic Pyramid","Turnip","Vajra","Champion Belt","Gremlin Horn"],"potions_floor_usage":[38,40,40,42],"damage_taken":[{"damage":6.0,"enemies":"Cultist","floor":1.0,"turns":3.0},{"damage":12.0,"enemies":"Jaw Worm","floor":2.0,"turns":3.0},{"damage":0.0,"enemies":"2 Louse","floor":3.0,"turns":2.0},{"damage":4.0,"enemies":"Looter","floor":4.0,"turns":4.0},{"damage":27.0,"enemies":"Gremlin Nob","floor":7.0,"turns":4.0},{"damage":16.0,"enemies":"Large Slime","floor":10.0,"turns":5.0},{"damage":36.0,"enemies":"Lagavulin","floor":11.0,"turns":7.0},{"damage":1.0,"enemies":"3 Louse","floor":14.0,"turns":3.0},{"damage":40.0,"enemies":"The Guardian","floor":16.0,"turns":15.0},{"damage":12.0,"enemies":"2 Thieves","floor":18.0,"turns":3.0},{"damage":2.0,"enemies":"Chosen","floor":24.0,"turns":4.0},{"damage":23.0,"enemies":"Gremlin Leader","floor":25.0,"turns":7.0},{"damage":13.0,"enemies":"Centurion and Healer","floor":27.0,"turns":6.0},{"damage":2.0,"enemies":"Snake Plant","floor":28.0,"turns":4.0},{"damage":55.0,"enemies":"Collector","floor":33.0,"turns":10.0},{"damage":1,"enemies":"3 Shapes","floor":35,"turns":5},{"damage":14,"enemies":"3 Darklings","floor":36,"turns":4},{"damage":43,"enemies":"2 Orb Walkers","floor":38,"turns":5},{"damage":12,"enemies":"Giant Head","floor":40,"turns":7},{"damage":24,"enemies":"4 Shapes","floor":42,"turns":4},{"damage":1,"enemies":"Maw","floor":44,"turns":7},{"damage":8,"enemies":"Jaw Worm Horde","floor":48,"turns":2},{"damage":55,"enemies":"Awakened One","floor":50,"turns":12}],"seed_played":"6764248097237192865","potions_obtained":[{"floor":1.0,"key":"SneckoOil"},{"floor":3.0,"key":"Strength Potion"},{"floor":5.0,"key":"SteroidPotion"},{"floor":11.0,"key":"SpeedPotion"},{"floor":16.0,"key":"Energy Potion"},{"floor":18.0,"key":"Dexterity Potion"},{"floor":28.0,"key":"Explosive Potion"},{"floor":33.0,"key":"SkillPotion"},{"floor":36,"key":"BloodPotion"},{"floor":42,"key":"Ancient Potion"},{"floor":48,"key":"Swift Potion"}],"is_trial":false,"path_per_floor":["M","M","M","M","?","R","E","R","T","M","E","?","$","M","R","B",null,"M","?","?","$","?","R","M","E","T","M","M","R","T","T","R","B",null,"M","M","?","?","$","E","$","M","T","M","R","?","R","M","R","B",null],"character_chosen":"IRONCLAD","items_purchased":["Inflame","Tiny Chest","Vajra","Regen Potion","SteroidPotion"],"campfire_rested":2,"item_purchase_floors":[13,21,39,39,39],"current_hp_per_floor":[72,66,72,74,74,74,53,53,53,47,21,21,21,30,57,27,79,77,77,77,77,61,61,69,56,56,55,61,61,61,61,61,14,92,103,97,97,66,66,77,77,72,72,83,83,83,83,87,132,87],"gold":52,"neow_bonus":"RANDOM_COMMON_RELIC","is_prod":false,"is_daily":false,"chose_seed":false,"campfire_upgraded":7,"win_rate":0,"timestamp":1556396835,"path_taken":["M","M","M","?","?","R","E","R","T","M","E","?","?","M","R","BOSS","M","?","?","$","?","R","M","E","T","M","M","R","?","?","R","BOSS","M","M","?","?","$","E","?","M","T","M","R","?","R","M","R","BOSS"],"build_version":"2019-01-23","purchased_purges":4,"victory":true,"max_hp_per_floor":[80,80,80,80,80,80,80,80,80,84,88,88,88,92,92,96,96,100,100,100,100,100,100,104,108,108,114,116,116,116,116,116,118,118,124,126,126,132,132,136,136,140,140,146,146,146,146,152,152,156],"card_choices":[{"not_picked":["Armaments","Sentinel"],"picked":"Whirlwind","floor":1.0},{"not_picked":["Pummel","Havoc"],"picked":"Shrug It Off","floor":2.0},{"not_picked":["Flex","Warcry","Iron Wave"],"picked":"SKIP","floor":3.0},{"not_picked":["Blood for Blood","Twin Strike"],"picked":"Feed","floor":4.0},{"not_picked":["Flex","Clash"],"picked":"Battle Trance","floor":7.0},{"not_picked":["Armaments","Dual Wield","Iron Wave"],"picked":"SKIP","floor":10.0},{"not_picked":["Heavy Blade","Battle Trance"],"picked":"Intimidate","floor":11.0},{"not_picked":["Cleave","Blood for Blood"],"picked":"Shockwave","floor":14.0},{"not_picked":["Brutality","Offering"],"picked":"Impervious","floor":16.0},{"not_picked":["Hemokinesis","Iron Wave+1","Armaments"],"picked":"SKIP","floor":18.0},{"not_picked":["Flex","Cleave"],"picked":"Headbutt","floor":24.0},{"not_picked":["Rampage","Armaments"],"picked":"Ghostly Armor","floor":25.0},{"not_picked":["Anger","Heavy Blade","Pommel Strike+1"],"picked":"Singing Bowl","floor":27.0},{"not_picked":["Burning Pact","Warcry","Rupture"],"picked":"Singing Bowl","floor":28.0},{"not_picked":["Brutality","Barricade","Dark Embrace"],"picked":"Singing Bowl","floor":33.0},{"not_picked":["Flex","Uppercut","Anger"],"picked":"Singing Bowl","floor":35},{"not_picked":["Havoc+1","Headbutt","Wild Strike"],"picked":"Singing Bowl","floor":36},{"not_picked":["HandOfGreed","Mind Blast"],"picked":"Mayhem","floor":37},{"not_picked":["Twin Strike+1","Iron Wave","Entrench+1"],"picked":"Singing Bowl","floor":38},{"not_picked":["Heavy Blade","Thunderclap"],"picked":"Bludgeon","floor":40},{"not_picked":["Perfected Strike","Sentinel"],"picked":"Shrug It Off","floor":42},{"not_picked":["Corruption+1","Havoc","Blood for Blood"],"picked":"Singing Bowl","floor":44},{"not_picked":["Combust","Clothesline","True Grit+1"],"picked":"Singing Bowl","floor":48}],"player_experience":325936,"relics_obtained":[{"floor":7.0,"key":"Juzu Bracelet"},{"floor":9.0,"key":"Smiling Mask"},{"floor":11.0,"key":"Orichalcum"},{"floor":22.0,"key":"Nilry\u0027s Codex"},{"floor":25.0,"key":"Singing Bowl"},{"floor":26.0,"key":"Potion Belt"},{"floor":30.0,"key":"Nunchaku"},{"floor":31.0,"key":"Lantern"},{"floor":38,"key":"Turnip"},{"floor":40,"key":"Champion Belt"},{"floor":43,"key":"Gremlin Horn"}],"event_choices":[{"damage_healed":0.0,"max_hp_gain":0.0,"max_hp_loss":0.0,"gold_gain":0.0,"event_name":"Lab","player_choice":"Got Potions","floor":5.0,"gold_loss":0.0,"damage_taken":0.0},{"damage_healed":0.0,"max_hp_gain":0.0,"max_hp_loss":0.0,"gold_gain":0.0,"event_name":"Upgrade Shrine","player_choice":"Upgraded","floor":12.0,"gold_loss":0.0,"damage_taken":0.0,"cards_upgraded":["Shrug It Off"]},{"damage_healed":0.0,"max_hp_gain":0.0,"max_hp_loss":0.0,"gold_gain":0.0,"cards_transformed":["Strike_R","Strike_R"],"event_name":"Drug Dealer","player_choice":"Became Test Subject","floor":19.0,"gold_loss":0.0,"damage_taken":0.0,"cards_obtained":["Uppercut","Heavy Blade"]},{"damage_healed":0.0,"max_hp_gain":0.0,"max_hp_loss":0.0,"gold_gain":0.0,"event_name":"The Mausoleum","player_choice":"Ignored","floor":20.0,"gold_loss":0.0,"damage_taken":0.0},{"damage_healed":0.0,"max_hp_gain":0.0,"max_hp_loss":0.0,"gold_gain":0.0,"event_name":"Cursed Tome","player_choice":"Obtained Book","floor":22.0,"gold_loss":0.0,"damage_taken":16.0},{"damage_healed":0,"gold_gain":0,"player_choice":"Memory 1","damage_taken":0,"max_hp_gain":0,"max_hp_loss":0,"event_name":"SensoryStone","floor":37,"gold_loss":0},{"damage_healed":0,"gold_gain":0,"player_choice":"Fight","damage_taken":0,"max_hp_gain":0,"max_hp_loss":0,"event_name":"Mysterious Sphere","floor":38,"gold_loss":0},{"damage_healed":0,"gold_gain":0,"player_choice":"Forge","damage_taken":0,"max_hp_gain":0,"max_hp_loss":0,"event_name":"Accursed Blacksmith","floor":46,"gold_loss":0,"cards_upgraded":["Heavy Blade"]}],"is_beta":false,"boss_relics":[{"not_picked":["Fusion Hammer","Snecko Eye"],"picked":"Velvet Choker"},{"not_picked":["Tiny House","Eternal Feather"],"picked":"Runic Pyramid"}],"items_purged_floors":[13,21,39,41],"is_endless":false,"potions_floor_spawned":[1,3,11,16,18,28,33,36,42,48],"ascension_level":13}