{"gold_per_floor":[119,138,151,81,63,63,97,111,138,138,138,178,178,26,26,150,150,171,192,210,130,130,161,161],"floor_reached":24,"playtime":1727,"items_purged":[],"score":226,"play_id":"965e3398-0ead-4d15-87cd-d8b6e88ab95c","local_time":"20181013231919","is_ascension_mode":false,"campfire_choices":[{"floor":6,"key":"REST"},{"floor":11,"key":"REST"},{"floor":15,"key":"REST"}],"neow_cost":"NONE","seed_source_timestamp":25563188052895,"circlet_count":0,"master_deck":["Strike_B","Strike_B","Strike_B","Strike_B","Defend_B+1","Defend_B","Defend_B","Defend_B","Zap","Dualcast+1","Go for the Eyes","Cold Snap","Compile Driver","Static Discharge+1","Ball Lightning","Conserve Battery","Static Discharge","Rainbow","Gash","Seek","Ball Lightning+1","Loop","Chill","Self Repair"],"relics":["Black Star","PreservedInsect","Oddly Smooth Stone","Dream Catcher","Golden Idol","Centennial Puzzle","Bag of Preparation","War Paint","Busted Crown","Boot","Orichalcum"],"potions_floor_usage":[5,12,23,24],"damage_taken":[{"damage":2,"enemies":"2 Louse","floor":1,"turns":3},{"damage":2,"enemies":"Jaw Worm","floor":2,"turns":4},{"damage":3,"enemies":"Small Slimes","floor":3,"turns":4},{"damage":24,"enemies":"Exordium Thugs","floor":5,"turns":5},{"damage":25,"enemies":"Gremlin Nob","floor":7,"turns":5},{"damage":7,"enemies":"Blue Slaver","floor":8,"turns":3},{"damage":16,"enemies":"Lagavulin","floor":12,"turns":6},{"damage":29,"enemies":"Slime Boss","floor":16,"turns":6},{"damage":0,"enemies":"Chosen","floor":18,"turns":4},{"damage":7,"enemies":"2 Thieves","floor":19,"turns":4},{"damage":27,"enemies":"Shelled Parasite and Fungi","floor":20,"turns":5},{"damage":14,"enemies":"Book of Stabbing","floor":23,"turns":4},{"damage":18,"enemies":"Snake Plant","floor":24,"turns":3}],"seed_played":"-6498297525882652889","potions_obtained":[{"floor":1,"key":"FocusPotion"},{"floor":7,"key":"Weak Potion"},{"floor":12,"key":"FearPotion"},{"floor":18,"key":"Explosive Potion"}],"is_trial":false,"path_per_floor":["M","M","M","$","M","R","E","M","T","?","R","E","?","$","R","B",null,"M","M","M","$","?","E"],"character_chosen":"DEFECT","items_purchased":["Static Discharge","War Paint","Self Repair"],"campfire_rested":3,"item_purchase_floors":[4,14,21],"current_hp_per_floor":[73,71,68,68,44,66,41,34,34,16,38,22,22,22,44,15,75,75,68,41,41,25,18,0],"gold":161,"neow_bonus":"BOSS_RELIC","is_prod":false,"is_daily":false,"chose_seed":false,"campfire_upgraded":0,"win_rate":0,"timestamp":1539461959,"path_taken":["M","M","M","$","M","R","E","M","T","?","R","E","?","$","R","BOSS","M","M","M","$","?","E","M"],"build_version":"2018-10-11","purchased_purges":0,"victory":false,"max_hp_per_floor":[75,75,75,75,75,75,75,75,75,75,75,75,75,75,75,75,75,75,75,75,75,75,75,75],"card_choices":[{"not_picked":["Lockon","Tempest"],"picked":"Go for the Eyes","floor":1},{"not_picked":["Leap","Beam Cell"],"picked":"Cold Snap","floor":2},{"not_picked":["Coolheaded","Hello World"],"picked":"Compile Driver","floor":3},{"not_picked":["Static Discharge","Beam Cell","Redo"],"picked":"SKIP","floor":5},{"not_picked":["Doom and Gloom","Consume"],"picked":"Ball Lightning","floor":7},{"not_picked":["Cold Snap","Static Discharge"],"picked":"Conserve Battery","floor":8},{"not_picked":["Steam","Capacitor"],"picked":"Static Discharge","floor":11},{"not_picked":["Turbo","Steam Power"],"picked":"Rainbow","floor":12},{"not_picked":["Tempest","Capacitor"],"picked":"Gash","floor":15},{"not_picked":["Buffer","Machine Learning"],"picked":"Seek","floor":16},{"not_picked":[],"picked":"Ball Lightning+1","floor":18},{"not_picked":[],"picked":"Loop","floor":19},{"not_picked":[],"picked":"Chill","floor":20},{"not_picked":["Sunder"],"picked":"SKIP","floor":23}],"player_experience":98457,"relics_obtained":[{"floor":7,"key":"PreservedInsect"},{"floor":7,"key":"Oddly Smooth Stone"},{"floor":9,"key":"Dream Catcher"},{"floor":12,"key":"Centennial Puzzle"},{"floor":12,"key":"Bag of Preparation"},{"floor":23,"key":"Boot"},{"floor":23,"key":"Orichalcum"}],"event_choices":[{"event_name":"Golden Idol","player_choice":"Take Damage","floor":10,"damage_taken":0},{"event_name":"Accursed Blacksmith","player_choice":"Forge","floor":13,"damage_taken":0},{"event_name":"Cursed Tome","player_choice":"Obtained Book","floor":22,"damage_taken":0}],"is_beta":false,"boss_relics":[{"not_picked":["Inserter","Coffee Dripper"],"picked":"Busted Crown"}],"items_purged_floors":[],"is_endless":false,"potions_floor_spawned":[1,7,12,18],"killed_by":"Snake Plant","ascension_level":0}