{"gold_per_floor":[117,217,236,252,268,294,312,347,374,374,339,364,374,404,404,504,504,520,535,94,111,111,139,139,150,176,186,186,10,10,27,27,27],"floor_reached":33,"playtime":2370,"items_purged":[],"score":329,"play_id":"2bc9588c-74bc-41d3-ac02-a964787326bf","local_time":"20190413095114","is_ascension_mode":true,"campfire_choices":[{"data":"Armaments","floor":10,"key":"SMITH"},{"data":"Inflame","floor":15,"key":"SMITH"},{"data":"Heavy Blade","floor":24,"key":"SMITH"},{"floor":28,"key":"REST"},{"data":"Apotheosis","floor":30,"key":"SMITH"},{"data":"Demon Form","floor":32,"key":"SMITH"}],"neow_cost":"NONE","seed_source_timestamp":87635140123225,"circlet_count":0,"master_deck":["Strike_R","Strike_R","Strike_R","Strike_R","Strike_R","Defend_R","Defend_R","Defend_R","Defend_R+1","Bash","Inflame+1","Iron Wave+1","Shrug It Off","Perfected Strike+1","Inflame","Armaments+1","Combust","Flex","Headbutt","Demon Form+1","Heavy Blade","Heavy Blade+1","Flex+1","Metallicize","Whirlwind","Headbutt+1","Sword Boomerang","Apotheosis+1","Twin Strike+1"],"relics":["Burning Blood","Self Forming Clay","Paper Frog","PreservedInsect","Whetstone","Orrery","Pocketwatch","War Paint","Bird Faced Urn","Dream Catcher"],"potions_floor_usage":[6,18,18,21,25,25,33],"damage_taken":[{"damage":9,"enemies":"2 Louse","floor":1,"turns":2},{"damage":1,"enemies":"Cultist","floor":3,"turns":3},{"damage":0,"enemies":"Small Slimes","floor":4,"turns":4},{"damage":10,"enemies":"2 Fungi Beasts","floor":5,"turns":4},{"damage":28,"enemies":"Lagavulin","floor":6,"turns":6},{"damage":19,"enemies":"3 Louse","floor":7,"turns":4},{"damage":20,"enemies":"3 Sentries","floor":8,"turns":9},{"damage":7,"enemies":"Lagavulin","floor":12,"turns":6},{"damage":6,"enemies":"Looter","floor":13,"turns":3},{"damage":13,"enemies":"Gremlin Nob","floor":14,"turns":4},{"damage":30,"enemies":"Slime Boss","floor":16,"turns":6},{"damage":21,"enemies":"2 Thieves","floor":18,"turns":4},{"damage":23,"enemies":"Shell Parasite","floor":19,"turns":4},{"damage":10,"enemies":"Snecko","floor":21,"turns":4},{"damage":30,"enemies":"Gremlin Leader","floor":23,"turns":6},{"damage":13,"enemies":"3 Cultists","floor":25,"turns":6},{"damage":20,"enemies":"Snake Plant","floor":27,"turns":5},{"damage":10,"enemies":"Shelled Parasite and Fungi","floor":31,"turns":5},{"damage":63,"enemies":"Champ","floor":33,"turns":9}],"seed_played":"-9117668718689688657","potions_obtained":[{"floor":1,"key":"EssenceOfSteel"},{"floor":5,"key":"SteroidPotion"},{"floor":8,"key":"BloodPotion"},{"floor":13,"key":"Block Potion"},{"floor":18,"key":"SpeedPotion"},{"floor":19,"key":"Dexterity Potion"},{"floor":25,"key":"Fire Potion"}],"is_trial":false,"path_per_floor":["M","?","M","M","M","E","M","E","T","R","?","E","M","E","R","B",null,"M","M","$","M","?","E","R","M","T","M","R","$","R","M","R","B"],"character_chosen":"IRONCLAD","items_purchased":["Pocketwatch","War Paint","Apotheosis"],"campfire_rested":1,"item_purchase_floors":[20,20,29],"current_hp_per_floor":[85,85,88,88,84,62,49,35,35,35,57,56,56,49,49,25,88,73,56,56,60,60,36,36,33,33,25,51,51,51,51,51,0],"gold":27,"neow_bonus":"TEN_PERCENT_HP_BONUS","is_prod":false,"is_daily":false,"chose_seed":false,"campfire_upgraded":5,"win_rate":0,"timestamp":1555163474,"path_taken":["M","?","M","?","M","E","M","E","T","R","?","E","M","E","R","BOSS","M","M","$","M","?","E","R","M","T","M","R","$","R","M","R","BOSS"],"build_version":"2019-01-23","purchased_purges":0,"victory":false,"max_hp_per_floor":[88,88,88,88,88,88,88,88,88,88,88,88,88,88,88,88,88,88,88,88,88,88,88,88,88,88,88,88,88,88,88,88,88],"card_choices":[{"not_picked":["Heavy Blade","Thunderclap"],"picked":"Inflame","floor":1},{"not_picked":["Anger","Cleave"],"picked":"Iron Wave","floor":3},{"not_picked":["Flex","Fire Breathing"],"picked":"Shrug It Off","floor":4},{"not_picked":["Pummel","Uppercut"],"picked":"Perfected Strike","floor":5},{"not_picked":["Fire Breathing","Evolve"],"picked":"Inflame","floor":6},{"not_picked":["Thunderclap","Clothesline"],"picked":"Armaments","floor":7},{"not_picked":["Twin Strike","Clash"],"picked":"Combust","floor":8},{"not_picked":["Burning Pact","Infernal Blade"],"picked":"Flex","floor":12},{"not_picked":["Cleave","Second Wind"],"picked":"Headbutt","floor":13},{"not_picked":["Bludgeon","Body Slam","Cleave"],"picked":"SKIP","floor":14},{"not_picked":["Double Tap","Offering"],"picked":"Demon Form","floor":16},{"not_picked":["Clash","Feel No Pain"],"picked":"Heavy Blade","floor":17},{"not_picked":["Searing Blow","Juggernaut"],"picked":"Heavy Blade","floor":17},{"not_picked":["Feel No Pain","Shockwave"],"picked":"Flex","floor":17},{"not_picked":["Havoc+1","Rampage"],"picked":"Metallicize","floor":18},{"not_picked":["Cleave+1","Clash+1","Wild Strike"],"picked":"SKIP","floor":19},{"not_picked":["Flex+1","Clothesline"],"picked":"Whirlwind","floor":21},{"not_picked":["Warcry","Shrug It Off"],"picked":"Headbutt+1","floor":23},{"not_picked":["Armaments+1","Intimidate"],"picked":"Sword Boomerang","floor":25},{"not_picked":["Impervious","Warcry","Entrench"],"picked":"SKIP","floor":27},{"not_picked":["True Grit","Whirlwind+1"],"picked":"Twin Strike+1","floor":31}],"player_experience":138422,"relics_obtained":[{"floor":6,"key":"Self Forming Clay"},{"floor":8,"key":"Paper Frog"},{"floor":12,"key":"PreservedInsect"},{"floor":14,"key":"Whetstone"},{"floor":23,"key":"Bird Faced Urn"},{"floor":26,"key":"Dream Catcher"}],"event_choices":[{"damage_healed":0,"gold_gain":100,"player_choice":"Pray","damage_taken":0,"max_hp_gain":0,"max_hp_loss":0,"event_name":"Golden Shrine","floor":2,"gold_loss":0},{"damage_healed":22,"gold_gain":0,"player_choice":"Healed","damage_taken":0,"max_hp_gain":0,"max_hp_loss":0,"event_name":"The Cleric","floor":11,"gold_loss":35},{"damage_healed":0,"gold_gain":0,"player_choice":"Ignored","damage_taken":0,"max_hp_gain":0,"max_hp_loss":0,"event_name":"Vampires","floor":22,"gold_loss":0}],"is_beta":false,"boss_relics":[{"not_picked":["Calling Bell","Pandora\u0027s Box"],"picked":"Orrery"}],"items_purged_floors":[],"is_endless":false,"potions_floor_spawned":[1,5,8,13,14,16,18,19,25],"killed_by":"Champ","ascension_level":2}