{"gold_per_floor":[111,128,140,315,315,315,328,328,398,398,412,267,267,286,286,382,382,396,396,406,424,24,24,24],"floor_reached":24,"playtime":1593,"items_purged":["Strike_B"],"score":187,"play_id":"ad11b144-c3dd-4e85-9c46-a43baca942ac","local_time":"20190601104731","is_ascension_mode":false,"campfire_choices":[{"data":"Redo","floor":6,"key":"SMITH"},{"data":"Zap","floor":8,"key":"SMITH"},{"data":"Capacitor","floor":10,"key":"SMITH"},{"data":"Creative AI","floor":13,"key":"SMITH"},{"data":"Glacier","floor":15,"key":"SMITH"},{"data":"Static Discharge","floor":23,"key":"SMITH"}],"neow_cost":"NONE","seed_source_timestamp":1418370543341800,"circlet_count":0,"master_deck":["Strike_B","Strike_B","Defend_B+1","Defend_B","Defend_B","Defend_B+1","Zap+1","Dualcast","Ball Lightning","Ball Lightning","Redo+1","Capacitor+1","Creative AI+1","Glacier+1","Machine Learning","Defragment","Static Discharge+1","Hologram"],"relics":["Cracked Core","Spirit Poop","Mummified Hand","Orrery","Bottled Tornado","War Paint"],"potions_floor_usage":[3,7,7,18,24],"damage_taken":[{"damage":0,"enemies":"Cultist","floor":1,"turns":3},{"damage":8,"enemies":"Small Slimes","floor":2,"turns":2},{"damage":0,"enemies":"2 Louse","floor":3,"turns":1},{"damage":0,"enemies":"Red Slaver","floor":7,"turns":5},{"damage":0,"enemies":"Exordium Wildlife","floor":11,"turns":2},{"damage":0,"enemies":"3 Louse","floor":14,"turns":3},{"damage":28,"enemies":"Slime Boss","floor":16,"turns":8},{"damage":0,"enemies":"Chosen","floor":18,"turns":5},{"damage":30,"enemies":"2 Thieves","floor":20,"turns":4},{"damage":21,"enemies":"Snake Plant","floor":21,"turns":3},{"damage":24,"enemies":"Gremlin Leader","floor":24,"turns":2}],"seed_played":"765609446910039985","potions_obtained":[{"floor":2,"key":"EntropicBrew"},{"floor":7,"key":"LiquidBronze"},{"floor":11,"key":"Block Potion"},{"floor":21,"key":"LiquidBronze"}],"is_trial":false,"path_per_floor":["M","M","M","?","?","R","M","R","T","R","M","$","R","M","R","B",null,"M","?","M","M","$","R","E"],"character_chosen":"DEFECT","items_purchased":["Creative AI","Bottled Tornado","War Paint"],"campfire_rested":0,"item_purchase_floors":[12,22,22],"current_hp_per_floor":[75,67,67,67,67,67,67,67,67,67,67,67,67,67,67,39,75,75,75,45,24,24,24,0],"gold":24,"neow_bonus":"REMOVE_CARD","is_prod":false,"is_daily":false,"chose_seed":false,"campfire_upgraded":6,"win_rate":0.0,"timestamp":1559400451,"path_taken":["M","?","?","?","?","R","M","R","T","R","?","$","R","M","R","BOSS","M","?","?","M","$","R","E"],"build_version":"2019-01-23","purchased_purges":1,"victory":false,"max_hp_per_floor":[75,75,75,75,75,75,75,75,75,75,75,75,75,75,75,75,75,75,75,75,75,75,75,75],"card_choices":[{"not_picked":["Turbo","Rebound"],"picked":"Ball Lightning","floor":1},{"not_picked":["Chaos","Leap"],"picked":"Ball Lightning","floor":2},{"not_picked":["Stack","Go for the Eyes"],"picked":"Redo","floor":3},{"not_picked":["Reinforced Body","Ball Lightning"],"picked":"Capacitor","floor":7},{"not_picked":["Chaos","Darkness","Doom and Gloom"],"picked":"SKIP","floor":11},{"not_picked":["Cold Snap","Stack"],"picked":"Glacier","floor":14},{"not_picked":["Thunder Strike","All For One"],"picked":"Machine Learning","floor":16},{"not_picked":["Streamline","Aggregate"],"picked":"Defragment","floor":17},{"not_picked":["Ball Lightning","Heatsinks"],"picked":"Static Discharge","floor":17},{"not_picked":["Rebound+1","Ball Lightning","Aggregate"],"picked":"SKIP","floor":18},{"not_picked":["Stack","Auto Shields"],"picked":"Hologram","floor":20},{"not_picked":["Skim","Compile Driver","Melter"],"picked":"SKIP","floor":21}],"player_experience":1006142,"relics_obtained":[{"floor":9,"key":"Mummified Hand"}],"event_choices":[{"damage_healed":0,"gold_gain":175,"player_choice":"AGREE","damage_taken":0,"max_hp_gain":0,"max_hp_loss":0,"event_name":"Liars Game","floor":4,"gold_loss":0,"cards_obtained":["Doubt"]},{"cards_removed":["Doubt"],"damage_healed":0,"gold_gain":0,"player_choice":"Offered Curse","damage_taken":0,"relics_obtained":["Spirit Poop"],"max_hp_gain":0,"max_hp_loss":0,"event_name":"Bonfire Elementals","floor":5,"gold_loss":0},{"damage_healed":0,"gold_gain":0,"player_choice":"Ignored","damage_taken":0,"max_hp_gain":0,"max_hp_loss":0,"event_name":"NoteForYourself","floor":19,"gold_loss":0}],"is_beta":false,"boss_relics":[{"not_picked":["Lizard Tail","Fusion Hammer"],"picked":"Orrery"}],"items_purged_floors":[12],"is_endless":false,"potions_floor_spawned":[2,7,11,21],"killed_by":"Gremlin Leader","ascension_level":0}