{"gold_per_floor":[114,114,125,125,81,111,111,111,111,111,129,160,173,43,43,116,116,130,143,193,208,218,218,236,236,236,271,159,169,169,187,187,187],"floor_reached":33,"playtime":2021,"items_purged":["Strike_G"],"score":544,"play_id":"16ee0b44-e290-4ff0-8d13-69bd1ffd8c79","local_time":"20190517071127","is_ascension_mode":true,"campfire_choices":[{"data":"Crippling Poison","floor":7,"key":"SMITH"},{"data":"Neutralize","floor":10,"key":"SMITH"},{"data":"Poisoned Stab","floor":15,"key":"SMITH"},{"data":"Dash","floor":23,"key":"SMITH"},{"floor":25,"key":"REST"},{"floor":32,"key":"REST"}],"neow_cost":"NONE","seed_source_timestamp":1070888945343214,"circlet_count":0,"master_deck":["AscendersBane","Defend_G","Defend_G","Defend_G","Defend_G","Defend_G","Strike_G","Strike_G","Strike_G","Survivor","Neutralize+1","Poisoned Stab+1","Crippling Poison+1","Die Die Die","Well Laid Plans","Dash+1","Backstab+1","Bane+1","Envenom+1","PiercingWail","Skewer+1","PiercingWail","Backflip+1"],"relics":["Ring of the Snake","NeowsBlessing","Lantern","CultistMask","Frozen Egg 2","Molten Egg 2","Busted Crown","Blood Vial","Nloth\u0027s Gift"],"potions_floor_usage":[16,19,29,29,31,33],"damage_taken":[{"damage":0,"enemies":"Small Slimes","floor":1,"turns":1},{"damage":0,"enemies":"Cultist","floor":3,"turns":1},{"damage":0,"enemies":"Lagavulin","floor":6,"turns":1},{"damage":0,"enemies":"2 Louse","floor":11,"turns":2},{"damage":11,"enemies":"3 Sentries","floor":12,"turns":8},{"damage":13,"enemies":"Exordium Thugs","floor":13,"turns":4},{"damage":19,"enemies":"The Guardian","floor":16,"turns":11},{"damage":3,"enemies":"Chosen","floor":18,"turns":4},{"damage":1,"enemies":"2 Thieves","floor":19,"turns":4},{"damage":11,"enemies":"Shelled Parasite and Fungi","floor":21,"turns":5},{"damage":3,"enemies":"Chosen and Byrds","floor":22,"turns":6},{"damage":0,"enemies":"Cultist and Chosen","floor":24,"turns":6},{"damage":33,"enemies":"Book of Stabbing","floor":27,"turns":5},{"damage":15,"enemies":"Snecko","floor":29,"turns":4},{"damage":6,"enemies":"3 Cultists","floor":31,"turns":5},{"damage":55,"enemies":"Collector","floor":33,"turns":9}],"seed_played":"5956983708476497601","potions_obtained":[{"floor":3,"key":"Fire Potion"},{"floor":6,"key":"Swift Potion"},{"floor":18,"key":"SpeedPotion"},{"floor":27,"key":"Block Potion"},{"floor":29,"key":"SkillPotion"},{"floor":31,"key":"GamblersBrew"}],"is_trial":false,"path_per_floor":["M","$","M","?","$","E","R","?","T","R","M","E","M","$","R","B",null,"M","M","?","M","M","R","M","R","T","E","$","M","?","M","R","B"],"character_chosen":"THE_SILENT","items_purchased":["Well Laid Plans","Bane+1","Fruit Juice"],"campfire_rested":2,"item_purchase_floors":[5,14,28],"current_hp_per_floor":[59,59,59,59,59,59,59,59,59,59,59,48,35,35,35,16,54,51,50,50,39,36,36,36,55,55,24,24,16,16,12,33,0],"gold":187,"neow_bonus":"THREE_ENEMY_KILL","is_prod":false,"is_daily":false,"chose_seed":false,"campfire_upgraded":4,"win_rate":0,"timestamp":1558091487,"path_taken":["M","$","M","?","?","E","R","?","T","R","M","E","M","$","R","BOSS","M","M","?","?","M","R","M","R","T","E","$","M","?","M","R","BOSS"],"build_version":"2019-01-23","purchased_purges":1,"victory":false,"max_hp_per_floor":[66,66,66,66,66,66,66,66,66,66,66,66,66,66,66,66,66,66,66,66,66,66,66,66,66,66,66,66,71,71,71,71,71],"card_choices":[{"not_picked":["Expertise","Blade Dance"],"picked":"Poisoned Stab","floor":1},{"not_picked":["Crippling Poison","Cloak And Dagger","Dash"],"picked":"SKIP","floor":3},{"not_picked":["Cloak And Dagger","Dash"],"picked":"Crippling Poison","floor":3},{"not_picked":["Accuracy","Prepared","Calculated Gamble"],"picked":"SKIP","floor":6},{"not_picked":["Prepared","Quick Slash"],"picked":"Dash","floor":11},{"not_picked":["Dagger Spray","Well Laid Plans+1","Accuracy+1"],"picked":"SKIP","floor":12},{"not_picked":["Dodge and Roll","Acrobatics"],"picked":"Backstab+1","floor":13},{"not_picked":["Die Die Die+1","Tools of the Trade+1"],"picked":"Envenom+1","floor":16},{"not_picked":["Quick Slash+1"],"picked":"SKIP","floor":18},{"not_picked":[],"picked":"PiercingWail","floor":19},{"not_picked":[],"picked":"Skewer+1","floor":21},{"not_picked":["Finisher+1"],"picked":"SKIP","floor":22},{"not_picked":["All Out Attack+1"],"picked":"SKIP","floor":24},{"not_picked":[],"picked":"PiercingWail","floor":27},{"not_picked":[],"picked":"Backflip+1","floor":29},{"not_picked":["Calculated Gamble"],"picked":"SKIP","floor":31}],"player_experience":455683,"relics_obtained":[{"floor":6,"key":"Lantern"},{"floor":9,"key":"Frozen Egg 2"},{"floor":12,"key":"Molten Egg 2"},{"floor":26,"key":"Blood Vial"},{"floor":27,"key":"Tough Bandages"}],"event_choices":[{"damage_healed":0,"gold_gain":0,"cards_transformed":["Strike_G"],"player_choice":"Transformed","damage_taken":0,"max_hp_gain":0,"max_hp_loss":0,"event_name":"Transmorgrifier","floor":4,"gold_loss":0,"cards_obtained":["Die Die Die"]},{"damage_healed":0,"gold_gain":0,"player_choice":"Trade","damage_taken":0,"relics_obtained":["CultistMask"],"max_hp_gain":0,"max_hp_loss":0,"event_name":"FaceTrader","floor":8,"gold_loss":0},{"damage_healed":0,"gold_gain":50,"player_choice":"Pray","damage_taken":0,"max_hp_gain":0,"max_hp_loss":0,"event_name":"Golden Shrine","floor":20,"gold_loss":0},{"damage_healed":0,"gold_gain":0,"player_choice":"Traded Relic","damage_taken":0,"relics_obtained":["Nloth\u0027s Gift"],"max_hp_gain":0,"max_hp_loss":0,"event_name":"N\u0027loth","floor":30,"relics_lost":["Tough Bandages"],"gold_loss":0}],"is_beta":false,"boss_relics":[{"not_picked":["Pandora\u0027s Box","Fusion Hammer"],"picked":"Busted Crown"}],"items_purged_floors":[14],"is_endless":false,"potions_floor_spawned":[3,6,11,12,18,27,29,31],"killed_by":"Collector","ascension_level":16}