{"gold_per_floor":[112,124,143,143,153,153,184,184,256,256,256,289,289,289,289,289],"floor_reached":16,"playtime":365,"items_purged":[],"score":205,"play_id":"3aeddf6d-dde2-416f-a757-31ad2b387e84","local_time":"20190510211543","is_ascension_mode":true,"campfire_choices":[{"data":"Anger","floor":6,"key":"SMITH"},{"data":"Clothesline","floor":8,"key":"SMITH"},{"data":"Thunderclap","floor":10,"key":"SMITH"},{"floor":13,"key":"REST"},{"floor":15,"key":"REST"}],"neow_cost":"NONE","seed_source_timestamp":255391482873900,"circlet_count":0,"master_deck":["AscendersBane","Strike_R","Strike_R","Strike_R","Strike_R","Strike_R","Defend_R+1","Defend_R","Defend_R","Defend_R","Bash+1","Clothesline+1","Anger+1","Thunderclap+1","Iron Wave+1","Sword Boomerang+1","Dropkick+1"],"relics":["Burning Blood","Molten Egg 2","Smiling Mask","The Courier","Oddly Smooth Stone"],"potions_floor_usage":[],"damage_taken":[{"damage":7,"enemies":"Cultist","floor":1,"turns":4},{"damage":4,"enemies":"2 Louse","floor":2,"turns":4},{"damage":10,"enemies":"Small Slimes","floor":3,"turns":3},{"damage":12,"enemies":"Blue Slaver","floor":5,"turns":3},{"damage":30,"enemies":"Gremlin Nob","floor":7,"turns":4},{"damage":25,"enemies":"Lagavulin","floor":12,"turns":5},{"damage":61,"enemies":"The Guardian","floor":16,"turns":13}],"seed_played":"5468785877982856377","potions_obtained":[{"floor":2,"key":"SpeedPotion"},{"floor":5,"key":"Swift Potion"}],"is_trial":false,"path_per_floor":["M","M","M","T","M","R","E","R","T","R","?","E","R","?","R","B"],"character_chosen":"IRONCLAD","items_purchased":[],"campfire_rested":2,"item_purchase_floors":[],"current_hp_per_floor":[67,69,65,65,59,59,35,35,35,35,35,16,38,38,60,0],"gold":289,"neow_bonus":"UPGRADE_CARD","is_prod":false,"is_daily":false,"chose_seed":false,"campfire_upgraded":3,"win_rate":0,"timestamp":1557515743,"path_taken":["M","M","M","?","M","R","E","R","T","R","?","E","R","?","R","BOSS"],"build_version":"2019-01-23","purchased_purges":0,"victory":false,"max_hp_per_floor":[75,75,75,75,75,75,75,75,75,75,75,75,75,75,75,75],"card_choices":[{"not_picked":["Shrug It Off","Sever Soul"],"picked":"Clothesline","floor":1},{"not_picked":["Blood for Blood","Sentinel"],"picked":"Anger","floor":2},{"not_picked":["Havoc","Warcry"],"picked":"Thunderclap","floor":3},{"not_picked":["Shrug It Off","Carnage+1"],"picked":"Iron Wave+1","floor":5},{"not_picked":["Clothesline+1","True Grit"],"picked":"Sword Boomerang+1","floor":7},{"not_picked":["Havoc","Thunderclap+1"],"picked":"Dropkick+1","floor":12}],"player_experience":674361,"relics_obtained":[{"floor":4,"key":"Molten Egg 2"},{"floor":7,"key":"Smiling Mask"},{"floor":9,"key":"The Courier"},{"floor":12,"key":"Oddly Smooth Stone"}],"event_choices":[{"damage_healed":0,"gold_gain":0,"player_choice":"Ignored","damage_taken":0,"max_hp_gain":0,"max_hp_loss":0,"event_name":"Liars Game","floor":11,"gold_loss":0},{"damage_healed":0,"gold_gain":0,"player_choice":"Upgraded","damage_taken":0,"max_hp_gain":0,"max_hp_loss":0,"event_name":"Upgrade Shrine","floor":14,"gold_loss":0,"cards_upgraded":["Defend_R"]}],"is_beta":false,"boss_relics":[],"items_purged_floors":[],"is_endless":false,"potions_floor_spawned":[2,5,7],"killed_by":"The Guardian","ascension_level":18}