{"gold_per_floor":[17,29,29,29,42,74,89,89,89,89,100,126,156,172,172,248,248,261,306,221,234,12,12,30,63,63,81,98,60,60,71,71,145,145,163,182,46,62,62,87,103,103,130,130,140,151,164,175,175,175],"floor_reached":50,"playtime":2290,"items_purged":["Strike_R","Strike_R"],"score":1020,"play_id":"b5c68ed7-95a9-4bee-aae1-44fc270bcd6b","local_time":"20190519221831","is_ascension_mode":true,"campfire_choices":[{"data":"Demon Form","floor":8.0,"key":"SMITH"},{"data":"Seeing Red","floor":10.0,"key":"SMITH"},{"data":"Whirlwind","floor":15.0,"key":"SMITH"},{"data":"Limit Break","floor":23.0,"key":"SMITH"},{"floor":30,"key":"REST"},{"floor":32,"key":"REST"},{"data":"Uppercut","floor":44,"key":"SMITH"},{"floor":49,"key":"RECALL"}],"neow_cost":"NO_GOLD","seed_source_timestamp":1191942947073757,"circlet_count":0,"master_deck":["AscendersBane","Strike_R+1","Defend_R","Defend_R","Defend_R","Defend_R","Bash+1","Demon Form+1","Clothesline","Uppercut+1","Seeing Red+1","Cleave","Whirlwind+1","Limit Break+1","Spot Weakness","Disarm","Metallicize","Shockwave","Flame Barrier","Whirlwind+1","Parasite"],"special_seed":0,"relics":["Burning Blood","Matryoshka","Blood Vial","Ornamental Fan","Whetstone","Anchor","Strawberry","Snecko Eye","Bag of Marbles","Lantern","Membership Card","Dodecahedron","Ancient Tea Set","Coffee Dripper","Orichalcum","Bottled Lightning"],"potions_floor_usage":[27,27,47,47,48],"damage_taken":[{"damage":11.0,"enemies":"Small Slimes","floor":1.0,"turns":6.0},{"damage":4.0,"enemies":"Cultist","floor":2.0,"turns":4.0},{"damage":4.0,"enemies":"Jaw Worm","floor":5.0,"turns":3.0},{"damage":24.0,"enemies":"Gremlin Nob","floor":6.0,"turns":4.0},{"damage":8.0,"enemies":"Red Slaver","floor":7.0,"turns":4.0},{"damage":9.0,"enemies":"3 Louse","floor":11.0,"turns":3.0},{"damage":6.0,"enemies":"Lagavulin","floor":13.0,"turns":4.0},{"damage":19.0,"enemies":"Exordium Thugs","floor":14.0,"turns":5.0},{"damage":36.0,"enemies":"Hexaghost","floor":16.0,"turns":7.0},{"damage":7.0,"enemies":"Spheric Guardian","floor":18.0,"turns":3.0},{"damage":20.0,"enemies":"2 Thieves","floor":21.0,"turns":3.0},{"damage":0.0,"enemies":"Chosen and Byrds","floor":24.0,"turns":3.0},{"damage":48.0,"enemies":"Book of Stabbing","floor":25.0,"turns":5.0},{"damage":18,"enemies":"Shelled Parasite and Fungi","floor":27,"turns":3},{"damage":6,"enemies":"Centurion and Healer","floor":28,"turns":4},{"damage":9,"enemies":"3 Cultists","floor":31,"turns":3},{"damage":29,"enemies":"Automaton","floor":33,"turns":6},{"damage":0,"enemies":"3 Darklings","floor":35,"turns":1},{"damage":6,"enemies":"Orb Walker","floor":36,"turns":3},{"damage":13,"enemies":"Jaw Worm Horde","floor":38,"turns":4},{"damage":35,"enemies":"Giant Head","floor":40,"turns":6},{"damage":8,"enemies":"Transient","floor":41,"turns":6},{"damage":0,"enemies":"Sphere and 2 Shapes","floor":45,"turns":1},{"damage":7,"enemies":"Writhing Mass","floor":46,"turns":5},{"damage":18,"enemies":"Transient","floor":47,"turns":6},{"damage":20,"enemies":"4 Shapes","floor":48,"turns":5},{"damage":54,"enemies":"Awakened One","floor":50,"turns":8}],"seed_played":"6163994301927895361","potions_obtained":[{"floor":1.0,"key":"Block Potion"},{"floor":7.0,"key":"FearPotion"},{"floor":14.0,"key":"FearPotion"},{"floor":16.0,"key":"FearPotion"},{"floor":18.0,"key":"SpeedPotion"},{"floor":38,"key":"Weak Potion"},{"floor":40,"key":"LiquidBronze"},{"floor":46,"key":"Regen Potion"},{"floor":47,"key":"SkillPotion"}],"is_trial":false,"path_per_floor":["M","M","?","?","M","E","M","R","T","R","M","T","E","M","R","B",null,"M","T","?","M","$","R","M","E","T","M","M","$","R","M","R","B",null,"M","M","$","M","?","E","M","?","T","R","M","M","M","M","R","B"],"character_chosen":"IRONCLAD","items_purchased":["Membership Card","Orichalcum"],"campfire_rested":2,"item_purchase_floors":[22,37],"current_hp_per_floor":[63,65,58,58,60,42,40,40,40,40,39,39,48,37,37,9,64,65,65,65,53,53,53,61,21,21,11,13,13,37,36,60,39,71,79,81,81,75,75,48,48,48,48,48,56,57,62,50,50,0],"gold":175,"neow_bonus":"THREE_RARE_CARDS","is_prod":false,"is_daily":false,"chose_seed":false,"campfire_upgraded":5,"win_rate":0,"timestamp":1558318711,"path_taken":["M","M","?","?","M","E","M","R","T","R","?","?","E","M","R","BOSS","M","?","?","M","$","R","?","E","T","M","M","?","R","M","R","BOSS","M","M","$","M","?","E","?","?","T","R","M","M","?","M","R","BOSS"],"build_version":"2019-01-23","purchased_purges":2,"victory":false,"max_hp_per_floor":[75,75,75,75,75,75,75,75,75,75,75,75,82,82,82,82,82,82,82,82,82,82,82,82,82,82,82,82,82,82,82,82,82,82,82,82,82,82,82,82,82,82,82,82,82,82,82,82,82,82],"card_choices":[{"not_picked":["Bludgeon","Limit Break"],"picked":"Demon Form","floor":0.0},{"not_picked":["Seeing Red","Pommel Strike"],"picked":"Clothesline","floor":1.0},{"not_picked":["Clothesline","Disarm"],"picked":"Uppercut","floor":2.0},{"not_picked":["Corruption","Sword Boomerang"],"picked":"Seeing Red","floor":5.0},{"not_picked":["Warcry","Perfected Strike","Fire Breathing"],"picked":"SKIP","floor":6.0},{"not_picked":["Iron Wave","Immolate"],"picked":"Cleave","floor":7.0},{"not_picked":["Dual Wield","Searing Blow","Iron Wave"],"picked":"SKIP","floor":11.0},{"not_picked":["Armaments","Dropkick","Iron Wave"],"picked":"SKIP","floor":13.0},{"not_picked":["Feel No Pain","Burning Pact"],"picked":"Whirlwind","floor":14.0},{"not_picked":["Brutality","Barricade"],"picked":"Limit Break","floor":16.0},{"not_picked":["Headbutt","Thunderclap+1","Whirlwind"],"picked":"SKIP","floor":18.0},{"not_picked":["Armaments","Perfected Strike"],"picked":"Spot Weakness","floor":21.0},{"not_picked":["Fire Breathing","Cleave"],"picked":"Disarm","floor":24.0},{"not_picked":["Whirlwind+1","Blood for Blood"],"picked":"Metallicize","floor":25.0},{"not_picked":["Perfected Strike","Power Through","Thunderclap"],"picked":"SKIP","floor":27},{"not_picked":["Infernal Blade","Carnage","Heavy Blade"],"picked":"SKIP","floor":28},{"not_picked":["Warcry","Burning Pact+1","Thunderclap"],"picked":"SKIP","floor":31},{"not_picked":["Spot Weakness","Armaments","Hemokinesis+1"],"picked":"SKIP","floor":35},{"not_picked":["Flex","Cleave"],"picked":"Shockwave","floor":36},{"not_picked":["Flex+1","Warcry+1"],"picked":"Flame Barrier","floor":38},{"not_picked":["Thunderclap","Iron Wave","Pommel Strike"],"picked":"SKIP","floor":40},{"not_picked":["Thunderclap","Iron Wave","Pommel Strike"],"picked":"SKIP","floor":40},{"not_picked":["Hemokinesis","Clash","Spot Weakness"],"picked":"SKIP","floor":41},{"not_picked":["Exhume","Searing Blow","Uppercut"],"picked":"SKIP","floor":45},{"not_picked":["Pommel Strike","Armaments","Perfected Strike"],"picked":"SKIP","floor":46},{"not_picked":["Flex","Armaments","Sword Boomerang+1"],"picked":"SKIP","floor":47},{"not_picked":["Headbutt+1","Warcry","Brutality"],"picked":"SKIP","floor":48}],"player_experience":471985,"relics_obtained":[{"floor":6.0,"key":"Matryoshka"},{"floor":9.0,"key":"Blood Vial"},{"floor":9.0,"key":"Ornamental Fan"},{"floor":12.0,"key":"Whetstone"},{"floor":12.0,"key":"Anchor"},{"floor":13.0,"key":"Strawberry"},{"floor":19.0,"key":"Bag of Marbles"},{"floor":25.0,"key":"Dodecahedron"},{"floor":26.0,"key":"Ancient Tea Set"},{"floor":40,"key":"Bottled Lightning"}],"event_choices":[{"cards_removed":["Strike_R"],"damage_healed":0.0,"max_hp_gain":0.0,"max_hp_loss":0.0,"gold_gain":0.0,"event_name":"Golden Wing","player_choice":"Card Removal","floor":3.0,"gold_loss":0.0,"damage_taken":7.0},{"cards_removed":["Strike_R"],"damage_healed":0.0,"max_hp_gain":0.0,"max_hp_loss":0.0,"gold_gain":0.0,"event_name":"Bonfire Elementals","player_choice":"Offered Basic","floor":4.0,"gold_loss":0.0,"damage_taken":0.0},{"damage_healed":0.0,"max_hp_gain":0.0,"max_hp_loss":0.0,"gold_gain":0.0,"event_name":"Addict","player_choice":"Obtained Relic","floor":20.0,"gold_loss":85.0,"damage_taken":0.0,"relics_obtained":["Lantern"]},{"damage_healed":0,"gold_gain":0,"player_choice":"Ignored","damage_taken":0,"max_hp_gain":0,"max_hp_loss":0,"event_name":"SecretPortal","floor":39,"gold_loss":0},{"damage_healed":0,"gold_gain":0,"player_choice":"Copied","damage_taken":0,"max_hp_gain":0,"max_hp_loss":0,"event_name":"Duplicator","floor":42,"gold_loss":0,"cards_obtained":["Whirlwind"]}],"is_beta":false,"boss_relics":[{"not_picked":["White Beast Statue","Black Blood"],"picked":"Snecko Eye"},{"not_picked":["Empty Cage","Pandora\u0027s Box"],"picked":"Coffee Dripper"}],"items_purged_floors":[29,37],"is_endless":false,"potions_floor_spawned":[1,7,14,16,18,21,38,40,46,47],"killed_by":"Awakened One","ascension_level":20}