{"gold_per_floor":[113,123,123,134,147,147,163,191,191,191,466,484,498,97,97,195,195,206,206,224,95,105,137,149,149,149,149,176,275,287,287,287,287],"floor_reached":33,"playtime":1727,"items_purged":["Strike_B"],"score":289,"play_id":"323ed8cc-3aa4-4cd5-95d0-df650822f3d9","local_time":"20190319193400","is_ascension_mode":false,"campfire_choices":[{"data":"Rainbow","floor":6.0,"key":"SMITH"},{"floor":10.0,"key":"REST"},{"data":"Static Discharge","floor":15.0,"key":"SMITH"},{"floor":27,"key":"REST"},{"floor":32,"key":"REST"}],"neow_cost":"TEN_PERCENT_HP_LOSS","seed_source_timestamp":0,"circlet_count":0,"master_deck":["Strike_B","Strike_B","Strike_B","Defend_B","Defend_B","Defend_B","Defend_B","Zap","Dualcast","Rainbow+1","Coolheaded+1","Rebound","Barrage","Coolheaded","Gash","Rainbow","Regret","Hologram","Tempest","Barrage","Static Discharge+1","Seek","Darkness+1","Chill","Compile Driver","Coolheaded","Melter+1","Sweeping Beam+1","Capacitor","Conserve Battery+1","Ball Lightning+1"],"special_seed":0,"relics":["Cracked Core","Mercury Hourglass","Darkstone Periapt","Blood Vial","Lantern","Nuclear Battery","Peace Pipe","Sundial","Question Card","Vajra"],"potions_floor_usage":[16,23,30,30,33],"damage_taken":[{"damage":4.0,"enemies":"Jaw Worm","floor":1.0,"turns":4.0},{"damage":0.0,"enemies":"Cultist","floor":2.0,"turns":4.0},{"damage":3.0,"enemies":"Small Slimes","floor":4.0,"turns":4.0},{"damage":6.0,"enemies":"Red Slaver","floor":5.0,"turns":3.0},{"damage":5.0,"enemies":"Exordium Thugs","floor":7.0,"turns":4.0},{"damage":27.0,"enemies":"Lagavulin","floor":8.0,"turns":7.0},{"damage":0.0,"enemies":"Exordium Wildlife","floor":12.0,"turns":2.0},{"damage":0.0,"enemies":"Large Slime","floor":13.0,"turns":4.0},{"damage":27,"enemies":"Slime Boss","floor":16,"turns":8},{"damage":2,"enemies":"Chosen","floor":18,"turns":3},{"damage":14,"enemies":"Spheric Guardian","floor":20,"turns":4},{"damage":30,"enemies":"Snake Plant","floor":22,"turns":3},{"damage":15,"enemies":"Book of Stabbing","floor":23,"turns":4},{"damage":0,"enemies":"Cultist and Chosen","floor":24,"turns":4},{"damage":35,"enemies":"Slavers","floor":28,"turns":5},{"damage":8,"enemies":"Chosen and Byrds","floor":30,"turns":5},{"damage":29,"enemies":"Champ","floor":33,"turns":8}],"seed_played":"-9059232874782641894","potions_obtained":[{"floor":2.0,"key":"Energy Potion"},{"floor":8.0,"key":"FearPotion"},{"floor":12.0,"key":"SpeedPotion"},{"floor":16,"key":"AttackPotion"},{"floor":23,"key":"SpeedPotion"},{"floor":24,"key":"SteroidPotion"}],"is_trial":false,"path_per_floor":["M","M","?","M","M","R","M","E","T","R","?","M","M","$","R","B",null,"M","?","M","$","M","E","M","?","T","R","E","?","M","?","R","B"],"character_chosen":"DEFECT","items_purchased":["Barrage","Static Discharge","Blood Vial","Lantern","Compile Driver"],"campfire_rested":3,"item_purchase_floors":[14,14,14,14,21],"current_hp_per_floor":[64,64,64,61,55,55,50,23,23,43,49,49,49,49,49,24,74,72,72,60,60,32,19,21,21,21,43,10,10,4,4,26,0],"gold":287,"neow_bonus":"THREE_RARE_CARDS","is_prod":false,"is_daily":false,"chose_seed":false,"campfire_upgraded":2,"win_rate":0,"timestamp":1553038440,"path_taken":["M","M","?","?","M","R","M","E","T","R","?","?","M","$","R","BOSS","M","?","M","$","M","E","M","?","T","R","E","?","M","?","R","BOSS"],"build_version":"2019-01-23","purchased_purges":1,"victory":false,"max_hp_per_floor":[68,68,68,68,68,68,68,68,68,68,74,74,74,74,74,74,74,74,74,74,74,74,74,74,74,74,74,74,74,74,74,74,74],"card_choices":[{"not_picked":["Meteor Strike","Buffer"],"picked":"Rainbow","floor":0.0},{"not_picked":["Streamline","Cold Snap"],"picked":"Coolheaded","floor":1.0},{"not_picked":["Beam Cell","Undo"],"picked":"Rebound","floor":2.0},{"not_picked":["Glacier","Loop"],"picked":"Barrage","floor":4.0},{"not_picked":["Stack","Streamline"],"picked":"Coolheaded","floor":5.0},{"not_picked":["Scrape","Sweeping Beam"],"picked":"Gash","floor":7.0},{"not_picked":["Turbo","Barrage"],"picked":"Rainbow","floor":8.0},{"not_picked":["Leap","Auto Shields"],"picked":"Hologram","floor":12.0},{"not_picked":["Blizzard","Streamline"],"picked":"Tempest","floor":13.0},{"not_picked":["Core Surge","Machine Learning"],"picked":"Seek","floor":16},{"not_picked":["Loop","Sunder"],"picked":"Darkness+1","floor":18},{"not_picked":["Rebound","Turbo"],"picked":"Chill","floor":20},{"not_picked":["Streamline","Conserve Battery"],"picked":"Coolheaded","floor":22},{"not_picked":["Turbo","Beam Cell"],"picked":"Melter+1","floor":23},{"not_picked":["Conserve Battery","Gash"],"picked":"Sweeping Beam+1","floor":24},{"not_picked":["Amplify","Reinforced Body"],"picked":"Conserve Battery+1","floor":28},{"not_picked":["Turbo","Consume","Barrage"],"picked":"Ball Lightning+1","floor":30}],"player_experience":50738,"relics_obtained":[{"floor":8.0,"key":"Mercury Hourglass"},{"floor":9.0,"key":"Darkstone Periapt"},{"floor":23,"key":"Peace Pipe"},{"floor":26,"key":"Sundial"},{"floor":28,"key":"Question Card"}],"event_choices":[{"damage_healed":0.0,"max_hp_gain":0.0,"max_hp_loss":0.0,"gold_gain":0.0,"event_name":"Upgrade Shrine","player_choice":"Upgraded","floor":3.0,"gold_loss":0.0,"damage_taken":0.0,"cards_upgraded":["Coolheaded"]},{"damage_healed":0.0,"max_hp_gain":0.0,"max_hp_loss":0.0,"gold_gain":275.0,"event_name":"Golden Shrine","player_choice":"Desecrate","floor":11.0,"gold_loss":0.0,"damage_taken":0.0,"cards_obtained":["Regret"]},{"damage_healed":0,"gold_gain":0,"player_choice":"Ignored","damage_taken":0,"max_hp_gain":0,"max_hp_loss":0,"event_name":"Ghosts","floor":19,"gold_loss":0},{"damage_healed":0,"gold_gain":0,"player_choice":"Read","damage_taken":0,"max_hp_gain":0,"max_hp_loss":0,"event_name":"The Library","floor":25,"gold_loss":0,"cards_obtained":["Capacitor"]},{"damage_healed":0,"gold_gain":99,"player_choice":"Stole From Cult","damage_taken":0,"max_hp_gain":0,"max_hp_loss":0,"event_name":"Nest","floor":29,"gold_loss":0},{"damage_healed":0,"gold_gain":0,"player_choice":"Opened","damage_taken":0,"relics_obtained":["Vajra"],"max_hp_gain":0,"max_hp_loss":0,"event_name":"The Mausoleum","floor":31,"gold_loss":0}],"is_beta":false,"boss_relics":[{"not_picked":["Velvet Choker","FrozenCore"],"picked":"Nuclear Battery"}],"items_purged_floors":[21],"is_endless":false,"potions_floor_spawned":[2,8,12,16,22,23,24],"killed_by":"Champ","ascension_level":0}