{"gold_per_floor":[112,112,125,136,146,159,159,159,229,265,265,280,280,303,303,428,428,442,316,299,224,69,69,110,110,110,110,135,175,195,208,208,328,328,347,347,362,105,128,0,0,14,83,31,47,61,84,84,84,84,84,84,36,80,80],"floor_reached":55,"playtime":3704,"items_purged":["Strike_R","Strike_R"],"score":713,"play_id":"cbf2271d-2dc9-4976-b2ed-36791da478bb","local_time":"20190416213549","is_ascension_mode":false,"campfire_choices":[{"data":"Battle Trance","floor":7,"key":"SMITH"},{"data":"Spot Weakness","floor":13,"key":"SMITH"},{"floor":15,"key":"REST"},{"data":"Disarm","floor":23,"key":"SMITH"},{"data":"Shrug It Off","floor":25,"key":"SMITH"},{"data":"Headbutt","floor":27,"key":"SMITH"},{"data":"Shrug It Off","floor":32,"key":"SMITH"},{"floor":41,"key":"RECALL"},{"floor":49,"key":"REST"},{"floor":52,"key":"REST"}],"neow_cost":"NONE","seed_source_timestamp":196997808129783,"circlet_count":0,"master_deck":["Strike_R","Strike_R+1","Defend_R","Defend_R","Defend_R","Defend_R","Bash+1","Headbutt+1","Battle Trance+1","Spot Weakness+1","Shockwave+1","Feed+1","Disarm+1","Shrug It Off+1","Shrug It Off+1","Demon Form+1","Offering+1","Violence+1"],"relics":["Burning Blood","Golden Idol","Matryoshka","Unceasing Top","Runic Dome","Vajra","Orichalcum","Whetstone","Pantograph","Toxic Egg 2","Fusion Hammer","Red Mask","Juzu Bracelet","Boot"],"potions_floor_usage":[6,16,29,30,50,54,55,55],"damage_taken":[{"damage":6,"enemies":"Cultist","floor":1,"turns":3},{"damage":3,"enemies":"Jaw Worm","floor":3,"turns":4},{"damage":5,"enemies":"2 Louse","floor":4,"turns":2},{"damage":14,"enemies":"Exordium Wildlife","floor":5,"turns":4},{"damage":11,"enemies":"3 Louse","floor":6,"turns":3},{"damage":26,"enemies":"Lagavulin","floor":10,"turns":5},{"damage":4,"enemies":"Blue Slaver","floor":12,"turns":5},{"damage":8,"enemies":"Red Slaver","floor":14,"turns":4},{"damage":45,"enemies":"The Guardian","floor":16,"turns":10},{"damage":10,"enemies":"Chosen","floor":18,"turns":4},{"damage":30,"enemies":"2 Thieves","floor":20,"turns":4},{"damage":26,"enemies":"Book of Stabbing","floor":24,"turns":5},{"damage":0,"enemies":"3 Cultists","floor":28,"turns":5},{"damage":23,"enemies":"Slavers","floor":29,"turns":8},{"damage":4,"enemies":"Centurion and Healer","floor":30,"turns":5},{"damage":4,"enemies":"Chosen and Byrds","floor":31,"turns":8},{"damage":59,"enemies":"Automaton","floor":33,"turns":11},{"damage":10,"enemies":"3 Shapes","floor":35,"turns":4},{"damage":8,"enemies":"Orb Walker","floor":37,"turns":4},{"damage":15,"enemies":"3 Darklings","floor":39,"turns":5},{"damage":13,"enemies":"4 Shapes","floor":42,"turns":5},{"damage":6,"enemies":"Spire Growth","floor":45,"turns":4},{"damage":31,"enemies":"Sphere and 2 Shapes","floor":46,"turns":4},{"damage":13,"enemies":"3 Darklings","floor":47,"turns":5},{"damage":44,"enemies":"Time Eater","floor":50,"turns":9},{"damage":42,"enemies":"Shield and Spear","floor":54,"turns":5},{"damage":136,"enemies":"The Heart","floor":55,"turns":8}],"seed_played":"5548751798108690999","potions_obtained":[{"floor":5,"key":"SkillPotion"},{"floor":10,"key":"SmokeBomb"},{"floor":14,"key":"LiquidBronze"},{"floor":18,"key":"SpeedPotion"},{"floor":24,"key":"GamblersBrew"},{"floor":30,"key":"FearPotion"},{"floor":39,"key":"PowerPotion"}],"is_trial":false,"path_per_floor":["M","$","M","M","M","M","R","?","T","E","?","M","R","M","R","B",null,"M","$","M","?","$","R","E","R","T","R","M","E","M","M","R","B",null,"M","?","M","$","M","?","R","M","T","$","M","M","M","?","R","B",null,"R","$","E","B"],"character_chosen":"IRONCLAD","items_purchased":["Shrug It Off","Vajra","Offering+1","Weak Potion","SkillPotion"],"campfire_rested":3,"item_purchase_floors":[19,22,38,44,53],"current_hp_per_floor":[80,80,80,80,72,67,67,47,47,27,27,29,29,27,51,12,80,76,76,55,55,55,55,35,35,35,35,45,32,38,44,44,16,99,99,99,97,97,88,88,88,85,85,85,89,68,61,61,95,81,119,119,119,87,0],"gold":80,"neow_bonus":"UPGRADE_CARD","is_prod":false,"is_daily":false,"chose_seed":false,"campfire_upgraded":6,"win_rate":0,"timestamp":1555464949,"path_taken":["M","?","M","?","M","M","R","?","T","E","?","?","R","M","R","BOSS","M","$","M","?","$","R","E","R","T","R","M","E","M","M","R","BOSS","M","?","?","$","M","?","R","M","T","?","M","M","M","?","R","BOSS","R","$","E","BOSS"],"build_version":"2019-01-23","purchased_purges":2,"victory":false,"max_hp_per_floor":[80,80,80,80,80,80,80,80,80,80,80,80,80,80,80,80,80,80,80,83,83,83,83,83,83,83,83,87,91,95,99,99,99,99,103,103,103,103,103,103,103,107,107,107,111,115,115,115,115,119,119,119,119,123,123],"card_choices":[{"not_picked":["Burning Pact","Uppercut"],"picked":"Headbutt","floor":1},{"not_picked":["Seeing Red","Dropkick"],"picked":"Battle Trance","floor":3},{"not_picked":["Searing Blow","Blood for Blood"],"picked":"Spot Weakness","floor":4},{"not_picked":["Clothesline","Twin Strike","Warcry"],"picked":"SKIP","floor":5},{"not_picked":["Battle Trance","Body Slam","Searing Blow"],"picked":"SKIP","floor":6},{"not_picked":["Iron Wave","Power Through"],"picked":"Shockwave","floor":10},{"not_picked":["Combust","Iron Wave","Dropkick"],"picked":"SKIP","floor":12},{"not_picked":["Body Slam","Anger","Sword Boomerang"],"picked":"SKIP","floor":14},{"not_picked":["Immolate","Exhume"],"picked":"Feed","floor":16},{"not_picked":["Wild Strike+1","Anger"],"picked":"Disarm","floor":18},{"not_picked":["Sword Boomerang+1","Clothesline+1","Evolve"],"picked":"SKIP","floor":20},{"not_picked":["Impervious","Pummel","Anger"],"picked":"SKIP","floor":24},{"not_picked":["Iron Wave","Havoc+1"],"picked":"Shrug It Off","floor":28},{"not_picked":["Wild Strike+1","Carnage+1","Bludgeon"],"picked":"SKIP","floor":29},{"not_picked":["Carnage","Second Wind+1","Twin Strike"],"picked":"SKIP","floor":30},{"not_picked":["Twin Strike","Headbutt","Evolve"],"picked":"SKIP","floor":31},{"not_picked":["Juggernaut","Feed"],"picked":"Demon Form","floor":33},{"not_picked":["Cleave+1","Entrench+1","Perfected Strike+1"],"picked":"SKIP","floor":35},{"not_picked":["Clothesline+1","Iron Wave","Dark Embrace"],"picked":"SKIP","floor":37},{"not_picked":["Entrench+1","True Grit+1","Armaments+1"],"picked":"SKIP","floor":39},{"not_picked":["Body Slam","Exhume+1","Wild Strike+1"],"picked":"SKIP","floor":42},{"not_picked":["Shockwave+1","Carnage","Reckless Charge"],"picked":"SKIP","floor":45},{"not_picked":["Headbutt+1","Uppercut+1","Thunderclap"],"picked":"SKIP","floor":46},{"not_picked":["Twin Strike+1","Battle Trance+1","Pommel Strike+1"],"picked":"SKIP","floor":47},{"not_picked":["Bandage Up+1","Deep Breath+1"],"picked":"Violence+1","floor":48},{"not_picked":["Warcry+1","Sword Boomerang+1","Flex+1"],"picked":"SKIP","floor":54}],"player_experience":161630,"relics_obtained":[{"floor":9,"key":"Matryoshka"},{"floor":10,"key":"Unceasing Top"},{"floor":24,"key":"Orichalcum"},{"floor":26,"key":"Whetstone"},{"floor":26,"key":"Pantograph"},{"floor":29,"key":"Toxic Egg 2"},{"floor":43,"key":"Juzu Bracelet"},{"floor":54,"key":"Boot"}],"event_choices":[{"damage_healed":0,"gold_gain":0,"player_choice":"Take Damage","damage_taken":20,"relics_obtained":["Golden Idol"],"max_hp_gain":0,"max_hp_loss":0,"event_name":"Golden Idol","floor":8,"gold_loss":0},{"damage_healed":0,"gold_gain":0,"player_choice":"Grow","damage_taken":0,"max_hp_gain":0,"max_hp_loss":0,"event_name":"Living Wall","floor":11,"gold_loss":0,"cards_upgraded":["Shockwave"]},{"cards_removed":["Strike_R"],"damage_healed":0,"gold_gain":0,"player_choice":"Gave Gold","damage_taken":0,"max_hp_gain":0,"max_hp_loss":0,"event_name":"Beggar","floor":21,"gold_loss":75},{"damage_healed":0,"gold_gain":0,"player_choice":"Upgraded","damage_taken":0,"max_hp_gain":0,"max_hp_loss":0,"event_name":"Upgrade Shrine","floor":36,"gold_loss":0,"cards_upgraded":["Demon Form"]},{"damage_healed":0,"gold_gain":0,"player_choice":"Paid","damage_taken":0,"relics_obtained":["Red Mask"],"max_hp_gain":0,"max_hp_loss":0,"event_name":"Tomb of Lord Red Mask","floor":40,"gold_loss":128},{"damage_healed":0,"gold_gain":0,"player_choice":"Memory 1","damage_taken":0,"max_hp_gain":0,"max_hp_loss":0,"event_name":"SensoryStone","floor":48,"gold_loss":0}],"is_beta":false,"boss_relics":[{"not_picked":["Orrery","Cursed Key"],"picked":"Runic Dome"},{"not_picked":["Tiny House","Astrolabe"],"picked":"Fusion Hammer"}],"items_purged_floors":[19,38],"is_endless":false,"potions_floor_spawned":[5,10,14,18,24,30,39],"killed_by":"The Heart","ascension_level":0}