{"gold_per_floor":[114,124,124,46,46,46,75,90,115,115,179,179,199,230,230,304,304,323,323,336,336],"floor_reached":21,"playtime":877,"items_purged":[],"score":494,"play_id":"aed149ea-beed-43f5-ba34-2dbf89fc5bf3","local_time":"20190605081106","is_ascension_mode":true,"campfire_choices":[{"data":"Bash","floor":6,"key":"SMITH"},{"data":"Flame Barrier","floor":10,"key":"SMITH"},{"data":"Carnage","floor":12,"key":"SMITH"},{"data":"Anger","floor":15,"key":"SMITH"}],"neow_cost":"NONE","seed_source_timestamp":1884003556970112,"circlet_count":0,"master_deck":["AscendersBane","Bash+1","Carnage+1","Flame Barrier+1","Anger+1","Reaper","Battle Trance","Headbutt","Demon Form","Demon Form","Sever Soul","Thunderclap","Demon Form","Perfected Strike","Fire Breathing","Entrench","Battle Trance","Pummel","Cleave","Shrug It Off"],"relics":["Burning Blood","NeowsBlessing","Sundial","The Courier","Happy Flower","Tiny Chest","Smiling Mask","Pandora\u0027s Box","Ice Cream"],"potions_floor_usage":[],"damage_taken":[{"damage":0,"enemies":"Cultist","floor":1,"turns":1},{"damage":0,"enemies":"Jaw Worm","floor":2,"turns":1},{"damage":0,"enemies":"Lagavulin","floor":7,"turns":1},{"damage":1,"enemies":"Small Slimes","floor":8,"turns":4},{"damage":8,"enemies":"Gremlin Nob","floor":11,"turns":3},{"damage":6,"enemies":"Looter","floor":13,"turns":2},{"damage":0,"enemies":"Lagavulin","floor":14,"turns":3},{"damage":48,"enemies":"The Guardian","floor":16,"turns":10},{"damage":35,"enemies":"Shell Parasite","floor":18,"turns":3},{"damage":21,"enemies":"Spheric Guardian","floor":20,"turns":4},{"damage":23,"enemies":"Shelled Parasite and Fungi","floor":21,"turns":2}],"seed_played":"38238150237862200","potions_obtained":[{"floor":1,"key":"SpeedPotion"},{"floor":8,"key":"Ancient Potion"}],"is_trial":false,"path_per_floor":["M","M","?","$","T","R","E","M","T","R","E","R","M","E","R","B",null,"M","T","M","M"],"character_chosen":"IRONCLAD","items_purchased":["Flame Barrier"],"campfire_rested":0,"item_purchase_floors":[4],"current_hp_per_floor":[74,75,75,75,75,75,75,75,75,75,73,73,73,75,75,39,66,37,37,32,9],"gold":336,"neow_bonus":"THREE_ENEMY_KILL","is_prod":false,"is_daily":false,"chose_seed":false,"campfire_upgraded":4,"win_rate":0,"timestamp":1559736666,"path_taken":["M","?","?","$","?","R","E","?","T","R","E","R","M","E","R","BOSS","M","?","M","M"],"build_version":"2019-01-23","purchased_purges":0,"victory":false,"max_hp_per_floor":[75,75,75,75,75,75,75,75,75,75,75,75,75,75,75,75,75,75,75,75,75],"card_choices":[{"not_picked":["Carnage","Warcry","Twin Strike"],"picked":"SKIP","floor":1},{"not_picked":["Warcry","Twin Strike"],"picked":"Carnage","floor":1},{"not_picked":["Body Slam","Dropkick","Warcry"],"picked":"SKIP","floor":2},{"not_picked":["Bloodletting","Body Slam","Wild Strike"],"picked":"SKIP","floor":7},{"not_picked":["Intimidate","Heavy Blade"],"picked":"Anger","floor":8},{"not_picked":["Havoc","Burning Pact"],"picked":"Reaper","floor":11},{"not_picked":["Reckless Charge","Iron Wave"],"picked":"Battle Trance","floor":13},{"not_picked":["Second Wind","Thunderclap"],"picked":"Headbutt","floor":14},{"not_picked":["Feed","Juggernaut"],"picked":"Demon Form","floor":16},{"not_picked":["Flame Barrier","Havoc"],"picked":"Cleave","floor":18},{"not_picked":["Thunderclap","Sword Boomerang"],"picked":"Shrug It Off","floor":20}],"player_experience":560916,"relics_obtained":[{"floor":5,"key":"Sundial"},{"floor":7,"key":"The Courier"},{"floor":9,"key":"Happy Flower"},{"floor":11,"key":"Tiny Chest"},{"floor":14,"key":"Smiling Mask"},{"floor":19,"key":"Ice Cream"}],"event_choices":[{"damage_healed":0,"gold_gain":0,"player_choice":"Leave","damage_taken":0,"max_hp_gain":0,"max_hp_loss":0,"event_name":"The Cleric","floor":3,"gold_loss":0}],"is_beta":false,"boss_relics":[{"not_picked":["Runic Pyramid","Orrery"],"picked":"Pandora\u0027s Box"}],"items_purged_floors":[],"is_endless":false,"potions_floor_spawned":[1,8,13,18],"killed_by":"Shelled Parasite and Fungi","ascension_level":20}