{"gold_per_floor":[112,187,187,200,52,83,83,104,104,24,59,59,59,82,82,203,203,221,244,369,319,338,338,372,396,423,466,118,162,162,180,180,180],"floor_reached":33,"playtime":1491,"items_purged":["Defend_R","Defend_R","Defend_R+1"],"score":479,"play_id":"832f84ba-d10d-423b-9c39-f93072d8b97d","local_time":"20181105200138","is_ascension_mode":true,"campfire_choices":[{"data":"Perfected Strike","floor":7,"key":"SMITH"},{"data":"Flex","floor":12,"key":"SMITH"},{"data":"Bash","floor":15,"key":"SMITH"},{"floor":23,"key":"REST"},{"floor":32,"key":"REST"}],"neow_cost":"NONE","seed_source_timestamp":7486757252824,"circlet_count":0,"master_deck":["Strike_R","Strike_R","Strike_R","Strike_R","Strike_R","Defend_R+1","Bash+1","Perfected Strike+1","Pommel Strike","Pommel Strike","Flex+1","Clash","Twin Strike","Wild Strike","Double Tap","Pommel Strike","Clash","Pommel Strike","Pommel Strike","Twin Strike","Clash"],"relics":["Black Blood","Golden Idol","The Courier","Red Skull","Gambling Chip","StoneCalendar","Gremlin Horn","Unceasing Top","Anchor","Dream Catcher","Lantern","War Paint","Art of War"],"potions_floor_usage":[6,11,16,20,29,33,33,33],"damage_taken":[{"damage":4,"enemies":"Jaw Worm","floor":1,"turns":4},{"damage":0,"enemies":"2 Louse","floor":4,"turns":2},{"damage":15,"enemies":"Lagavulin","floor":6,"turns":5},{"damage":0,"enemies":"Cultist","floor":8,"turns":2},{"damage":0,"enemies":"Gremlin Nob","floor":11,"turns":2},{"damage":0,"enemies":"Lots of Slimes","floor":14,"turns":2},{"damage":12,"enemies":"Slime Boss","floor":16,"turns":6},{"damage":21,"enemies":"Shell Parasite","floor":18,"turns":3},{"damage":25,"enemies":"3 Byrds","floor":19,"turns":4},{"damage":11,"enemies":"Colosseum Slavers","floor":20,"turns":3},{"damage":23,"enemies":"Colosseum Nobs","floor":20,"turns":4},{"damage":24,"enemies":"Snake Plant","floor":22,"turns":2},{"damage":20,"enemies":"Gremlin Leader","floor":24,"turns":2},{"damage":14,"enemies":"Shelled Parasite and Fungi","floor":25,"turns":3},{"damage":23,"enemies":"Book of Stabbing","floor":27,"turns":3},{"damage":0,"enemies":"Slavers","floor":29,"turns":2},{"damage":2,"enemies":"Cultist and Chosen","floor":31,"turns":2},{"damage":94,"enemies":"Automaton","floor":33,"turns":6}],"seed_played":"5542387039621165672","potions_obtained":[{"floor":4,"key":"Fire Potion"},{"floor":6,"key":"Energy Potion"},{"floor":8,"key":"SkillPotion"},{"floor":11,"key":"Ancient Potion"},{"floor":19,"key":"Block Potion"},{"floor":24,"key":"Swift Potion"},{"floor":25,"key":"Swift Potion"},{"floor":31,"key":"EssenceOfSteel"}],"is_trial":false,"path_per_floor":["M","?","?","M","$","E","R","M","T","$","E","R","$","M","R","B",null,"M","M","?","?","M","R","E","M","T","E","$","E","?","M","R","B"],"character_chosen":"IRONCLAD","items_purchased":["Pommel Strike","Flex","Lantern","War Paint"],"campfire_rested":2,"item_purchase_floors":[5,5,28,28],"current_hp_per_floor":[88,77,55,61,61,52,52,58,58,58,64,64,64,70,70,64,82,71,56,42,42,28,54,44,40,40,27,27,37,37,45,71,0],"gold":180,"neow_bonus":"TEN_PERCENT_HP_BONUS","is_prod":false,"is_daily":false,"chose_seed":false,"campfire_upgraded":3,"win_rate":0,"timestamp":1541473298,"path_taken":["M","?","?","M","?","E","R","?","T","?","E","R","?","M","R","BOSS","M","M","?","?","?","R","E","M","T","E","?","E","?","M","R","BOSS"],"build_version":"2018-11-01","purchased_purges":3,"victory":false,"max_hp_per_floor":[88,88,88,88,88,88,88,88,88,88,88,88,88,88,88,88,88,88,88,88,88,88,88,88,88,88,88,88,88,88,88,88,88],"card_choices":[{"not_picked":["Headbutt","Pommel Strike"],"picked":"Perfected Strike","floor":1},{"not_picked":["Feel No Pain","Flame Barrier"],"picked":"Pommel Strike","floor":4},{"not_picked":["Headbutt","Spot Weakness"],"picked":"Clash","floor":6},{"not_picked":["Thunderclap","Shockwave"],"picked":"Twin Strike","floor":8},{"not_picked":["Warcry","True Grit","Whirlwind"],"picked":"SKIP","floor":11},{"not_picked":["Corruption","Dropkick"],"picked":"Wild Strike","floor":14},{"not_picked":["Fiend Fire","Juggernaut"],"picked":"Double Tap","floor":16},{"not_picked":["True Grit","Rampage"],"picked":"Pommel Strike","floor":18},{"not_picked":["Corruption","Hemokinesis+1"],"picked":"Clash","floor":19},{"not_picked":["Spot Weakness+1","Dual Wield","Entrench"],"picked":"SKIP","floor":22},{"not_picked":["Thunderclap","Ghostly Armor","Inflame"],"picked":"SKIP","floor":24},{"not_picked":["Body Slam+1","True Grit+1"],"picked":"Pommel Strike","floor":25},{"not_picked":["Combust","Flame Barrier+1"],"picked":"Pommel Strike","floor":27},{"not_picked":["Heavy Blade","Sentinel"],"picked":"Twin Strike","floor":29},{"not_picked":["Brutality","Rage","Uppercut"],"picked":"SKIP","floor":31},{"not_picked":["Rupture+1","Searing Blow"],"picked":"Clash","floor":32}],"player_experience":234571,"relics_obtained":[{"floor":6,"key":"The Courier"},{"floor":9,"key":"Red Skull"},{"floor":11,"key":"Gambling Chip"},{"floor":20,"key":"StoneCalendar"},{"floor":20,"key":"Gremlin Horn"},{"floor":24,"key":"Unceasing Top"},{"floor":26,"key":"Anchor"},{"floor":27,"key":"Dream Catcher"},{"floor":29,"key":"Art of War"}],"event_choices":[{"damage_healed":0,"gold_gain":75,"player_choice":"Gather Gold","damage_taken":11,"max_hp_gain":0,"max_hp_loss":0,"event_name":"World of Goop","floor":2,"gold_loss":0},{"damage_healed":0,"gold_gain":0,"player_choice":"Take Damage","damage_taken":22,"relics_obtained":["Golden Idol"],"max_hp_gain":0,"max_hp_loss":0,"event_name":"Golden Idol","floor":3,"gold_loss":0},{"damage_healed":0,"gold_gain":0,"player_choice":"Fight","damage_taken":0,"max_hp_gain":0,"max_hp_loss":0,"event_name":"Colosseum","floor":20,"gold_loss":0},{"damage_healed":0,"gold_gain":0,"player_choice":"Fought Nobs","damage_taken":0,"max_hp_gain":0,"max_hp_loss":0,"event_name":"Colosseum","floor":20,"gold_loss":0},{"damage_healed":0,"gold_gain":0,"player_choice":"Bet on Murderer","damage_taken":0,"max_hp_gain":0,"max_hp_loss":0,"event_name":"The Joust","floor":21,"gold_loss":50},{"damage_healed":0,"gold_gain":0,"player_choice":"Ignored","damage_taken":0,"max_hp_gain":0,"max_hp_loss":0,"event_name":"Ghosts","floor":30,"gold_loss":0}],"is_beta":false,"boss_relics":[{"not_picked":["Calling Bell","Ectoplasm"],"picked":"Black Blood"}],"items_purged_floors":[5,10,28],"is_endless":false,"potions_floor_spawned":[4,6,8,11,19,20,24,25,31],"killed_by":"Automaton","ascension_level":5}