{"gold_per_floor":[124,153,165,196,218,230,192,215,281,305,317,343,355,387,399,411],"floor_reached":16,"playtime":962,"items_purged":[],"score":96,"play_id":"19dc7ae5-907a-43e3-84ac-90d190c9c02f","local_time":"20190526182929","is_ascension_mode":false,"campfire_choices":[{"data":"Bash","floor":6,"key":"SMITH"},{"data":"Shrug It Off","floor":11,"key":"SMITH"},{"data":"Headbutt","floor":13,"key":"SMITH"},{"data":"Spot Weakness","floor":15,"key":"SMITH"}],"neow_cost":"NONE","seed_source_timestamp":928307771758100,"circlet_count":0,"master_deck":["Strike_R","Strike_R","Strike_R","Defend_R","Defend_R","Defend_R","Defend_R","Bash+1","Iron Wave","Headbutt+1","Spot Weakness+1","Shrug It Off+1"],"relics":["Burning Blood","MawBank","Tiny Chest"],"potions_floor_usage":[],"damage_taken":[{"damage":5,"enemies":"Cultist","floor":1,"turns":4},{"damage":5,"enemies":"Small Slimes","floor":2,"turns":4},{"damage":1,"enemies":"Jaw Worm","floor":4,"turns":4},{"damage":10,"enemies":"3 Louse","floor":5,"turns":4},{"damage":10,"enemies":"Exordium Wildlife","floor":8,"turns":5},{"damage":23,"enemies":"Large Slime","floor":10,"turns":5},{"damage":0,"enemies":"Looter","floor":12,"turns":4},{"damage":9,"enemies":"3 Louse","floor":14,"turns":3},{"damage":61,"enemies":"Hexaghost","floor":16,"turns":7}],"seed_played":"-2782262695789076026","potions_obtained":[{"floor":4,"key":"FairyPotion"},{"floor":5,"key":"FearPotion"},{"floor":12,"key":"Weak Potion"}],"is_trial":false,"path_per_floor":["M","M","?","M","M","R","?","M","T","M","R","M","R","M","R","B"],"character_chosen":"IRONCLAD","items_purchased":[],"campfire_rested":0,"item_purchase_floors":[],"current_hp_per_floor":[80,80,80,80,76,76,76,72,72,55,55,61,61,58,58,0],"gold":411,"neow_bonus":"RANDOM_COMMON_RELIC","is_prod":false,"is_daily":false,"chose_seed":false,"campfire_upgraded":4,"win_rate":0,"timestamp":1558909769,"path_taken":["M","M","?","?","M","R","?","M","T","M","R","M","R","M","R","BOSS"],"build_version":"2019-01-23","purchased_purges":0,"victory":false,"max_hp_per_floor":[80,80,80,80,80,80,80,80,80,80,80,80,80,80,80,80],"card_choices":[{"not_picked":["Twin Strike","Reckless Charge","Entrench"],"picked":"SKIP","floor":1},{"not_picked":["Heavy Blade","Anger"],"picked":"Iron Wave","floor":2},{"not_picked":["Clash","Thunderclap","Uppercut"],"picked":"SKIP","floor":4},{"not_picked":["Infernal Blade","Pommel Strike"],"picked":"Headbutt","floor":5},{"not_picked":["Rupture","Uppercut"],"picked":"Spot Weakness","floor":8},{"not_picked":["Armaments","Bloodletting"],"picked":"Shrug It Off","floor":10},{"not_picked":["Flame Barrier","Inflame","Burning Pact"],"picked":"SKIP","floor":12},{"not_picked":["Armaments","Wild Strike","Dropkick"],"picked":"SKIP","floor":14}],"player_experience":930991,"relics_obtained":[{"floor":9,"key":"Tiny Chest"}],"event_choices":[{"cards_removed":["Strike_R"],"damage_healed":0,"gold_gain":0,"player_choice":"Purged","damage_taken":0,"max_hp_gain":0,"max_hp_loss":0,"event_name":"Purifier","floor":3,"gold_loss":0},{"cards_removed":["Strike_R"],"damage_healed":0,"gold_gain":0,"player_choice":"Card Removal","damage_taken":0,"max_hp_gain":0,"max_hp_loss":0,"event_name":"The Cleric","floor":7,"gold_loss":50}],"is_beta":false,"boss_relics":[],"items_purged_floors":[],"is_endless":false,"potions_floor_spawned":[4,5,12],"killed_by":"Hexaghost","ascension_level":0}