{"gold_per_floor":[114,114,130,141,152,152,164,164,164,181,181,196,196,212,212,212],"floor_reached":16,"playtime":2987,"items_purged":[],"score":96,"play_id":"1dcbc2d1-55de-4def-b4bd-ddd2fc9ef4c1","local_time":"20190604210158","is_ascension_mode":false,"campfire_choices":[{"data":"Neutralize","floor":6,"key":"SMITH"},{"data":"Footwork","floor":11,"key":"SMITH"},{"data":"Footwork","floor":13,"key":"SMITH"},{"data":"Dagger Spray","floor":15,"key":"SMITH"}],"neow_cost":"NONE","seed_source_timestamp":1713061482632700,"circlet_count":0,"master_deck":["Defend_G","Defend_G","Defend_G","Defend_G","Defend_G","Strike_G","Strike_G","Strike_G","Strike_G","Survivor","Neutralize+1","Dagger Spray+1","Cloak And Dagger","Flying Knee","Leg Sweep","Footwork+1","Footwork+1","Cloak And Dagger"],"relics":["Philosopher\u0027s Stone"],"potions_floor_usage":[14,16],"damage_taken":[{"damage":0,"enemies":"2 Louse","floor":1,"turns":3},{"damage":3,"enemies":"Small Slimes","floor":3,"turns":6},{"damage":0,"enemies":"Cultist","floor":4,"turns":4},{"damage":1,"enemies":"Exordium Wildlife","floor":5,"turns":5},{"damage":0,"enemies":"Large Slime","floor":7,"turns":6},{"damage":0,"enemies":"2 Fungi Beasts","floor":10,"turns":4},{"damage":0,"enemies":"Blue Slaver","floor":12,"turns":5},{"damage":2,"enemies":"3 Louse","floor":14,"turns":4},{"damage":61,"enemies":"Hexaghost","floor":16,"turns":16}],"seed_played":"3131726353358975444","potions_obtained":[{"floor":4,"key":"Block Potion"},{"floor":5,"key":"SmokeBomb"},{"floor":10,"key":"AttackPotion"}],"is_trial":false,"path_per_floor":["M","?","M","M","M","R","M","?","T","M","R","M","R","M","R","B"],"character_chosen":"THE_SILENT","items_purchased":[],"campfire_rested":0,"item_purchase_floors":[],"current_hp_per_floor":[70,63,60,60,59,59,59,59,59,59,59,59,59,57,57,0],"gold":212,"neow_bonus":"BOSS_RELIC","is_prod":false,"is_daily":false,"chose_seed":false,"campfire_upgraded":4,"win_rate":0,"timestamp":1559696518,"path_taken":["M","?","M","M","M","R","M","?","T","M","R","M","R","M","R","BOSS"],"build_version":"2019-01-23","purchased_purges":0,"victory":false,"max_hp_per_floor":[70,70,70,70,70,70,70,70,70,70,70,70,70,70,70,70],"card_choices":[{"not_picked":["Deadly Poison","Backstab"],"picked":"Dagger Spray","floor":1},{"not_picked":["Sucker Punch","Prepared"],"picked":"Cloak And Dagger","floor":3},{"not_picked":["Underhanded Strike","Heel Hook"],"picked":"Flying Knee","floor":4},{"not_picked":["Dash","Endless Agony"],"picked":"Leg Sweep","floor":5},{"not_picked":["Catalyst","Finisher"],"picked":"Footwork","floor":7},{"not_picked":["Acrobatics","Terror"],"picked":"Footwork","floor":10},{"not_picked":["Flying Knee","Underhanded Strike","Choke"],"picked":"SKIP","floor":12},{"not_picked":["Deflect","Quick Slash"],"picked":"Cloak And Dagger","floor":14}],"player_experience":1109493,"relics_obtained":[],"event_choices":[{"cards_removed":["Strike_G"],"damage_healed":0,"gold_gain":0,"player_choice":"Card Removal","damage_taken":7,"max_hp_gain":0,"max_hp_loss":0,"event_name":"Golden Wing","floor":2,"gold_loss":0},{"damage_healed":0,"gold_gain":0,"player_choice":"Ignored","damage_taken":0,"max_hp_gain":0,"max_hp_loss":0,"event_name":"WeMeetAgain","floor":8,"gold_loss":0}],"is_beta":false,"boss_relics":[],"items_purged_floors":[],"is_endless":false,"potions_floor_spawned":[4,5,10],"killed_by":"Hexaghost","ascension_level":0}