{"gold_per_floor":[117,128,145,162,180,180,208,224,224,224,224,114,114,142,142,239,239,209],"floor_reached":18,"playtime":33790,"items_purged":["Decay"],"score":172,"play_id":"1beb04bc-4a95-473b-bc36-169021142b7b","local_time":"20190602180856","is_ascension_mode":false,"campfire_choices":[{"data":"Neutralize","floor":6,"key":"SMITH"},{"data":"Cloak And Dagger","floor":10,"key":"SMITH"},{"data":"Accuracy","floor":13,"key":"SMITH"},{"data":"Venomology","floor":15,"key":"SMITH"}],"neow_cost":"NONE","seed_source_timestamp":1462459234384400,"circlet_count":0,"master_deck":["Defend_G","Defend_G","Defend_G","Defend_G","Defend_G","Strike_G","Strike_G","Strike_G","Strike_G","Strike_G","Survivor","Neutralize+1","Cloak And Dagger+1","Flying Knee","Blur","Escape Plan","Backflip","Caltrops","Accuracy+1","Venomology+1","Burst"],"relics":["Ring of the Snake","NeowsBlessing","Torii","Bag of Preparation","Gambling Chip","Coffee Dripper"],"potions_floor_usage":[7,8,14,16,16],"damage_taken":[{"damage":0,"enemies":"Jaw Worm","floor":1,"turns":1},{"damage":0,"enemies":"Cultist","floor":2,"turns":1},{"damage":0,"enemies":"2 Louse","floor":3,"turns":1},{"damage":0,"enemies":"Red Slaver","floor":4,"turns":4},{"damage":5,"enemies":"Lots of Slimes","floor":5,"turns":7},{"damage":3,"enemies":"3 Sentries","floor":7,"turns":12},{"damage":2,"enemies":"Gremlin Gang","floor":8,"turns":4},{"damage":21,"enemies":"Gremlin Nob","floor":14,"turns":4},{"damage":29,"enemies":"Slime Boss","floor":16,"turns":19},{"damage":1,"enemies":"2 Thieves","floor":18,"turns":2}],"seed_played":"-3895596018398867400","potions_obtained":[{"floor":1,"key":"SkillPotion"},{"floor":5,"key":"Strength Potion"},{"floor":7,"key":"AttackPotion"},{"floor":14,"key":"SpeedPotion"}],"is_trial":false,"path_per_floor":["M","M","M","M","M","R","E","M","T","R","?","$","R","E","R","B",null,"M"],"character_chosen":"THE_SILENT","items_purchased":["Accuracy"],"campfire_rested":0,"item_purchase_floors":[12],"current_hp_per_floor":[70,70,70,70,65,65,62,60,60,60,60,60,60,39,39,10,70,69],"gold":209,"neow_bonus":"THREE_ENEMY_KILL","is_prod":false,"is_daily":false,"chose_seed":false,"campfire_upgraded":4,"win_rate":0,"timestamp":1559513336,"path_taken":["M","M","M","M","M","R","E","M","T","R","?","$","R","E","R","BOSS","M"],"build_version":"2019-01-23","purchased_purges":1,"victory":false,"max_hp_per_floor":[70,70,70,70,70,70,70,70,70,70,70,70,70,70,70,70,70,70],"card_choices":[{"not_picked":["Calculated Gamble","Sucker Punch"],"picked":"Cloak And Dagger","floor":1},{"not_picked":["Choke","Deflect"],"picked":"Flying Knee","floor":2},{"not_picked":["PiercingWail","Dodge and Roll"],"picked":"Blur","floor":3},{"not_picked":["Prepared","Skewer"],"picked":"Escape Plan","floor":4},{"not_picked":["Bane","Dagger Throw"],"picked":"Backflip","floor":5},{"not_picked":["Tactician","Terror"],"picked":"Caltrops","floor":7},{"not_picked":["Expertise","Acrobatics","Dagger Throw"],"picked":"SKIP","floor":8},{"not_picked":["Prepared","Dodge and Roll"],"picked":"Venomology","floor":14},{"not_picked":["Venomology","Die Die Die"],"picked":"Burst","floor":16}],"player_experience":1007735,"relics_obtained":[{"floor":7,"key":"Torii"},{"floor":9,"key":"Bag of Preparation"},{"floor":14,"key":"Gambling Chip"}],"event_choices":[{"damage_healed":0,"gold_gain":0,"player_choice":"Cursed","damage_taken":0,"max_hp_gain":0,"max_hp_loss":0,"event_name":"Wheel of Change","floor":11,"gold_loss":0,"cards_obtained":["Decay"]}],"is_beta":false,"boss_relics":[{"not_picked":["Ring of the Serpent","Pandora\u0027s Box"],"picked":"Coffee Dripper"}],"items_purged_floors":[12],"is_endless":false,"potions_floor_spawned":[1,5,7,14],"killed_by":"2 Thieves","ascension_level":0}