{"gold_per_floor":[112,287,362,0,13,13,38,51,51,13,13,38,51,51,51,51],"floor_reached":16,"playtime":1044,"items_purged":[],"score":98,"play_id":"e846698b-707b-49ce-8b9c-cbcf16b47466","local_time":"20181031030039","is_ascension_mode":false,"campfire_choices":[{"data":"Poisoned Stab","floor":6,"key":"SMITH"},{"floor":11,"key":"REST"},{"floor":15,"key":"REST"}],"neow_cost":"NONE","seed_source_timestamp":34147344473473,"circlet_count":0,"master_deck":["Defend_G","Defend_G","Defend_G","Defend_G","Defend_G","Strike_G","Strike_G","Strike_G","Strike_G","Strike_G","Survivor","Neutralize","Poisoned Stab+1","Doubt","Bane","Footwork","Footwork"],"relics":["Ring of the Snake","Blood Vial","HandDrill","Bottled Flame","Orichalcum","Odd Mushroom"],"potions_floor_usage":[7,16,16],"damage_taken":[{"damage":1,"enemies":"Cultist","floor":1,"turns":4},{"damage":2,"enemies":"Jaw Worm","floor":5,"turns":4},{"damage":61,"enemies":"3 Sentries","floor":7,"turns":15},{"damage":5,"enemies":"Small Slimes","floor":8,"turns":3},{"damage":12,"enemies":"The Mushroom Lair","floor":12,"turns":6},{"damage":1,"enemies":"3 Louse","floor":13,"turns":6},{"damage":57,"enemies":"Hexaghost","floor":16,"turns":16}],"seed_played":"5083965434920674279","potions_obtained":[{"floor":5,"key":"Regen Potion"},{"floor":7,"key":"SpeedPotion"},{"floor":8,"key":"GhostInAJar"}],"is_trial":false,"path_per_floor":["M","?","?","$","M","R","E","M","T","$","R","?","M","?","R"],"character_chosen":"THE_SILENT","items_purchased":["Blood Vial","HandDrill","Footwork"],"campfire_rested":2,"item_purchase_floors":[4,4,10],"current_hp_per_floor":[76,76,65,65,65,65,21,18,18,18,41,31,32,32,55,0],"gold":51,"neow_bonus":"TEN_PERCENT_HP_BONUS","is_prod":false,"is_daily":false,"chose_seed":false,"campfire_upgraded":1,"win_rate":0,"timestamp":1540944039,"path_taken":["M","?","?","$","M","R","E","M","T","?","R","?","M","?","R","BOSS"],"build_version":"2018-10-25v2","purchased_purges":0,"victory":false,"max_hp_per_floor":[77,77,77,77,77,77,77,77,77,77,77,77,77,77,77,77],"card_choices":[{"not_picked":["Dagger Throw","Quick Slash"],"picked":"Poisoned Stab","floor":1},{"not_picked":["Flying Knee","Expertise","Skewer"],"picked":"SKIP","floor":5},{"not_picked":["Deflect","Accuracy"],"picked":"Bane","floor":7},{"not_picked":["Cloak And Dagger","Dagger Spray","Dash"],"picked":"SKIP","floor":8},{"not_picked":["Endless Agony","PiercingWail"],"picked":"Footwork","floor":12},{"not_picked":["Prepared","Cloak And Dagger","All Out Attack"],"picked":"SKIP","floor":13}],"player_experience":237152,"relics_obtained":[{"floor":7,"key":"Bottled Flame"},{"floor":9,"key":"Orichalcum"},{"floor":12,"key":"Odd Mushroom"}],"event_choices":[{"damage_healed":0,"gold_gain":175,"player_choice":"AGREE","damage_taken":0,"max_hp_gain":0,"max_hp_loss":0,"event_name":"Liars Game","floor":2,"gold_loss":0,"cards_obtained":["Doubt"]},{"damage_healed":0,"gold_gain":75,"player_choice":"Gather Gold","damage_taken":11,"max_hp_gain":0,"max_hp_loss":0,"event_name":"World of Goop","floor":3,"gold_loss":0},{"damage_healed":0,"gold_gain":0,"player_choice":"Fought Mushrooms","damage_taken":0,"max_hp_gain":0,"max_hp_loss":0,"event_name":"Mushrooms","floor":12,"gold_loss":0},{"damage_healed":0,"gold_gain":0,"player_choice":"Ignored","damage_taken":0,"max_hp_gain":0,"max_hp_loss":0,"event_name":"Golden Idol","floor":14,"gold_loss":0}],"is_beta":false,"boss_relics":[],"items_purged_floors":[],"is_endless":false,"potions_floor_spawned":[5,7,8],"killed_by":"Hexaghost","ascension_level":0}