{"gold_per_floor":[109,120,134,134,158,194,194,232,232,257,297,297,268,283,283,409,472,486,486,62,76,88,88,119,132,159,159,159,159,175,209,209,311,311,325,335,335,335,335,335],"floor_reached":40,"playtime":1891,"items_purged":[],"score":520,"play_id":"07595331-3b23-49f6-8ded-87cd0ec7ed18","local_time":"20190412201412","is_ascension_mode":true,"campfire_choices":[{"data":"Pommel Strike","floor":7,"key":"SMITH"},{"data":"Armaments","floor":12,"key":"SMITH"},{"data":"Uppercut","floor":15,"key":"SMITH"},{"data":"Demon Form","floor":23,"key":"SMITH"},{"data":"Deep Breath","floor":29,"key":"SMITH"},{"data":"Pommel Strike","floor":32,"key":"SMITH"}],"neow_cost":"NONE","seed_source_timestamp":65491013199748,"circlet_count":0,"master_deck":["Strike_R+1","Strike_R","Strike_R","Strike_R","Strike_R+1","Defend_R","Defend_R","Defend_R","Defend_R","Bash+1","Twin Strike","Perfected Strike","Uppercut+1","Pommel Strike+1","Thunderclap","Armaments+1","Wild Strike","Feel No Pain","Flex","Brutality+1","Pommel Strike+1","Infernal Blade","Secret Weapon","Metallicize","Infernal Blade","Perfected Strike+1","Demon Form+1","Deep Breath+1","Reaper","Perfected Strike+1","Discovery"],"relics":["Burning Blood","Bloody Idol","Singing Bowl","Whetstone","Orichalcum","Mummified Hand","Tiny House","Bag of Marbles","Nunchaku","Ornamental Fan","Pear","Black Star"],"potions_floor_usage":[5,6,8,11,22,22,31,36,36,36],"damage_taken":[{"damage":6,"enemies":"Cultist","floor":1,"turns":3},{"damage":2,"enemies":"2 Louse","floor":2,"turns":3},{"damage":10,"enemies":"Small Slimes","floor":3,"turns":2},{"damage":10,"enemies":"Looter","floor":5,"turns":3},{"damage":14,"enemies":"Gremlin Nob","floor":6,"turns":3},{"damage":9,"enemies":"Lagavulin","floor":8,"turns":5},{"damage":2,"enemies":"3 Louse","floor":10,"turns":3},{"damage":17,"enemies":"3 Sentries","floor":11,"turns":7},{"damage":3,"enemies":"Lots of Slimes","floor":14,"turns":4},{"damage":20,"enemies":"Slime Boss","floor":16,"turns":9},{"damage":6,"enemies":"Chosen","floor":18,"turns":3},{"damage":1,"enemies":"Spheric Guardian","floor":21,"turns":2},{"damage":31,"enemies":"Shelled Parasite and Fungi","floor":22,"turns":4},{"damage":1,"enemies":"Gremlin Leader","floor":24,"turns":2},{"damage":1,"enemies":"Snake Plant","floor":25,"turns":2},{"damage":5,"enemies":"Cultist and Chosen","floor":30,"turns":4},{"damage":15,"enemies":"Slavers","floor":31,"turns":4},{"damage":56,"enemies":"Automaton","floor":33,"turns":8},{"damage":13,"enemies":"Orb Walker","floor":35,"turns":3},{"damage":60,"enemies":"3 Darklings","floor":36,"turns":11},{"damage":70,"enemies":"Giant Head","floor":40,"turns":7}],"seed_played":"-3625728358905902736","potions_obtained":[{"floor":2,"key":"Regen Potion"},{"floor":5,"key":"Regen Potion"},{"floor":6,"key":"Block Potion"},{"floor":8,"key":"Fire Potion"},{"floor":16,"key":"Weak Potion"},{"floor":17,"key":"Regen Potion"},{"floor":30,"key":"PowerPotion"},{"floor":31,"key":"BloodPotion"},{"floor":33,"key":"Poison Potion"},{"floor":35,"key":"Poison Potion"}],"is_trial":false,"path_per_floor":["M","M","M","?","M","E","R","E","T","M","E","R","?","M","R","B",null,"M","?","$","M","M","R","E","M","T","?","?","R","M","E","R","B",null,"M","M","?","?","?","E"],"character_chosen":"IRONCLAD","items_purchased":["Bag of Marbles","Secret Weapon","Metallicize","Infernal Blade"],"campfire_rested":0,"item_purchase_floors":[20,20,20,20],"current_hp_per_floor":[80,80,76,56,61,58,58,55,55,59,48,48,48,51,51,37,85,85,85,85,85,74,74,86,89,89,89,73,73,79,93,93,85,101,101,70,70,70,70,0],"gold":335,"neow_bonus":"UPGRADE_CARD","is_prod":false,"is_daily":false,"chose_seed":false,"campfire_upgraded":6,"win_rate":0,"timestamp":1555114452,"path_taken":["M","?","M","?","M","E","R","E","T","M","E","R","?","M","R","BOSS","M","?","$","M","M","R","E","M","T","?","?","R","?","E","R","BOSS","M","M","?","?","?","E"],"build_version":"2019-01-23","purchased_purges":0,"victory":false,"max_hp_per_floor":[80,80,80,80,80,80,80,80,80,80,80,80,80,80,80,80,85,85,85,85,85,85,85,87,89,89,89,89,89,89,99,99,101,101,103,105,105,105,105,105],"card_choices":[{"not_picked":["Anger","Heavy Blade"],"picked":"Twin Strike","floor":1},{"not_picked":["Fiend Fire","Thunderclap"],"picked":"Perfected Strike","floor":2},{"not_picked":["Whirlwind","Cleave"],"picked":"Uppercut","floor":3},{"not_picked":["Thunderclap","Armaments"],"picked":"Pommel Strike","floor":5},{"not_picked":["Anger","Berserk"],"picked":"Thunderclap","floor":6},{"not_picked":["Rage","Rampage"],"picked":"Armaments","floor":8},{"not_picked":["Body Slam","True Grit"],"picked":"Wild Strike","floor":10},{"not_picked":["Headbutt","Wild Strike"],"picked":"Feel No Pain","floor":11},{"not_picked":["Heavy Blade","Rupture"],"picked":"Flex","floor":14},{"not_picked":["Exhume","Barricade"],"picked":"Brutality","floor":16},{"not_picked":["Spot Weakness","True Grit"],"picked":"Pommel Strike","floor":17},{"not_picked":["Havoc","Seeing Red"],"picked":"Infernal Blade","floor":18},{"not_picked":["Wild Strike","Body Slam"],"picked":"Perfected Strike+1","floor":21},{"not_picked":["Battle Trance","Heavy Blade"],"picked":"Demon Form","floor":22},{"not_picked":["Warcry+1","Cleave","True Grit"],"picked":"Singing Bowl","floor":24},{"not_picked":["Power Through","Headbutt","Heavy Blade"],"picked":"Singing Bowl","floor":25},{"not_picked":["Sword Boomerang+1","Iron Wave"],"picked":"Reaper","floor":30},{"not_picked":["Infernal Blade","Iron Wave+1"],"picked":"Perfected Strike+1","floor":31},{"not_picked":["Double Tap","Fiend Fire","Impervious"],"picked":"Singing Bowl","floor":33},{"not_picked":["Armaments","Body Slam+1","Twin Strike+1"],"picked":"Singing Bowl","floor":35},{"not_picked":["Dual Wield","Wild Strike","Body Slam+1"],"picked":"Singing Bowl","floor":36},{"not_picked":["Impatience","Jack Of All Trades"],"picked":"Discovery","floor":37}],"player_experience":129702,"relics_obtained":[{"floor":6,"key":"Singing Bowl"},{"floor":8,"key":"Whetstone"},{"floor":9,"key":"Orichalcum"},{"floor":11,"key":"Mummified Hand"},{"floor":24,"key":"Nunchaku"},{"floor":31,"key":"Pear"}],"event_choices":[{"damage_healed":0,"gold_gain":0,"player_choice":"Take Damage","damage_taken":20,"relics_obtained":["Golden Idol"],"max_hp_gain":0,"max_hp_loss":0,"event_name":"Golden Idol","floor":4,"gold_loss":0},{"damage_healed":0,"gold_gain":0,"player_choice":"Left Gold","damage_taken":0,"max_hp_gain":0,"max_hp_loss":0,"event_name":"World of Goop","floor":13,"gold_loss":29},{"damage_healed":0,"gold_gain":0,"player_choice":"Gave Idol","damage_taken":0,"relics_obtained":["Bloody Idol"],"max_hp_gain":0,"max_hp_loss":0,"event_name":"Forgotten Altar","floor":19,"relics_lost":["Golden Idol"],"gold_loss":0},{"damage_healed":0,"gold_gain":0,"player_choice":"Opened","damage_taken":0,"relics_obtained":["Ornamental Fan"],"max_hp_gain":0,"max_hp_loss":0,"event_name":"The Mausoleum","floor":27,"gold_loss":0},{"damage_healed":0,"gold_gain":0,"player_choice":"CARD ","damage_taken":16,"max_hp_gain":0,"max_hp_loss":0,"event_name":"Knowing Skull","floor":28,"potions_obtained":[],"gold_loss":0,"cards_obtained":["Deep Breath"]},{"damage_healed":0,"gold_gain":0,"player_choice":"Memory 1","damage_taken":0,"max_hp_gain":0,"max_hp_loss":0,"event_name":"SensoryStone","floor":37,"gold_loss":0},{"damage_healed":0,"gold_gain":0,"player_choice":"Ignored","damage_taken":0,"max_hp_gain":0,"max_hp_loss":0,"event_name":"Tomb of Lord Red Mask","floor":38,"gold_loss":0},{"damage_healed":0,"gold_gain":0,"player_choice":"Ignored","damage_taken":0,"max_hp_gain":0,"max_hp_loss":0,"event_name":"Purifier","floor":39,"gold_loss":0}],"is_beta":false,"boss_relics":[{"not_picked":["Runic Pyramid","Ectoplasm"],"picked":"Tiny House"},{"not_picked":["Astrolabe","Eternal Feather"],"picked":"Black Star"}],"items_purged_floors":[],"is_endless":false,"potions_floor_spawned":[2,5,6,8,16,30,31,33,35],"killed_by":"Giant Head","ascension_level":1}