{"gold_per_floor":[110,110,110,110,10,48,64,99,99,99,114,138,159,132,132,261,261,276,290,140,154,6,49,49,49,49,49,72,90,108,108,108,108],"floor_reached":33,"playtime":1490,"items_purged":["Bash","Strike_R"],"score":302,"play_id":"7d436d3f-2b4f-491d-b145-a3c6d44e4938","local_time":"20190609003032","is_ascension_mode":false,"campfire_choices":[{"data":"Body Slam","floor":15,"key":"SMITH"},{"floor":27,"key":"REST"},{"floor":32,"key":"REST"}],"neow_cost":"NONE","seed_source_timestamp":47775759352272,"circlet_count":0,"master_deck":["Strike_R+1","Strike_R+1","Strike_R","Strike_R","Defend_R","Defend_R","Defend_R","Defend_R","Body Slam+1","Cleave","Warcry","True Grit+1","Headbutt","Iron Wave","True Grit","Sword Boomerang+1","Pommel Strike","Anger+1","Armaments+1"],"relics":["Burning Blood","NeowsBlessing","Golden Idol","Darkstone Periapt","Letter Opener","Shuriken","Sozu","Blood Vial","Oddly Smooth Stone","Vajra","Frozen Egg 2"],"potions_floor_usage":[8,13,23],"damage_taken":[{"damage":0,"enemies":"2 Louse","floor":1,"turns":1},{"damage":0,"enemies":"3 Sentries","floor":6,"turns":1},{"damage":0,"enemies":"Small Slimes","floor":7,"turns":1},{"damage":40,"enemies":"Lagavulin","floor":8,"turns":6},{"damage":8,"enemies":"Jaw Worm","floor":11,"turns":3},{"damage":0,"enemies":"Large Slime","floor":12,"turns":4},{"damage":0,"enemies":"Gremlin Gang","floor":13,"turns":2},{"damage":29,"enemies":"Hexaghost","floor":16,"turns":11},{"damage":2,"enemies":"Chosen","floor":18,"turns":5},{"damage":12,"enemies":"Spheric Guardian","floor":19,"turns":4},{"damage":33,"enemies":"Shelled Parasite and Fungi","floor":21,"turns":5},{"damage":40,"enemies":"Book of Stabbing","floor":23,"turns":6},{"damage":4,"enemies":"Centurion and Healer","floor":28,"turns":5},{"damage":18,"enemies":"Snecko","floor":29,"turns":6},{"damage":24,"enemies":"Snake Plant","floor":30,"turns":4},{"damage":86,"enemies":"Collector","floor":33,"turns":7}],"seed_played":"330043427763337526","potions_obtained":[{"floor":6,"key":"Strength Potion"},{"floor":12,"key":"AttackPotion"},{"floor":13,"key":"BloodPotion"}],"is_trial":false,"path_per_floor":["M","?","?","?","$","E","M","E","T","?","M","M","M","?","R","B",null,"M","M","$","M","$","E","?","$","T","R","M","M","M","?","R","B"],"character_chosen":"IRONCLAD","items_purchased":["Cleave","Pommel Strike","Blood Vial"],"campfire_rested":2,"item_purchase_floors":[5,20,22],"current_hp_per_floor":[80,85,68,47,47,53,59,25,25,25,23,29,35,35,35,12,85,85,79,79,52,52,28,28,28,28,53,57,47,31,31,56,0],"gold":108,"neow_bonus":"THREE_ENEMY_KILL","is_prod":false,"is_daily":false,"chose_seed":false,"campfire_upgraded":1,"win_rate":0,"timestamp":1560029432,"path_taken":["M","?","?","?","?","E","M","E","T","?","M","?","M","?","R","BOSS","M","M","$","M","$","E","?","?","T","R","M","M","M","?","R","BOSS"],"build_version":"2019-01-23","purchased_purges":2,"victory":false,"max_hp_per_floor":[80,85,85,85,85,85,85,85,85,85,85,85,85,85,85,85,85,85,85,85,85,85,85,85,85,85,85,85,85,85,85,85,85],"card_choices":[{"not_picked":["Warcry","Second Wind"],"picked":"Body Slam","floor":1},{"not_picked":["Sentinel","Immolate","Spot Weakness"],"picked":"SKIP","floor":6},{"not_picked":["Shockwave","Sentinel"],"picked":"Warcry","floor":7},{"not_picked":["Heavy Blade","Twin Strike"],"picked":"True Grit","floor":8},{"not_picked":["Feel No Pain","Pommel Strike"],"picked":"Headbutt","floor":11},{"not_picked":["Combust","Thunderclap"],"picked":"Iron Wave","floor":12},{"not_picked":["Body Slam","Thunderclap","Rampage"],"picked":"SKIP","floor":13},{"not_picked":["Cleave","Intimidate"],"picked":"True Grit","floor":18},{"not_picked":["Spot Weakness","Havoc"],"picked":"Sword Boomerang+1","floor":19},{"not_picked":["Hemokinesis","Entrench","Body Slam"],"picked":"SKIP","floor":21},{"not_picked":["Headbutt","Whirlwind","Iron Wave"],"picked":"SKIP","floor":23},{"not_picked":["True Grit+1","Cleave","Flame Barrier"],"picked":"SKIP","floor":28},{"not_picked":["Disarm+1","Second Wind+1"],"picked":"Anger+1","floor":29},{"not_picked":["Hemokinesis+1","Iron Wave"],"picked":"Armaments+1","floor":30}],"player_experience":900128,"relics_obtained":[{"floor":6,"key":"Darkstone Periapt"},{"floor":8,"key":"Letter Opener"},{"floor":9,"key":"Shuriken"},{"floor":23,"key":"Oddly Smooth Stone"},{"floor":26,"key":"Vajra"}],"event_choices":[{"damage_healed":0,"gold_gain":0,"player_choice":"Donut","damage_taken":0,"max_hp_gain":5,"max_hp_loss":0,"event_name":"Big Fish","floor":2,"gold_loss":0},{"damage_healed":0,"gold_gain":0,"player_choice":"Entered Light","damage_taken":17,"max_hp_gain":0,"max_hp_loss":0,"event_name":"Shining Light","floor":3,"gold_loss":0,"cards_upgraded":["Strike_R","Strike_R"]},{"damage_healed":0,"gold_gain":0,"player_choice":"Take Damage","damage_taken":21,"relics_obtained":["Golden Idol"],"max_hp_gain":0,"max_hp_loss":0,"event_name":"Golden Idol","floor":4,"gold_loss":0},{"damage_healed":0,"gold_gain":0,"player_choice":"Upgraded","damage_taken":0,"max_hp_gain":0,"max_hp_loss":0,"event_name":"Upgrade Shrine","floor":10,"gold_loss":0,"cards_upgraded":["True Grit"]},{"damage_healed":0,"gold_gain":0,"player_choice":"Left Gold","damage_taken":0,"max_hp_gain":0,"max_hp_loss":0,"event_name":"World of Goop","floor":14,"gold_loss":27},{"damage_healed":0,"gold_gain":0,"player_choice":"Opened","damage_taken":0,"relics_obtained":["Frozen Egg 2"],"max_hp_gain":0,"max_hp_loss":0,"event_name":"The Mausoleum","floor":31,"gold_loss":0}],"is_beta":false,"boss_relics":[{"not_picked":["Eternal Feather","Runic Pyramid"],"picked":"Sozu"}],"items_purged_floors":[5,20],"is_endless":false,"potions_floor_spawned":[6,12,13,21],"killed_by":"Collector","ascension_level":0}