{"gold_per_floor":[118,118,133,149,324,344,344,364,417,417,436,452,452,29,29,29],"floor_reached":16,"playtime":890,"items_purged":["Strike_G"],"score":94,"play_id":"64bb99de-e3d7-44a9-bcf3-78ee0b284dcc","local_time":"20181118231028","is_ascension_mode":false,"campfire_choices":[{"floor":7,"key":"REST"},{"floor":13,"key":"REST"},{"data":"Adrenaline","floor":15,"key":"SMITH"}],"neow_cost":"NONE","seed_source_timestamp":24838879787226,"circlet_count":0,"master_deck":["Defend_G","Defend_G","Defend_G","Defend_G","Defend_G","Strike_G","Strike_G","Strike_G","Strike_G","Survivor","Neutralize","Footwork","Sucker Punch","Dodge and Roll","Adrenaline+1","After Image"],"relics":["Ring of the Snake","Singing Bowl","Art of War","Membership Card","Regal Pillow"],"potions_floor_usage":[6,12,16],"damage_taken":[{"damage":0,"enemies":"Small Slimes","floor":1,"turns":5},{"damage":0,"enemies":"Jaw Worm","floor":3,"turns":7},{"damage":0,"enemies":"2 Louse","floor":4,"turns":3},{"damage":16,"enemies":"Exordium Thugs","floor":6,"turns":7},{"damage":5,"enemies":"2 Fungi Beasts","floor":8,"turns":5},{"damage":10,"enemies":"3 Louse","floor":11,"turns":4},{"damage":10,"enemies":"Large Slime","floor":12,"turns":13},{"damage":76,"enemies":"Hexaghost","floor":16,"turns":19}],"seed_played":"-1866716297815971760","potions_obtained":[{"floor":3,"key":"Explosive Potion"},{"floor":6,"key":"FearPotion"},{"floor":8,"key":"SkillPotion"},{"floor":12,"key":"SteroidPotion"}],"is_trial":false,"path_per_floor":["M","?","M","M","?","M","R","M","T","?","M","M","R","$","R","B"],"character_chosen":"THE_SILENT","items_purchased":["Membership Card","Adrenaline","Regal Pillow","After Image"],"campfire_rested":2,"item_purchase_floors":[14,14,14,14],"current_hp_per_floor":[77,70,70,70,70,56,79,76,76,69,61,51,75,75,75,0],"gold":29,"neow_bonus":"TEN_PERCENT_HP_BONUS","is_prod":false,"is_daily":false,"chose_seed":false,"campfire_upgraded":1,"win_rate":0,"timestamp":1542571828,"path_taken":["M","?","M","M","?","M","R","M","T","?","M","?","R","?","R","BOSS"],"build_version":"2018-11-15","purchased_purges":1,"victory":false,"max_hp_per_floor":[77,77,77,77,77,79,79,81,81,81,83,83,83,83,83,83],"card_choices":[{"not_picked":["Acrobatics","Eviscerate","Prepared"],"picked":"SKIP","floor":1},{"not_picked":["Choke","Catalyst"],"picked":"Footwork","floor":3},{"not_picked":["Flying Knee","Dagger Throw"],"picked":"Sucker Punch","floor":4},{"not_picked":["Acrobatics","Deadly Poison","Flying Knee"],"picked":"Singing Bowl","floor":6},{"not_picked":["All Out Attack","Quick Slash","Storm of Steel"],"picked":"Singing Bowl","floor":8},{"not_picked":["Skewer","Deadly Poison","Bane"],"picked":"Singing Bowl","floor":11},{"not_picked":["Outmaneuver","All Out Attack"],"picked":"Dodge and Roll","floor":12}],"player_experience":344456,"relics_obtained":[{"floor":9,"key":"Art of War"}],"event_choices":[{"damage_healed":0,"gold_gain":0,"player_choice":"Success","damage_taken":7,"relics_obtained":["Singing Bowl"],"max_hp_gain":0,"max_hp_loss":0,"event_name":"Scrap Ooze","floor":2,"gold_loss":0},{"damage_healed":0,"gold_gain":175,"player_choice":"AGREE","damage_taken":0,"max_hp_gain":0,"max_hp_loss":0,"event_name":"Liars Game","floor":5,"gold_loss":0,"cards_obtained":["Doubt"]},{"cards_removed":["Doubt"],"damage_healed":0,"gold_gain":0,"player_choice":"Card Removal","damage_taken":7,"max_hp_gain":0,"max_hp_loss":0,"event_name":"Golden Wing","floor":10,"gold_loss":0}],"is_beta":false,"boss_relics":[],"items_purged_floors":[14],"is_endless":false,"potions_floor_spawned":[3,6,8,12],"killed_by":"Hexaghost","ascension_level":0}