{"gold_per_floor":[116,41,61,76,92,125,143,174,174,174,206,206,238,238,238,338,338,355,371,385,402,302,328,328,528,528,542,316,344,344,378,378,378],"floor_reached":33,"playtime":2236,"items_purged":["Defend_R","Defend_R","Defend_R"],"score":404,"play_id":"7885f545-2087-49fc-86ae-ad0cd4d858b2","local_time":"20190403213003","is_ascension_mode":true,"campfire_choices":[{"data":"Perfected Strike","floor":10,"key":"SMITH"},{"data":"Discovery","floor":12,"key":"SMITH"},{"floor":15,"key":"REST"},{"floor":24,"key":"REST"},{"data":"Infernal Blade","floor":30,"key":"SMITH"},{"floor":32,"key":"REST"}],"neow_cost":"TEN_PERCENT_HP_LOSS","seed_source_timestamp":535672081833998,"circlet_count":0,"master_deck":["Strike_R","Strike_R","Strike_R","Strike_R","Strike_R","Bash","Discovery+1","Forethought","Pommel Strike","Cleave","Perfected Strike+1","Clash","Clash","Iron Wave","Battle Trance","Clash+1","Infernal Blade+1","Flex","Wild Strike","Wild Strike"],"relics":["Burning Blood","Ancient Tea Set","Dodecahedron","Ornamental Fan","Potion Belt","Shovel","Runic Pyramid","Bag of Preparation","Magic Flower","Matryoshka","PreservedInsect"],"potions_floor_usage":[6,19,19,21,29,31,33,33,33],"damage_taken":[{"damage":7,"enemies":"2 Louse","floor":1,"turns":2},{"damage":0,"enemies":"Cultist","floor":3,"turns":2},{"damage":0,"enemies":"Small Slimes","floor":4,"turns":2},{"damage":10,"enemies":"3 Louse","floor":5,"turns":2},{"damage":31,"enemies":"Lagavulin","floor":6,"turns":4},{"damage":7,"enemies":"Blue Slaver","floor":7,"turns":2},{"damage":16,"enemies":"Gremlin Nob","floor":8,"turns":3},{"damage":10,"enemies":"3 Sentries","floor":11,"turns":4},{"damage":7,"enemies":"Gremlin Nob","floor":13,"turns":3},{"damage":0,"enemies":"Slime Boss","floor":16,"turns":5},{"damage":0,"enemies":"Chosen","floor":18,"turns":3},{"damage":1,"enemies":"3 Byrds","floor":19,"turns":3},{"damage":21,"enemies":"Centurion and Healer","floor":20,"turns":3},{"damage":29,"enemies":"Snecko","floor":21,"turns":5},{"damage":20,"enemies":"Book of Stabbing","floor":23,"turns":3},{"damage":0,"enemies":"Shelled Parasite and Fungi","floor":27,"turns":2},{"damage":23,"enemies":"Gremlin Leader","floor":29,"turns":5},{"damage":24,"enemies":"Book of Stabbing","floor":31,"turns":3},{"damage":89,"enemies":"Automaton","floor":33,"turns":6}],"seed_played":"4295440794389324074","potions_obtained":[{"floor":3,"key":"Regen Potion"},{"floor":5,"key":"Dexterity Potion"},{"floor":8,"key":"Swift Potion"},{"floor":11,"key":"Ancient Potion"},{"floor":13,"key":"Weak Potion"},{"floor":18,"key":"LiquidBronze"},{"floor":23,"key":"BloodPotion"},{"floor":27,"key":"EssenceOfSteel"}],"is_trial":false,"path_per_floor":["M","$","M","M","M","E","M","E","T","R","E","R","E","?","R","B",null,"M","M","M","M","$","E","R","?","T","M","$","E","R","E","R","B"],"character_chosen":"IRONCLAD","items_purchased":["Poison Potion","Poison Potion"],"campfire_rested":3,"item_purchase_floors":[28,28],"current_hp_per_floor":[71,71,72,72,68,51,50,40,40,40,36,36,35,35,56,62,72,72,72,57,34,34,20,41,41,41,50,50,47,47,32,53,0],"gold":378,"neow_bonus":"RANDOM_COLORLESS_2","is_prod":false,"is_daily":false,"chose_seed":false,"campfire_upgraded":3,"win_rate":0,"timestamp":1554341403,"path_taken":["M","$","M","M","M","E","M","E","T","R","E","R","E","?","R","BOSS","M","M","M","?","$","E","R","?","T","M","$","E","R","E","R","BOSS"],"build_version":"2019-01-23","purchased_purges":3,"victory":false,"max_hp_per_floor":[72,72,72,72,72,72,72,72,72,72,72,72,72,72,72,72,72,72,72,72,72,72,72,72,72,72,72,72,72,72,72,72,72],"card_choices":[{"not_picked":["Heavy Blade","Iron Wave"],"picked":"Pommel Strike","floor":1},{"not_picked":["Fire Breathing","Whirlwind","Intimidate"],"picked":"SKIP","floor":3},{"not_picked":["Heavy Blade","Rampage"],"picked":"Cleave","floor":4},{"not_picked":["Shrug It Off","Havoc"],"picked":"Perfected Strike","floor":5},{"not_picked":["Armaments","Juggernaut","Sever Soul"],"picked":"SKIP","floor":6},{"not_picked":["Armaments","Evolve","Carnage"],"picked":"SKIP","floor":7},{"not_picked":["Clothesline","True Grit","Armaments"],"picked":"SKIP","floor":8},{"not_picked":["Second Wind","Pommel Strike"],"picked":"Clash","floor":11},{"not_picked":["Evolve","Reckless Charge"],"picked":"Clash","floor":13},{"not_picked":["Feel No Pain","Warcry"],"picked":"Battle Trance","floor":18},{"not_picked":["Havoc","Body Slam+1"],"picked":"Clash+1","floor":19},{"not_picked":["Wild Strike","Havoc"],"picked":"Infernal Blade","floor":20},{"not_picked":["Sever Soul+1","Clothesline"],"picked":"Flex","floor":21},{"not_picked":["Havoc","Searing Blow","Thunderclap+1"],"picked":"SKIP","floor":23},{"not_picked":["Warcry","Second Wind+1"],"picked":"Wild Strike","floor":27},{"not_picked":["Ghostly Armor","Headbutt","Power Through"],"picked":"SKIP","floor":29},{"not_picked":["Sword Boomerang","Hemokinesis"],"picked":"Wild Strike","floor":31}],"player_experience":254640,"relics_obtained":[{"floor":6,"key":"Ancient Tea Set"},{"floor":8,"key":"Dodecahedron"},{"floor":9,"key":"Ornamental Fan"},{"floor":11,"key":"Potion Belt"},{"floor":13,"key":"Shovel"},{"floor":23,"key":"Bag of Preparation"},{"floor":26,"key":"Magic Flower"},{"floor":29,"key":"Matryoshka"},{"floor":31,"key":"PreservedInsect"}],"event_choices":[{"cards_removed":["Defend_R"],"damage_healed":0,"gold_gain":0,"player_choice":"Took Card","damage_taken":0,"max_hp_gain":0,"max_hp_loss":0,"event_name":"NoteForYourself","floor":14,"gold_loss":0,"cards_obtained":["Iron Wave"]},{"damage_healed":0,"gold_gain":250,"player_choice":"Bet on Owner","damage_taken":0,"max_hp_gain":0,"max_hp_loss":0,"event_name":"The Joust","floor":25,"gold_loss":50}],"is_beta":false,"boss_relics":[{"not_picked":["White Beast Statue","Calling Bell"],"picked":"Runic Pyramid"}],"items_purged_floors":[2,22,28],"is_endless":false,"potions_floor_spawned":[3,5,8,11,13,18,23,27],"killed_by":"Automaton","ascension_level":1}