{"gold_per_floor":[117,292,138,152,52,52,66,66,66,66,79,119,119,157,157,286,286,305,305,323,336,360,360,383,383,383,406,422,440,440,76,76,76],"floor_reached":33,"playtime":1598,"items_purged":["Doubt","Strike_R","Dramatic Entrance"],"score":259,"play_id":"ce6b637a-ec54-4d60-ab82-e69454086ec7","local_time":"20181031035844","is_ascension_mode":false,"campfire_choices":[{"data":"Body Slam","floor":6,"key":"SMITH"},{"floor":10,"key":"REST"},{"data":"Blood for Blood","floor":13,"key":"SMITH"},{"data":"Shrug It Off","floor":15,"key":"SMITH"},{"floor":23,"key":"REST"},{"floor":25,"key":"REST"},{"floor":32,"key":"REST"}],"neow_cost":"NONE","seed_source_timestamp":37077661854217,"circlet_count":0,"master_deck":["Strike_R","Defend_R","Defend_R","Defend_R","Defend_R","Bash+1","Cleave","Body Slam+1","Shrug It Off+1","Thunderclap+1","Blood for Blood+1","Infernal Blade","Anger+1","Spot Weakness","Inflame"],"relics":["Burning Blood","Golden Idol","Ornamental Fan","Ancient Tea Set","Whetstone","Empty Cage","Bottled Flame","Toxic Egg 2"],"potions_floor_usage":[14,16,18,21,28,29],"damage_taken":[{"damage":0,"enemies":"2 Louse","floor":1,"turns":2},{"damage":0,"enemies":"Small Slimes","floor":4,"turns":3},{"damage":6,"enemies":"Jaw Worm","floor":7,"turns":3},{"damage":3,"enemies":"Blue Slaver","floor":11,"turns":3},{"damage":17,"enemies":"Gremlin Nob","floor":12,"turns":4},{"damage":8,"enemies":"Lagavulin","floor":14,"turns":5},{"damage":18,"enemies":"Slime Boss","floor":16,"turns":9},{"damage":15,"enemies":"2 Thieves","floor":18,"turns":3},{"damage":6,"enemies":"3 Byrds","floor":20,"turns":4},{"damage":18,"enemies":"Sentry and Sphere","floor":21,"turns":5},{"damage":27,"enemies":"Shelled Parasite and Fungi","floor":22,"turns":6},{"damage":16,"enemies":"Centurion and Healer","floor":24,"turns":7},{"damage":6,"enemies":"Chosen and Byrds","floor":27,"turns":4},{"damage":14,"enemies":"Sentry and Sphere","floor":28,"turns":5},{"damage":22,"enemies":"Snake Plant","floor":29,"turns":3},{"damage":86,"enemies":"Champ","floor":33,"turns":10}],"seed_played":"7855101219373161669","potions_obtained":[{"floor":7,"key":"Explosive Potion"},{"floor":12,"key":"Weak Potion"},{"floor":14,"key":"EssenceOfSteel"},{"floor":20,"key":"Energy Potion"},{"floor":21,"key":"Energy Potion"},{"floor":28,"key":"Poison Potion"}],"is_trial":false,"path_per_floor":["M","?","$","M","$","R","M","?","T","R","M","E","R","E","R","B",null,"M","?","M","M","M","R","M","R","T","M","M","M","?","$","R"],"character_chosen":"IRONCLAD","items_purchased":["Body Slam","Shrug It Off","Toxic Egg 2"],"campfire_rested":4,"item_purchase_floors":[3,3,31],"current_hp_per_floor":[80,80,80,80,80,80,80,60,60,80,80,69,69,67,67,55,80,71,71,71,59,38,62,52,76,76,76,68,52,52,52,76,0],"gold":76,"neow_bonus":"RANDOM_COLORLESS","is_prod":false,"is_daily":false,"chose_seed":false,"campfire_upgraded":3,"win_rate":0,"timestamp":1540947524,"path_taken":["M","?","$","M","$","R","M","?","T","R","M","E","R","E","R","BOSS","M","?","?","M","M","R","M","R","T","M","M","M","?","$","R","BOSS"],"build_version":"2018-10-25v2","purchased_purges":3,"victory":false,"max_hp_per_floor":[80,80,80,80,80,80,80,80,80,80,80,80,80,80,80,80,80,80,80,80,80,80,80,80,80,80,80,80,80,80,80,80,80],"card_choices":[{"not_picked":["Entrench","Feel No Pain"],"picked":"Cleave","floor":1},{"not_picked":["Heavy Blade","Wild Strike"],"picked":"Thunderclap","floor":4},{"not_picked":["Havoc","Pommel Strike","Flex"],"picked":"SKIP","floor":7},{"not_picked":["Second Wind","Juggernaut"],"picked":"Blood for Blood","floor":11},{"not_picked":["Flex","Shockwave"],"picked":"Infernal Blade","floor":12},{"not_picked":["Wild Strike","Combust","Heavy Blade"],"picked":"SKIP","floor":14},{"not_picked":["Dual Wield","Twin Strike"],"picked":"Anger+1","floor":18},{"not_picked":["Anger","Combust","Disarm+1"],"picked":"SKIP","floor":20},{"not_picked":["Hemokinesis","True Grit+1","Intimidate"],"picked":"SKIP","floor":21},{"not_picked":["Twin Strike","Corruption","Clothesline"],"picked":"SKIP","floor":22},{"not_picked":["Havoc","Whirlwind","True Grit"],"picked":"SKIP","floor":24},{"not_picked":["Body Slam","Evolve"],"picked":"Inflame","floor":27},{"not_picked":["Dual Wield","Anger+1","Infernal Blade"],"picked":"SKIP","floor":28},{"not_picked":["Shockwave","Seeing Red","Havoc"],"picked":"SKIP","floor":29}],"player_experience":239697,"relics_obtained":[{"floor":9,"key":"Ornamental Fan"},{"floor":12,"key":"Ancient Tea Set"},{"floor":14,"key":"Whetstone"},{"floor":26,"key":"Bottled Flame"}],"event_choices":[{"damage_healed":0,"gold_gain":175,"player_choice":"AGREE","damage_taken":0,"max_hp_gain":0,"max_hp_loss":0,"event_name":"Liars Game","floor":2,"gold_loss":0,"cards_obtained":["Doubt"]},{"damage_healed":0,"gold_gain":0,"player_choice":"Take Damage","damage_taken":20,"relics_obtained":["Golden Idol"],"max_hp_gain":0,"max_hp_loss":0,"event_name":"Golden Idol","floor":8,"gold_loss":0},{"damage_healed":0,"gold_gain":0,"player_choice":"Read","damage_taken":0,"max_hp_gain":0,"max_hp_loss":0,"event_name":"The Library","floor":19,"gold_loss":0,"cards_obtained":["Spot Weakness"]},{"cards_removed":["Strike_R"],"damage_healed":0,"gold_gain":0,"player_choice":"Elegance","damage_taken":0,"max_hp_gain":0,"max_hp_loss":0,"event_name":"Back to Basics","floor":30,"gold_loss":0}],"is_beta":false,"boss_relics":[{"not_picked":["Lizard Tail","Calling Bell"],"picked":"Empty Cage"}],"items_purged_floors":[3,5,31],"is_endless":false,"potions_floor_spawned":[7,12,14,20,21,28],"killed_by":"Champ","ascension_level":0}