{"gold_per_floor":[118,118,68,68,87,87,100,100,100,133,133,168,168,46,46,145,145,162,174,99,117,133,160,160,160,160,160,176,176,176,205,205,304,304,324,344,98,111,111,111,125,125,125,25,37,64,78,98,98,98],"floor_reached":51,"playtime":2704,"items_purged":["Strike_B","Decay","Normality"],"score":900,"play_id":"0d9a72ed-e40e-4e4f-8c8a-8831cf1bb57d","local_time":"20190426172758","is_ascension_mode":true,"campfire_choices":[{"data":"Go for the Eyes","floor":6.0,"key":"SMITH"},{"data":"Compile Driver","floor":8.0,"key":"SMITH"},{"data":"Glacier","floor":11.0,"key":"SMITH"},{"data":"Double Energy","floor":13.0,"key":"SMITH"},{"data":"Barrage","floor":15.0,"key":"SMITH"},{"data":"Coolheaded","floor":25.0,"key":"SMITH"},{"data":"Machine Learning","floor":27.0,"key":"SMITH"},{"floor":29.0,"key":"REST"},{"data":"Zap","floor":32.0,"key":"SMITH"},{"data":"Defragment","floor":40,"key":"SMITH"},{"data":"Creative AI","floor":42,"key":"SMITH"},{"data":"BootSequence","floor":49,"key":"SMITH"}],"neow_cost":"NONE","seed_source_timestamp":0,"circlet_count":0,"master_deck":["Strike_B","Defend_B","Defend_B","Defend_B","Zap+1","Dualcast","Go for the Eyes+1","Compile Driver+1","Glacier+1","Double Energy+1","Barrage+1","BootSequence+1","Machine Learning+1","Coolheaded+1","Chill+1","White Noise+1","Creative AI+1","Barrage+1","Defragment+1","Coolheaded+1","Finesse+1","Swift Strike","Hologram+1","FTL","Leap+1"],"special_seed":0,"relics":["Cracked Core","PreservedInsect","Mercury Hourglass","Anchor","Shuriken","Cursed Key","The Courier","Toxic Egg 2","Bottled Lightning","Coffee Dripper","Kunai","Dodecahedron"],"potions_floor_usage":[50],"damage_taken":[{"damage":7.0,"enemies":"Jaw Worm","floor":1.0,"turns":3.0},{"damage":0.0,"enemies":"2 Louse","floor":5.0,"turns":3.0},{"damage":0.0,"enemies":"Cultist","floor":7.0,"turns":3.0},{"damage":15.0,"enemies":"3 Sentries","floor":10.0,"turns":4.0},{"damage":1.0,"enemies":"Lagavulin","floor":12.0,"turns":5.0},{"damage":12.0,"enemies":"The Guardian","floor":16.0,"turns":9.0},{"damage":0.0,"enemies":"2 Thieves","floor":18.0,"turns":4.0},{"damage":0.0,"enemies":"Spheric Guardian","floor":19.0,"turns":3.0},{"damage":4.0,"enemies":"Snecko","floor":21.0,"turns":7.0},{"damage":3.0,"enemies":"Shelled Parasite and Fungi","floor":22.0,"turns":6.0},{"damage":1.0,"enemies":"Slavers","floor":23.0,"turns":4.0},{"damage":10.0,"enemies":"Cultist and Chosen","floor":28.0,"turns":5.0},{"damage":20.0,"enemies":"Gremlin Leader","floor":31.0,"turns":7.0},{"damage":33.0,"enemies":"Champ","floor":33.0,"turns":17.0},{"damage":0,"enemies":"3 Darklings","floor":35,"turns":4},{"damage":0,"enemies":"3 Shapes","floor":36,"turns":4},{"damage":8,"enemies":"Maw","floor":38,"turns":8},{"damage":0,"enemies":"3 Darklings","floor":41,"turns":5},{"damage":12,"enemies":"Jaw Worm Horde","floor":45,"turns":4},{"damage":0,"enemies":"Nemesis","floor":46,"turns":7},{"damage":0,"enemies":"Spire Growth","floor":47,"turns":5},{"damage":0,"enemies":"3 Darklings","floor":48,"turns":5},{"damage":2,"enemies":"Donu and Deca","floor":50,"turns":8}],"seed_played":"448449389826700552","potions_obtained":[{"floor":5.0,"key":"EntropicBrew"},{"floor":10.0,"key":"Energy Potion"},{"floor":22.0,"key":"SkillPotion"},{"floor":28.0,"key":"Block Potion"},{"floor":31.0,"key":"Poison Potion"},{"floor":36,"key":"AttackPotion"},{"floor":38,"key":"Energy Potion"},{"floor":46,"key":"FairyPotion"}],"is_trial":false,"path_per_floor":["M","?","?","?","M","R","M","R","T","E","R","E","R","$","R","B",null,"M","M","$","M","M","E","?","R","T","R","M","R","?","E","R","B",null,"M","M","$","M","?","R","M","R","T","$","M","E","M","M","R","B",null],"character_chosen":"DEFECT","items_purchased":["Barrage","BootSequence","Defragment","Coolheaded+1","Finesse+1"],"campfire_rested":1,"item_purchase_floors":[14,14,37,37,37],"current_hp_per_floor":[68,61,61,66,66,66,66,66,66,51,51,50,50,50,50,38,70,70,70,70,66,63,62,62,62,62,62,52,76,61,41,41,8,66,66,66,66,58,58,58,58,58,58,58,46,46,46,46,46,44],"gold":98,"neow_bonus":"RANDOM_COMMON_RELIC","is_prod":false,"is_daily":false,"chose_seed":false,"campfire_upgraded":11,"win_rate":0,"timestamp":1556314078,"path_taken":["M","?","?","?","?","R","?","R","T","E","R","E","R","$","R","BOSS","M","M","$","M","?","E","?","R","T","R","M","R","?","E","R","BOSS","M","M","$","M","?","R","M","R","T","$","M","E","M","M","R","BOSS"],"build_version":"2019-01-23","purchased_purges":3,"victory":true,"max_hp_per_floor":[75,75,75,80,80,80,80,80,80,80,80,80,80,80,80,80,80,80,80,80,80,80,80,80,80,80,80,80,80,85,85,85,85,85,85,85,85,85,85,85,85,85,85,85,85,85,85,85,85,85],"card_choices":[{"not_picked":["Rebound","Leap"],"picked":"Go for the Eyes","floor":1.0},{"not_picked":["Stack","Leap","Redo"],"picked":"SKIP","floor":5.0},{"not_picked":["Steam","Beam Cell"],"picked":"Compile Driver","floor":7.0},{"not_picked":["Rip and Tear","Coolheaded"],"picked":"Glacier","floor":10.0},{"not_picked":["Melter","Undo"],"picked":"Double Energy","floor":12.0},{"not_picked":["Buffer","Electrodynamics"],"picked":"Machine Learning","floor":16.0},{"not_picked":["Scrape","Steam Power","Lockon"],"picked":"SKIP","floor":18.0},{"not_picked":["Go for the Eyes","Conserve Battery"],"picked":"Coolheaded","floor":19.0},{"not_picked":["White Noise","Conserve Battery"],"picked":"Chill+1","floor":21.0},{"not_picked":["Rip and Tear+1","Streamline+1","Turbo"],"picked":"SKIP","floor":22.0},{"not_picked":["Redo+1","Blizzard","Recycle+1"],"picked":"SKIP","floor":23.0},{"not_picked":["Rebound+1","Skim+1"],"picked":"White Noise+1","floor":28.0},{"not_picked":["Ball Lightning","Streamline+1","Reprogram+1"],"picked":"SKIP","floor":31.0},{"not_picked":["Buffer","Echo Form"],"picked":"Creative AI","floor":33.0},{"not_picked":["Stack+1","Compile Driver"],"picked":"Barrage+1","floor":35},{"not_picked":["Streamline","Beam Cell+1","Electrodynamics"],"picked":"SKIP","floor":36},{"not_picked":["Auto Shields+1","Conserve Battery+1","Double Energy+1"],"picked":"SKIP","floor":38},{"not_picked":["Cold Snap","Redo+1"],"picked":"Hologram+1","floor":41},{"not_picked":["Skim+1","Conserve Battery+1","Beam Cell+1"],"picked":"SKIP","floor":45},{"not_picked":["Auto Shields+1","Hologram+1"],"picked":"FTL","floor":46},{"not_picked":["Go for the Eyes","Consume+1","Rebound+1"],"picked":"SKIP","floor":47},{"not_picked":["Echo Form","Chaos+1"],"picked":"Leap+1","floor":48}],"player_experience":314880,"relics_obtained":[{"floor":9.0,"key":"Mercury Hourglass"},{"floor":10.0,"key":"Anchor"},{"floor":12.0,"key":"Shuriken"},{"floor":23.0,"key":"The Courier"},{"floor":26.0,"key":"Toxic Egg 2"},{"floor":31.0,"key":"Bottled Lightning"},{"floor":43,"key":"Kunai"},{"floor":46,"key":"Dodecahedron"}],"event_choices":[{"cards_removed":["Strike_B"],"damage_healed":0.0,"max_hp_gain":0.0,"max_hp_loss":0.0,"gold_gain":0.0,"event_name":"Golden Wing","player_choice":"Card Removal","floor":2.0,"gold_loss":0.0,"damage_taken":7.0},{"cards_removed":["Strike_B"],"damage_healed":0.0,"max_hp_gain":0.0,"max_hp_loss":0.0,"gold_gain":0.0,"event_name":"The Cleric","player_choice":"Card Removal","floor":3.0,"gold_loss":50.0,"damage_taken":0.0},{"damage_healed":0.0,"max_hp_gain":5.0,"max_hp_loss":0.0,"gold_gain":0.0,"event_name":"Big Fish","player_choice":"Donut","floor":4.0,"gold_loss":0.0,"damage_taken":0.0},{"cards_removed":["Defend_B"],"damage_healed":0.0,"max_hp_gain":0.0,"max_hp_loss":0.0,"gold_gain":0.0,"event_name":"Back to Basics","player_choice":"Elegance","floor":24.0,"gold_loss":0.0,"damage_taken":0.0},{"damage_healed":0.0,"max_hp_gain":5.0,"max_hp_loss":0.0,"gold_gain":0.0,"event_name":"Forgotten Altar","player_choice":"Shed Blood","floor":30.0,"gold_loss":0.0,"damage_taken":20.0},{"damage_healed":0,"gold_gain":0,"player_choice":"1 cards matched","damage_taken":0,"max_hp_gain":0,"max_hp_loss":0,"event_name":"Match and Keep!","floor":39,"gold_loss":0,"cards_obtained":["Swift Strike"]},{"damage_healed":0,"gold_gain":0,"player_choice":"1 cards matched","damage_taken":0,"max_hp_gain":0,"max_hp_loss":0,"event_name":"Match and Keep!","floor":39,"gold_loss":0,"cards_obtained":["Swift Strike"]}],"is_beta":false,"boss_relics":[{"not_picked":["Runic Dome","Runic Pyramid"],"picked":"Cursed Key"},{"not_picked":["Orrery","Eternal Feather"],"picked":"Coffee Dripper"}],"items_purged_floors":[20,37,44],"is_endless":false,"potions_floor_spawned":[5,10,22,28,31,36,38,46,47],"ascension_level":5}