{"gold_per_floor":[115,132,145,70,88,117,4,4,4,20,49,59,59,79,79,79],"floor_reached":16,"playtime":990,"items_purged":["Strike_G"],"score":120,"play_id":"6236ee0e-f326-4c40-8de6-0f43383ac68a","local_time":"20181221011744","is_ascension_mode":true,"campfire_choices":[{"data":"Strike_G","floor":8,"key":"PURGE"},{"floor":15,"key":"REST"}],"neow_cost":"NONE","seed_source_timestamp":218170032104584,"circlet_count":0,"master_deck":["Defend_G","Defend_G","Defend_G","Defend_G","Defend_G","Strike_G","Strike_G","Strike_G","Survivor","Neutralize","Purity","Sucker Punch","Blade Dance","Noxious Fumes","Well Laid Plans","Bane","Bouncing Flask","Noxious Fumes","Escape Plan","PiercingWail","Flying Knee"],"relics":["Ring of the Snake","Peace Pipe","Mango","Nunchaku"],"potions_floor_usage":[11,16,16,16],"damage_taken":[{"damage":2,"enemies":"Small Slimes","floor":1,"turns":5},{"damage":0,"enemies":"2 Louse","floor":2,"turns":3},{"damage":3,"enemies":"Jaw Worm","floor":3,"turns":5},{"damage":14,"enemies":"Lots of Slimes","floor":5,"turns":4},{"damage":8,"enemies":"Lagavulin","floor":6,"turns":11},{"damage":12,"enemies":"3 Louse","floor":10,"turns":4},{"damage":18,"enemies":"3 Sentries","floor":11,"turns":9},{"damage":10,"enemies":"2 Fungi Beasts","floor":12,"turns":3},{"damage":4,"enemies":"Looter","floor":14,"turns":4},{"damage":0,"enemies":"Slime Boss","floor":16,"turns":3}],"seed_played":"-7826741900303343827","potions_obtained":[{"floor":1,"key":"Swift Potion"},{"floor":2,"key":"GamblersBrew"},{"floor":5,"key":"GhostInAJar"},{"floor":12,"key":"Dexterity Potion"}],"is_trial":false,"path_per_floor":["M","M","M","$","M","E","$","R","T","M","E","M","?","M","R","B"],"character_chosen":"THE_SILENT","items_purchased":["Bouncing Flask","Noxious Fumes"],"campfire_rested":1,"item_purchase_floors":[7,7],"current_hp_per_floor":[68,68,65,65,51,43,43,43,57,45,27,17,17,13,38,38],"gold":79,"neow_bonus":"RANDOM_COLORLESS","is_prod":false,"is_daily":false,"chose_seed":false,"campfire_upgraded":0,"win_rate":0,"timestamp":1545344264,"path_taken":["M","M","M","$","M","E","$","R","T","M","E","M","?","M","R","BOSS"],"build_version":"2018-12-13","purchased_purges":1,"victory":false,"max_hp_per_floor":[70,70,70,70,70,70,70,70,84,84,84,84,84,84,84,84],"card_choices":[{"not_picked":["Tactician","Expertise"],"picked":"Sucker Punch","floor":1},{"not_picked":["Outmaneuver","Underhanded Strike"],"picked":"Blade Dance","floor":2},{"not_picked":["Infinite Blades","Sucker Punch"],"picked":"Noxious Fumes","floor":3},{"not_picked":["Slice","Outmaneuver"],"picked":"Well Laid Plans","floor":5},{"not_picked":["Expertise","Acrobatics"],"picked":"Bane","floor":6},{"not_picked":["Blade Dance","Backstab"],"picked":"Escape Plan","floor":10},{"not_picked":["Tactician","Backstab"],"picked":"PiercingWail","floor":11},{"not_picked":["Caltrops","Riddle With Holes","Sucker Punch"],"picked":"SKIP","floor":12},{"not_picked":["Acrobatics","Prepared"],"picked":"Flying Knee","floor":14}],"player_experience":482999,"relics_obtained":[{"floor":6,"key":"Peace Pipe"},{"floor":9,"key":"Mango"},{"floor":11,"key":"Nunchaku"}],"event_choices":[{"damage_healed":0,"gold_gain":0,"player_choice":"Ignored","damage_taken":0,"max_hp_gain":0,"max_hp_loss":0,"event_name":"Golden Idol","floor":13,"gold_loss":0}],"is_beta":false,"boss_relics":[],"items_purged_floors":[4],"is_endless":false,"potions_floor_spawned":[1,2,5,12],"killed_by":"Slime Boss","ascension_level":1}