{"gold_per_floor":[11,30,43,61,81,112,112,124,175,195,195,205,220,185,185,282,282,255,274,54,69,88,88,101,114,114,130,130,144,179,179,179,274,274,293,308,86,186,186,218,218,228,228,256,266,20,20,20,20,20],"floor_reached":51,"playtime":5234,"items_purged":["Strike_G"],"score":773,"play_id":"e76d197d-93ca-4187-baf1-8ffae9de0a7a","local_time":"20190511183038","is_ascension_mode":true,"campfire_choices":[{"data":"Blind","floor":7.0,"key":"SMITH"},{"floor":15.0,"key":"REST"},{"floor":23.0,"key":"REST"},{"floor":28.0,"key":"REST"},{"floor":32.0,"key":"REST"},{"floor":41.0,"key":"REST"},{"floor":49,"key":"REST"}],"neow_cost":"NO_GOLD","seed_source_timestamp":1169742369095,"circlet_count":0,"master_deck":["Defend_G","Defend_G","Defend_G","Defend_G","Defend_G","Strike_G","Strike_G","Strike_G","Strike_G","Survivor","Neutralize","Good Instincts","Blind+1","Choke","Calculated Gamble","Outmaneuver","Escape Plan","Footwork","Dash","Doppelganger","Caltrops","Infinite Blades","Deflect","Blur","Cloak And Dagger","Backstab","Leg Sweep","Panache","Infinite Blades","Backflip+1","Die Die Die","Escape Plan+1","PiercingWail","Setup+1","Well Laid Plans","Die Die Die","Cloak And Dagger+1","Noxious Fumes","Chrysalis","Heel Hook+1","Noxious Fumes","Madness","Madness"],"special_seed":0,"relics":["Ring of the Snake","Art of War","Regal Pillow","Orrery","Question Card","Bag of Preparation","MutagenicStrength","Cursed Key","Blood Vial","Torii","Paper Crane","Oddly Smooth Stone"],"potions_floor_usage":[50,50,50],"damage_taken":[{"damage":0.0,"enemies":"2 Louse","floor":1.0,"turns":3.0},{"damage":0.0,"enemies":"Small Slimes","floor":2.0,"turns":4.0},{"damage":0.0,"enemies":"Jaw Worm","floor":3.0,"turns":6.0},{"damage":2.0,"enemies":"Looter","floor":4.0,"turns":3.0},{"damage":9.0,"enemies":"Large Slime","floor":5.0,"turns":6.0},{"damage":18.0,"enemies":"3 Sentries","floor":6.0,"turns":13.0},{"damage":0.0,"enemies":"Blue Slaver","floor":8.0,"turns":2.0},{"damage":12.0,"enemies":"Looter","floor":10.0,"turns":4.0},{"damage":3.0,"enemies":"Large Slime","floor":12.0,"turns":8.0},{"damage":12.0,"enemies":"Exordium Wildlife","floor":13.0,"turns":7.0},{"damage":41.0,"enemies":"Slime Boss","floor":16.0,"turns":16.0},{"damage":13.0,"enemies":"2 Thieves","floor":18.0,"turns":5.0},{"damage":10.0,"enemies":"3 Byrds","floor":19.0,"turns":3.0},{"damage":11.0,"enemies":"Snecko","floor":21.0,"turns":5.0},{"damage":0.0,"enemies":"Shelled Parasite and Fungi","floor":22.0,"turns":10.0},{"damage":2.0,"enemies":"Centurion and Healer","floor":24.0,"turns":8.0},{"damage":17.0,"enemies":"3 Cultists","floor":25.0,"turns":5.0},{"damage":18.0,"enemies":"Snecko","floor":27.0,"turns":13.0},{"damage":29.0,"enemies":"Sentry and Sphere","floor":29.0,"turns":9.0},{"damage":0.0,"enemies":"Book of Stabbing","floor":30.0,"turns":7.0},{"damage":63.0,"enemies":"Collector","floor":33.0,"turns":18.0},{"damage":9.0,"enemies":"3 Darklings","floor":35.0,"turns":5.0},{"damage":9.0,"enemies":"3 Shapes","floor":36.0,"turns":5.0},{"damage":3.0,"enemies":"Mind Bloom Boss Battle","floor":38.0,"turns":6.0},{"damage":30.0,"enemies":"Nemesis","floor":40.0,"turns":11.0},{"damage":34.0,"enemies":"Writhing Mass","floor":42.0,"turns":10.0},{"damage":2.0,"enemies":"Reptomancer","floor":44.0,"turns":6.0},{"damage":1.0,"enemies":"4 Shapes","floor":45.0,"turns":5.0},{"damage":2,"enemies":"Awakened One","floor":50,"turns":17}],"seed_played":"6636115229450641961","potions_obtained":[{"floor":3.0,"key":"FearPotion"},{"floor":4.0,"key":"SpeedPotion"},{"floor":5.0,"key":"GamblersBrew"},{"floor":13.0,"key":"Fire Potion"},{"floor":18.0,"key":"Swift Potion"},{"floor":21.0,"key":"Ancient Potion"},{"floor":24.0,"key":"Weak Potion"},{"floor":33.0,"key":"FearPotion"},{"floor":35.0,"key":"SkillPotion"},{"floor":42.0,"key":"PowerPotion"},{"floor":44.0,"key":"Poison Potion"},{"floor":45.0,"key":"Ancient Potion"}],"is_trial":false,"path_per_floor":["M","M","M","M","M","E","R","M","T","M","?","M","M","?","R","B",null,"M","M","$","M","M","R","M","M","T","M","R","M","E","?","R","B",null,"M","M","$","?","?","E","R","M","T","E","M","$","?","T","R","B",null],"character_chosen":"THE_SILENT","items_purchased":["Panache","Infinite Blades","Noxious Fumes","Blood Vial","Noxious Fumes","Dexterity Potion","Dexterity Potion"],"campfire_rested":6,"item_purchase_floors":[20,20,37,37,46,46,46],"current_hp_per_floor":[70,70,70,68,59,41,41,41,41,29,29,26,14,31,67,26,70,57,47,47,36,36,70,68,51,51,33,69,40,40,40,70,7,70,61,52,52,51,51,23,59,27,27,27,28,28,19,19,55,55],"gold":20,"neow_bonus":"RANDOM_COLORLESS_2","is_prod":false,"is_daily":false,"chose_seed":false,"campfire_upgraded":1,"win_rate":0,"timestamp":1557588638,"path_taken":["M","M","M","M","M","E","R","M","T","M","?","M","M","?","R","BOSS","M","M","$","M","M","R","M","M","T","M","R","M","E","?","R","BOSS","M","M","$","?","?","E","R","M","T","E","M","$","?","?","R","BOSS"],"build_version":"2019-01-23","purchased_purges":1,"victory":true,"max_hp_per_floor":[70,70,70,70,70,70,70,70,70,70,70,70,70,70,70,70,70,70,70,70,70,70,70,70,70,70,70,70,70,70,70,70,70,70,70,70,70,70,70,70,70,70,70,70,70,70,70,70,70,70],"card_choices":[{"not_picked":["Dagger Throw","Distraction"],"picked":"Choke","floor":1.0},{"not_picked":["Underhanded Strike","Reflex","Slice"],"picked":"SKIP","floor":2.0},{"not_picked":["Predator","Sucker Punch","Bane"],"picked":"SKIP","floor":3.0},{"not_picked":["Quick Slash","Flying Knee"],"picked":"Calculated Gamble","floor":4.0},{"not_picked":["Expertise","Deadly Poison"],"picked":"Outmaneuver","floor":5.0},{"not_picked":["Sucker Punch","Dodge and Roll"],"picked":"Escape Plan","floor":6.0},{"not_picked":["Crippling Poison","Tools of the Trade"],"picked":"Footwork","floor":8.0},{"not_picked":["Tactician","Prepared","Flying Knee"],"picked":"SKIP","floor":10.0},{"not_picked":["Poisoned Stab","Slice","Dagger Throw"],"picked":"SKIP","floor":12.0},{"not_picked":["Prepared","Dagger Throw"],"picked":"Dash","floor":13.0},{"not_picked":["A Thousand Cuts","Night Terror"],"picked":"Doppelganger","floor":16.0},{"not_picked":["Escape Plan","Slice"],"picked":"Caltrops","floor":17.0},{"not_picked":["Cloak And Dagger","Catalyst"],"picked":"Infinite Blades","floor":17.0},{"not_picked":["Dagger Throw","Dagger Spray"],"picked":"Deflect","floor":17.0},{"not_picked":["Bane","Finisher"],"picked":"Blur","floor":17.0},{"not_picked":["Prepared","Reflex"],"picked":"Cloak And Dagger","floor":17.0},{"not_picked":["Quick Slash+1","Predator"],"picked":"Backstab","floor":18.0},{"not_picked":["Escape Plan+1","Underhanded Strike"],"picked":"Leg Sweep","floor":19.0},{"not_picked":["Prepared","Crippling Poison"],"picked":"Backflip+1","floor":21.0},{"not_picked":["Underhanded Strike","Sucker Punch"],"picked":"Die Die Die","floor":22.0},{"not_picked":["Dodge and Roll","Slice"],"picked":"Escape Plan+1","floor":24.0},{"not_picked":["Flying Knee","Cloak And Dagger","Backflip"],"picked":"SKIP","floor":25.0},{"not_picked":["Doppelganger","Deflect","Bouncing Flask+1"],"picked":"PiercingWail","floor":27.0},{"not_picked":["Prepared","Outmaneuver","Sucker Punch"],"picked":"Setup+1","floor":29.0},{"not_picked":["Flechettes+1","Expertise","Eviscerate"],"picked":"Well Laid Plans","floor":30.0},{"not_picked":["Glass Knife","Burst","Doppelganger"],"picked":"Die Die Die","floor":33.0},{"not_picked":["PiercingWail+1","Choke+1","Deflect+1"],"picked":"Cloak And Dagger+1","floor":35.0},{"not_picked":["Backflip","Deflect+1","Underhanded Strike+1","Flying Knee+1"],"picked":"SKIP","floor":36.0},{"not_picked":["Jack Of All Trades","Thinking Ahead","Violence"],"picked":"Chrysalis","floor":39.0},{"not_picked":["Backflip","Backstab","Flechettes+1","Bane+1"],"picked":"SKIP","floor":40.0},{"not_picked":["Prepared+1","Tactician+1","Cloak And Dagger","Poisoned Stab"],"picked":"SKIP","floor":42.0},{"not_picked":["Deflect","Bouncing Flask+1","Quick Slash+1","Choke+1"],"picked":"SKIP","floor":44.0},{"not_picked":["Backflip+1","Outmaneuver","Setup+1"],"picked":"Heel Hook+1","floor":45.0}],"player_experience":773016,"relics_obtained":[{"floor":6.0,"key":"Art of War"},{"floor":9.0,"key":"Regal Pillow"},{"floor":26.0,"key":"Question Card"},{"floor":30.0,"key":"Bag of Preparation"},{"floor":38.0,"key":"Torii"},{"floor":40.0,"key":"Paper Crane"},{"floor":44.0,"key":"Oddly Smooth Stone"}],"event_choices":[{"damage_healed":0.0,"max_hp_gain":0.0,"max_hp_loss":0.0,"gold_gain":0.0,"event_name":"Golden Idol","player_choice":"Ignored","floor":11.0,"gold_loss":0.0,"damage_taken":0.0},{"damage_healed":17.0,"max_hp_gain":0.0,"max_hp_loss":0.0,"gold_gain":0.0,"event_name":"The Cleric","player_choice":"Healed","floor":14.0,"gold_loss":35.0,"damage_taken":0.0},{"damage_healed":0.0,"max_hp_gain":0.0,"max_hp_loss":0.0,"gold_gain":0.0,"event_name":"Drug Dealer","player_choice":"Inject Mutagens","floor":31.0,"gold_loss":0.0,"damage_taken":0.0,"relics_obtained":["MutagenicStrength"]},{"damage_healed":0.0,"max_hp_gain":0.0,"max_hp_loss":0.0,"gold_gain":0.0,"event_name":"MindBloom","player_choice":"Fight","floor":38.0,"gold_loss":0.0,"damage_taken":0.0},{"damage_healed":0.0,"max_hp_gain":0.0,"max_hp_loss":0.0,"gold_gain":0.0,"event_name":"SensoryStone","player_choice":"Memory 1","floor":39.0,"gold_loss":0.0,"damage_taken":0.0},{"damage_healed":0.0,"max_hp_gain":0.0,"max_hp_loss":0.0,"gold_gain":0.0,"event_name":"Winding Halls","player_choice":"Embrace Madness","floor":47.0,"gold_loss":0.0,"damage_taken":9.0,"cards_obtained":["Madness","Madness"]}],"is_beta":false,"boss_relics":[{"not_picked":["Velvet Choker","White Beast Statue"],"picked":"Orrery"},{"not_picked":["Coffee Dripper","Fusion Hammer"],"picked":"Cursed Key"}],"items_purged_floors":[46],"is_endless":false,"potions_floor_spawned":[3,4,5,13,18,21,24,33,35,42,44,45],"ascension_level":1}