{"gold_per_floor":[360,41,116,132,143,172,172,183,183,183,183,183,213,229,229,326,376,388,18,37,69,81,112,126,158,158,192,192,192,202,222,222,323,323,336,354,576,590,351,351,382,394,694,713,747,847,22,37,37,37,37,37,10,35,35],"floor_reached":55,"playtime":4134,"items_purged":["Defend_R","Strike_R","Strike_R","Strike_R"],"score":1254,"play_id":"dd80caf9-492a-4974-ad5f-9801193302d1","local_time":"20190604233946","is_ascension_mode":true,"campfire_choices":[{"data":"Disarm","floor":7.0,"key":"SMITH"},{"data":"Rampage","floor":10.0,"key":"SMITH"},{"floor":15.0,"key":"REST"},{"data":"Pommel Strike","floor":29.0,"key":"SMITH"},{"floor":32.0,"key":"REST"},{"floor":40,"key":"RECALL"},{"floor":49,"key":"REST"},{"floor":52,"key":"REST"}],"neow_cost":"TEN_PERCENT_HP_LOSS","seed_source_timestamp":0,"circlet_count":0,"master_deck":["Strike_R","Defend_R+1","Defend_R","Bash","Pommel Strike","Disarm+1","Inflame+1","Corruption+1","Rampage+1","Pommel Strike+1","Offering","Spot Weakness","Shrug It Off+1","Flex+1","Offering+1","Seeing Red+1","Shockwave+1","Clash","Flame Barrier+1","Infernal Blade+1","Sword Boomerang","Warcry+1","Pommel Strike+1","Double Tap+1","Clash+1","Battle Trance+1","Spot Weakness+1","Warcry+1","Warcry+1","Thunderclap+1","Clash+1","Shrug It Off+1","Thunderclap+1","Seeing Red+1","Pummel","Inflame+1","Flex+1","Seeing Red+1","Iron Wave+1","Burning Pact+1","Clash+1","Warcry+1","Flex+1"],"special_seed":0,"relics":["Burning Blood","Frozen Egg 2","Orichalcum","Ginger","Toxic Egg 2","Red Mask","Centennial Puzzle","Torii","Singing Bowl","Dream Catcher","Nloth\u0027s Gift","Fusion Hammer","Dodecahedron","Old Coin","Thread and Needle","Prayer Wheel","Paper Frog","Bag of Preparation","Gremlin Horn"],"potions_floor_usage":[35,45,54,55,55],"damage_taken":[{"damage":1.0,"enemies":"2 Louse","floor":1.0,"turns":4.0},{"damage":0.0,"enemies":"Small Slimes","floor":4.0,"turns":3.0},{"damage":7.0,"enemies":"Cultist","floor":5.0,"turns":4.0},{"damage":28.0,"enemies":"Gremlin Nob","floor":6.0,"turns":4.0},{"damage":7.0,"enemies":"2 Fungi Beasts","floor":8.0,"turns":3.0},{"damage":29.0,"enemies":"3 Sentries","floor":13.0,"turns":6.0},{"damage":0.0,"enemies":"Exordium Wildlife","floor":14.0,"turns":3.0},{"damage":30.0,"enemies":"The Guardian","floor":16.0,"turns":8.0},{"damage":0.0,"enemies":"3 Byrds","floor":18.0,"turns":8.0},{"damage":11.0,"enemies":"Spheric Guardian","floor":20.0,"turns":3.0},{"damage":6.0,"enemies":"Masked Bandits","floor":21.0,"turns":2.0},{"damage":8.0,"enemies":"Chosen and Byrds","floor":22.0,"turns":5.0},{"damage":24.0,"enemies":"Book of Stabbing","floor":23.0,"turns":4.0},{"damage":6.0,"enemies":"Cultist and Chosen","floor":24.0,"turns":5.0},{"damage":14.0,"enemies":"Slavers","floor":25.0,"turns":6.0},{"damage":6.0,"enemies":"Book of Stabbing","floor":27.0,"turns":3.0},{"damage":6.0,"enemies":"Centurion and Healer","floor":30.0,"turns":2.0},{"damage":13.0,"enemies":"Shelled Parasite and Fungi","floor":31.0,"turns":5.0},{"damage":21,"enemies":"Automaton","floor":33,"turns":5},{"damage":10,"enemies":"3 Shapes","floor":35,"turns":5},{"damage":6,"enemies":"Orb Walker","floor":36,"turns":2},{"damage":9,"enemies":"Sphere and 2 Shapes","floor":38,"turns":5},{"damage":14,"enemies":"Nemesis","floor":41,"turns":5},{"damage":13,"enemies":"Transient","floor":42,"turns":5},{"damage":2,"enemies":"Writhing Mass","floor":44,"turns":3},{"damage":6,"enemies":"Reptomancer","floor":45,"turns":2},{"damage":0,"enemies":"Mind Bloom Boss Battle","floor":46,"turns":5},{"damage":0,"enemies":"Jaw Worm Horde","floor":48,"turns":3},{"damage":14,"enemies":"Awakened One","floor":50,"turns":4},{"damage":6,"enemies":"Shield and Spear","floor":54,"turns":5},{"damage":82,"enemies":"The Heart","floor":55,"turns":6}],"seed_played":"-1369626224492742808","potions_obtained":[{"floor":4.0,"key":"BloodPotion"},{"floor":8.0,"key":"Weak Potion"},{"floor":14.0,"key":"GamblersBrew"},{"floor":17.0,"key":"AttackPotion"},{"floor":21.0,"key":"Regen Potion"},{"floor":22.0,"key":"Ancient Potion"},{"floor":24.0,"key":"SkillPotion"},{"floor":25.0,"key":"EssenceOfSteel"},{"floor":27.0,"key":"FearPotion"},{"floor":35,"key":"Energy Potion"},{"floor":42,"key":"Block Potion"},{"floor":44,"key":"Strength Potion"},{"floor":48,"key":"SpeedPotion"}],"is_trial":false,"path_per_floor":["M","$","?","M","M","E","R","M","T","R","?","?","E","M","R","B",null,"M","$","M","?","M","E","M","E","T","E","?","R","M","M","R","B",null,"M","M","?","M","$","R","E","M","T","M","E","?","$","M","R","B",null,"R","$","E","B"],"character_chosen":"IRONCLAD","items_purchased":["Frozen Egg 2","Toxic Egg 2","Shrug It Off+1","Spot Weakness+1","Warcry+1","Paper Frog","Seeing Red+1","Pummel","Inflame+1","Bag of Preparation","Flex+1","Warcry+1"],"campfire_rested":4,"item_purchase_floors":[2,19,19,39,39,47,47,47,47,47,47,53],"current_hp_per_floor":[72,72,61,67,66,51,51,50,50,50,43,43,20,26,47,23,65,71,71,66,66,64,46,46,53,53,53,53,53,53,46,69,54,71,69,69,69,66,66,66,58,51,51,55,55,61,61,67,79,71,77,79,79,79,0],"gold":35,"neow_bonus":"TWO_FIFTY_GOLD","is_prod":false,"is_daily":false,"chose_seed":false,"campfire_upgraded":3,"win_rate":0,"timestamp":1559705986,"path_taken":["M","$","?","M","M","E","R","M","T","R","?","?","E","M","R","BOSS","M","$","M","?","M","E","M","E","T","E","?","R","?","M","R","BOSS","M","M","?","M","$","R","E","M","T","M","E","?","$","M","R","BOSS","R","$","E","BOSS"],"build_version":"2019-01-23","purchased_purges":4,"victory":false,"max_hp_per_floor":[72,72,72,72,72,72,72,72,72,72,72,72,72,72,72,72,77,77,77,77,77,77,77,77,77,77,77,77,77,77,77,77,77,77,79,79,79,79,79,79,79,79,79,79,79,79,79,79,79,79,79,79,79,79,79],"card_choices":[{"not_picked":["Iron Wave","Cleave"],"picked":"Pommel Strike","floor":1.0},{"not_picked":["Sword Boomerang","True Grit"],"picked":"Disarm","floor":4.0},{"not_picked":["True Grit","Twin Strike"],"picked":"Inflame+1","floor":5.0},{"not_picked":["Bludgeon","Headbutt"],"picked":"Corruption+1","floor":6.0},{"not_picked":["Clothesline","Wild Strike"],"picked":"Rampage","floor":8.0},{"not_picked":["Wild Strike","Impervious"],"picked":"Pommel Strike","floor":13.0},{"not_picked":["Havoc","Wild Strike","Clothesline"],"picked":"SKIP","floor":14.0},{"not_picked":["Demon Form+1","Immolate"],"picked":"Offering","floor":16.0},{"not_picked":["True Grit","Clothesline"],"picked":"Spot Weakness","floor":18.0},{"not_picked":["Headbutt","Iron Wave"],"picked":"Flex+1","floor":20.0},{"not_picked":["Perfected Strike+1","Sword Boomerang"],"picked":"Offering+1","floor":21.0},{"not_picked":["Heavy Blade","Perfected Strike"],"picked":"Seeing Red+1","floor":22.0},{"not_picked":["Sword Boomerang","Twin Strike"],"picked":"Shockwave+1","floor":23.0},{"not_picked":["Havoc+1","Intimidate+1"],"picked":"Clash","floor":24.0},{"not_picked":["Body Slam+1","Clothesline"],"picked":"Flame Barrier+1","floor":25.0},{"not_picked":["Pommel Strike","Headbutt"],"picked":"Infernal Blade+1","floor":27.0},{"not_picked":["Shockwave+1","Feed"],"picked":"Sword Boomerang","floor":30.0},{"not_picked":["Iron Wave","Sword Boomerang"],"picked":"Warcry+1","floor":31.0},{"not_picked":["Flex+1","Bloodletting+1"],"picked":"Pommel Strike+1","floor":32.0},{"not_picked":["Berserk+1","Offering+1"],"picked":"Double Tap+1","floor":33},{"not_picked":["Evolve+1","Cleave","Carnage+1"],"picked":"Singing Bowl","floor":35},{"not_picked":["Ghostly Armor+1","Cleave"],"picked":"Clash+1","floor":36},{"not_picked":["Burning Pact+1","Flex+1"],"picked":"Battle Trance+1","floor":38},{"not_picked":["Ghostly Armor+1","Barricade+1"],"picked":"Warcry+1","floor":41},{"not_picked":["True Grit+1","Combust+1"],"picked":"Thunderclap+1","floor":42},{"not_picked":["Uppercut+1","Entrench+1"],"picked":"Clash+1","floor":44},{"not_picked":["Pommel Strike+1","Bludgeon"],"picked":"Shrug It Off+1","floor":45},{"not_picked":["Body Slam","Cleave"],"picked":"Thunderclap+1","floor":46},{"not_picked":["Pummel","Clothesline"],"picked":"Seeing Red+1","floor":48},{"not_picked":["Berserk+1","Sword Boomerang"],"picked":"Iron Wave+1","floor":48},{"not_picked":["Warcry+1","Sword Boomerang+1"],"picked":"Burning Pact+1","floor":49},{"not_picked":["Havoc+1","Twin Strike+1"],"picked":"Clash+1","floor":52},{"not_picked":["Fiend Fire","Burning Pact+1"],"picked":"Flex+1","floor":54}],"player_experience":402054,"relics_obtained":[{"floor":6.0,"key":"Orichalcum"},{"floor":13.0,"key":"Ginger"},{"floor":21.0,"key":"Red Mask"},{"floor":23.0,"key":"Centennial Puzzle"},{"floor":25.0,"key":"Torii"},{"floor":26.0,"key":"Singing Bowl"},{"floor":27.0,"key":"Dream Catcher"},{"floor":41,"key":"Dodecahedron"},{"floor":43,"key":"Old Coin"},{"floor":45,"key":"Thread and Needle"},{"floor":46,"key":"Prayer Wheel"},{"floor":54,"key":"Gremlin Horn"}],"event_choices":[{"damage_healed":0.0,"max_hp_gain":0.0,"max_hp_loss":0.0,"gold_gain":75.0,"event_name":"World of Goop","player_choice":"Gather Gold","floor":3.0,"gold_loss":0.0,"damage_taken":11.0},{"cards_removed":["Strike_R"],"damage_healed":0.0,"max_hp_gain":0.0,"max_hp_loss":0.0,"gold_gain":0.0,"event_name":"Golden Wing","player_choice":"Card Removal","floor":11.0,"gold_loss":0.0,"damage_taken":7.0},{"cards_removed":["Defend_R"],"damage_healed":0.0,"max_hp_gain":0.0,"max_hp_loss":0.0,"gold_gain":0.0,"event_name":"Living Wall","player_choice":"Forget","floor":12.0,"gold_loss":0.0,"damage_taken":0.0},{"damage_healed":0.0,"max_hp_gain":0.0,"max_hp_loss":0.0,"gold_gain":0.0,"event_name":"Masked Bandits","player_choice":"Fought Bandits","floor":21.0,"gold_loss":0.0,"damage_taken":0.0},{"damage_healed":0.0,"max_hp_gain":0.0,"max_hp_loss":0.0,"gold_gain":0.0,"event_name":"N\u0027loth","player_choice":"Traded Relic","floor":28.0,"relics_lost":["Tiny House"],"gold_loss":0.0,"damage_taken":0.0,"relics_obtained":["Nloth\u0027s Gift"]},{"damage_healed":0,"gold_gain":222,"player_choice":"Wore Mask","damage_taken":0,"max_hp_gain":0,"max_hp_loss":0,"event_name":"Tomb of Lord Red Mask","floor":37,"gold_loss":0},{"damage_healed":0,"gold_gain":0,"player_choice":"Fight","damage_taken":0,"max_hp_gain":0,"max_hp_loss":0,"event_name":"MindBloom","floor":46,"gold_loss":0}],"is_beta":false,"boss_relics":[{"not_picked":["Lizard Tail","Mark of Pain"],"picked":"Tiny House"},{"not_picked":["Busted Crown","Runic Pyramid"],"picked":"Fusion Hammer"}],"items_purged_floors":[2,19,39,47],"is_endless":false,"potions_floor_spawned":[4,8,14,21,22,24,25,27,35,42,44,48],"killed_by":"The Heart","ascension_level":8}