{"gold_per_floor":[118,137,157,63,80,80,98,123,169,169,179,213,223,243,243,347,347,364,384,309,320,245,245,167,167,190,217,239,271,283,312,324,432,444,468,480,492,520,552,564],"floor_reached":40,"playtime":2690,"items_purged":["Strike_R"],"score":406,"play_id":"680e6882-5dcd-49d4-9907-73c96d6ae957","local_time":"20181102035505","is_ascension_mode":false,"campfire_choices":[{"data":"Armaments","floor":6,"key":"SMITH"},{"floor":15,"key":"REST"},{"data":"Armaments","floor":23,"key":"SMITH"},{"data":"Infernal Blade","floor":25,"key":"SMITH"},{"floor":32,"key":"REST"}],"neow_cost":"NONE","seed_source_timestamp":135246210312302,"circlet_count":0,"master_deck":["Strike_R","Strike_R","Defend_R","Defend_R","Defend_R","Defend_R","Bash","Infernal Blade+1","Rage","Thunderclap","Anger","Armaments+1","Rampage","Sword Boomerang","Ghostly Armor","Clash","Feed","Armaments+1","Rage","Flex+1","Bandage Up","Cleave+1","Infernal Blade+1"],"relics":["Black Blood","Vajra","Bag of Marbles","Boot","Mercury Hourglass","Black Star","MawBank","Turnip"],"potions_floor_usage":[7,27,33,33,38,39,40,40],"damage_taken":[{"damage":12,"enemies":"2 Louse","floor":1,"turns":2},{"damage":6,"enemies":"Jaw Worm","floor":2,"turns":2},{"damage":1,"enemies":"Cultist","floor":3,"turns":3},{"damage":13,"enemies":"Red Slaver","floor":5,"turns":4},{"damage":4,"enemies":"Gremlin Gang","floor":7,"turns":3},{"damage":26,"enemies":"Lagavulin","floor":8,"turns":5},{"damage":2,"enemies":"Blue Slaver","floor":11,"turns":2},{"damage":10,"enemies":"Gremlin Nob","floor":12,"turns":3},{"damage":0,"enemies":"Looter","floor":13,"turns":2},{"damage":3,"enemies":"Red Slaver","floor":14,"turns":2},{"damage":62,"enemies":"The Guardian","floor":16,"turns":10},{"damage":10,"enemies":"2 Thieves","floor":18,"turns":3},{"damage":17,"enemies":"Shell Parasite","floor":19,"turns":5},{"damage":11,"enemies":"Snake Plant","floor":21,"turns":3},{"damage":13,"enemies":"Centurion and Healer","floor":27,"turns":4},{"damage":3,"enemies":"Chosen and Byrds","floor":28,"turns":5},{"damage":2,"enemies":"3 Cultists","floor":29,"turns":5},{"damage":9,"enemies":"Centurion and Healer","floor":31,"turns":4},{"damage":66,"enemies":"Champ","floor":33,"turns":16},{"damage":17,"enemies":"Orb Walker","floor":35,"turns":3},{"damage":32,"enemies":"3 Shapes","floor":38,"turns":6},{"damage":21,"enemies":"3 Darklings","floor":39,"turns":3},{"damage":76,"enemies":"Nemesis","floor":40,"turns":5}],"seed_played":"-1781778065613541152","potions_obtained":[{"floor":3,"key":"Fire Potion"},{"floor":5,"key":"LiquidBronze"},{"floor":7,"key":"Ancient Potion"},{"floor":18,"key":"Explosive Potion"},{"floor":29,"key":"GamblersBrew"},{"floor":33,"key":"Regen Potion"},{"floor":38,"key":"AttackPotion"},{"floor":39,"key":"Block Potion"}],"is_trial":false,"path_per_floor":["M","M","M","$","M","R","M","E","T","?","M","E","M","M","R","B",null,"M","M","?","M","$","R","$","R","T","M","M","M","T","M","R","B",null,"M","?","?","M","M"],"character_chosen":"IRONCLAD","items_purchased":["Anger","Armaments","Rage"],"campfire_rested":2,"item_purchase_floors":[4,4,24],"current_hp_per_floor":[74,74,79,79,72,72,74,54,54,54,58,54,60,63,80,24,80,76,65,65,60,60,60,60,60,60,56,59,66,66,67,90,30,90,83,83,83,74,67,0],"gold":564,"neow_bonus":"RANDOM_COMMON_RELIC","is_prod":false,"is_daily":false,"chose_seed":false,"campfire_upgraded":3,"win_rate":0,"timestamp":1541120105,"path_taken":["M","M","M","$","M","R","M","E","T","?","?","E","?","M","R","BOSS","M","M","?","?","$","R","$","R","T","M","M","M","?","M","R","BOSS","M","?","?","M","?","E"],"build_version":"2018-10-25v2","purchased_purges":1,"victory":false,"max_hp_per_floor":[80,80,80,80,80,80,80,80,80,80,80,80,80,80,80,80,80,80,80,80,80,80,80,80,80,80,83,83,86,86,90,90,90,90,90,90,90,90,90,90],"card_choices":[{"not_picked":["Twin Strike","Second Wind"],"picked":"Infernal Blade","floor":1},{"not_picked":["Inflame","Spot Weakness"],"picked":"Rage","floor":2},{"not_picked":["True Grit","Sword Boomerang"],"picked":"Thunderclap","floor":3},{"not_picked":["Armaments","Rupture"],"picked":"Rampage","floor":5},{"not_picked":["True Grit","Twin Strike"],"picked":"Sword Boomerang","floor":7},{"not_picked":["Heavy Blade","Hemokinesis"],"picked":"Ghostly Armor","floor":8},{"not_picked":["Clothesline","Battle Trance","Exhume"],"picked":"SKIP","floor":11},{"not_picked":["Heavy Blade","Warcry"],"picked":"Clash","floor":12},{"not_picked":["Heavy Blade","Spot Weakness","Sword Boomerang"],"picked":"SKIP","floor":13},{"not_picked":["Cleave","Corruption","Clothesline"],"picked":"SKIP","floor":14},{"not_picked":["Reaper","Bludgeon"],"picked":"Feed","floor":16},{"not_picked":["Havoc+1","Heavy Blade+1","Headbutt"],"picked":"SKIP","floor":18},{"not_picked":["Havoc","Twin Strike","Anger+1"],"picked":"SKIP","floor":19},{"not_picked":["Wild Strike+1","Clothesline"],"picked":"Armaments","floor":21},{"not_picked":["Hemokinesis","Warcry+1","Iron Wave"],"picked":"SKIP","floor":27},{"not_picked":["Ghostly Armor","Iron Wave"],"picked":"Flex+1","floor":28},{"not_picked":["Heavy Blade","Havoc+1","Whirlwind"],"picked":"SKIP","floor":29},{"not_picked":["Corruption","Iron Wave","Spot Weakness"],"picked":"SKIP","floor":31},{"not_picked":["True Grit","Metallicize","Bloodletting+1"],"picked":"SKIP","floor":35},{"not_picked":["Perfected Strike","Flex"],"picked":"Cleave+1","floor":38},{"not_picked":["Double Tap","Dropkick"],"picked":"Infernal Blade+1","floor":39}],"player_experience":255474,"relics_obtained":[{"floor":8,"key":"Bag of Marbles"},{"floor":9,"key":"Boot"},{"floor":12,"key":"Mercury Hourglass"},{"floor":26,"key":"MawBank"},{"floor":30,"key":"Turnip"}],"event_choices":[{"damage_healed":0,"gold_gain":0,"player_choice":"Ignored","damage_taken":0,"max_hp_gain":0,"max_hp_loss":0,"event_name":"Shining Light","floor":10,"gold_loss":0},{"cards_removed":["Strike_R"],"damage_healed":0,"gold_gain":0,"player_choice":"Gave Gold","damage_taken":0,"max_hp_gain":0,"max_hp_loss":0,"event_name":"Beggar","floor":20,"gold_loss":75},{"damage_healed":0,"gold_gain":0,"player_choice":"1 cards matched","damage_taken":0,"max_hp_gain":0,"max_hp_loss":0,"event_name":"Match and Keep!","floor":36,"gold_loss":0,"cards_obtained":["Bandage Up"]},{"cards_removed":["Strike_R"],"damage_healed":0,"gold_gain":0,"player_choice":"Removed Attack","damage_taken":0,"max_hp_gain":0,"max_hp_loss":0,"event_name":"Falling","floor":37,"gold_loss":0}],"is_beta":false,"boss_relics":[{"not_picked":["Eternal Feather","Busted Crown"],"picked":"Black Star"},{"not_picked":["Velvet Choker","Empty Cage"],"picked":"Black Blood"}],"items_purged_floors":[22],"is_endless":false,"potions_floor_spawned":[3,5,7,16,18,19,29,33,38,39],"killed_by":"Nemesis","ascension_level":0}