{"gold_per_floor":[15,33,46,62,76,108,108,140,164,182,202,202,213,243,243,338,338,348,367,383,483,483],"floor_reached":22,"playtime":1453,"items_purged":[],"score":223,"play_id":"4edc4819-1aa4-4d65-a4ec-b8dfd205eebb","local_time":"20190409094210","is_ascension_mode":true,"campfire_choices":[{"data":"Noxious Fumes","floor":7,"key":"SMITH"},{"floor":12,"key":"REST"},{"floor":15,"key":"REST"}],"neow_cost":"NO_GOLD","seed_source_timestamp":551351745184755,"circlet_count":0,"master_deck":["Defend_G","Defend_G","Defend_G","Defend_G","Defend_G","Strike_G","Strike_G","Strike_G","Strike_G","Strike_G","Survivor","Neutralize","Noxious Fumes+1","Poisoned Stab","Blade Dance","PiercingWail","Blade Dance","Flying Knee","Flying Knee","Cloak And Dagger","Envenom","Backstab","Prepared","Deadly Poison"],"relics":["Ring of the Serpent","StoneCalendar","Bag of Marbles","Singing Bowl","Oddly Smooth Stone","WingedGreaves","Pantograph"],"potions_floor_usage":[4,6,13,20,21,22],"damage_taken":[{"damage":0,"enemies":"Cultist","floor":1,"turns":4},{"damage":0,"enemies":"2 Louse","floor":2,"turns":3},{"damage":2,"enemies":"Small Slimes","floor":3,"turns":3},{"damage":4,"enemies":"Blue Slaver","floor":4,"turns":5},{"damage":9,"enemies":"Large Slime","floor":5,"turns":7},{"damage":27,"enemies":"Gremlin Nob","floor":6,"turns":5},{"damage":10,"enemies":"3 Sentries","floor":8,"turns":7},{"damage":5,"enemies":"Looter","floor":10,"turns":3},{"damage":12,"enemies":"Exordium Thugs","floor":11,"turns":4},{"damage":0,"enemies":"Gremlin Gang","floor":13,"turns":4},{"damage":14,"enemies":"Gremlin Nob","floor":14,"turns":4},{"damage":11,"enemies":"Hexaghost","floor":16,"turns":8},{"damage":0,"enemies":"3 Byrds","floor":18,"turns":5},{"damage":12,"enemies":"Shell Parasite","floor":19,"turns":5},{"damage":11,"enemies":"Centurion and Healer","floor":20,"turns":7},{"damage":16,"enemies":"Colosseum Slavers","floor":21,"turns":5},{"damage":33,"enemies":"Colosseum Nobs","floor":21,"turns":5},{"damage":18,"enemies":"Snecko","floor":22,"turns":4}],"seed_played":"4441511375635273511","potions_obtained":[{"floor":3,"key":"Fruit Juice"},{"floor":4,"key":"Weak Potion"},{"floor":5,"key":"Dexterity Potion"},{"floor":11,"key":"SpeedPotion"},{"floor":16,"key":"Swift Potion"},{"floor":20,"key":"SteroidPotion"}],"is_trial":false,"path_per_floor":["M","M","M","M","M","E","R","E","T","M","M","R","M","E","R","B",null,"M","M","M","?","M"],"character_chosen":"THE_SILENT","items_purchased":[],"campfire_rested":2,"item_purchase_floors":[],"current_hp_per_floor":[70,70,68,69,60,33,33,25,25,22,10,33,35,21,45,34,81,81,69,60,11,0],"gold":483,"neow_bonus":"ONE_RARE_RELIC","is_prod":false,"is_daily":false,"chose_seed":false,"campfire_upgraded":1,"win_rate":0,"timestamp":1554817330,"path_taken":["M","M","M","M","?","E","R","E","T","M","M","R","M","E","R","BOSS","M","M","M","?","M"],"build_version":"2019-01-23","purchased_purges":0,"victory":false,"max_hp_per_floor":[70,70,70,75,75,75,75,77,77,79,79,79,81,81,81,81,81,81,81,83,83,83],"card_choices":[{"not_picked":["Dagger Throw","Accuracy"],"picked":"Noxious Fumes","floor":1},{"not_picked":["Outmaneuver","Acrobatics"],"picked":"Poisoned Stab","floor":2},{"not_picked":["Cloak And Dagger","Skewer"],"picked":"Blade Dance","floor":3},{"not_picked":["Footwork","Dash"],"picked":"PiercingWail","floor":4},{"not_picked":["Outmaneuver","Eviscerate"],"picked":"Blade Dance","floor":5},{"not_picked":["Dash","Tactician"],"picked":"Flying Knee","floor":6},{"not_picked":["Doppelganger","PiercingWail","Caltrops"],"picked":"Singing Bowl","floor":8},{"not_picked":["Slice","Deflect","Sucker Punch"],"picked":"Singing Bowl","floor":10},{"not_picked":["Dash","Choke"],"picked":"Flying Knee","floor":11},{"not_picked":["Blade Dance","Outmaneuver","Flying Knee"],"picked":"Singing Bowl","floor":13},{"not_picked":["Sucker Punch","Burst"],"picked":"Cloak And Dagger","floor":14},{"not_picked":["Malaise","Night Terror"],"picked":"Envenom","floor":16},{"not_picked":["Blade Dance","Predator+1"],"picked":"Backstab","floor":18},{"not_picked":["Flying Knee","Slice+1"],"picked":"Prepared","floor":19},{"not_picked":["Blur","Dodge and Roll","Sucker Punch"],"picked":"Singing Bowl","floor":20},{"not_picked":["Acrobatics","Backflip"],"picked":"Deadly Poison","floor":21}],"player_experience":118706,"relics_obtained":[{"floor":6,"key":"Bag of Marbles"},{"floor":8,"key":"Singing Bowl"},{"floor":14,"key":"Oddly Smooth Stone"},{"floor":21,"key":"WingedGreaves"},{"floor":21,"key":"Pantograph"}],"event_choices":[{"damage_healed":0,"gold_gain":0,"player_choice":"Fight","damage_taken":0,"max_hp_gain":0,"max_hp_loss":0,"event_name":"Colosseum","floor":21,"gold_loss":0},{"damage_healed":0,"gold_gain":0,"player_choice":"Fought Nobs","damage_taken":0,"max_hp_gain":0,"max_hp_loss":0,"event_name":"Colosseum","floor":21,"gold_loss":0}],"is_beta":false,"boss_relics":[{"not_picked":["WristBlade","Tiny House"],"picked":"Ring of the Serpent"}],"items_purged_floors":[],"is_endless":false,"potions_floor_spawned":[3,4,5,11,16,20,21],"killed_by":"Snecko","ascension_level":1}