{"gold_per_floor":[119,134,134,76,93,121,121,86,86,86,115,115,153,153,153,249,249,249,249,265,284,196,196,239,239,308,308,308,308,342,342],"floor_reached":31,"playtime":1512,"items_purged":[],"score":604,"play_id":"3b5c3cb2-fb1f-4f0c-84cb-afb9627875c0","local_time":"20190608130208","is_ascension_mode":true,"campfire_choices":[{"data":"True Grit","floor":7.0,"key":"SMITH"},{"data":"Demon Form","floor":10.0,"key":"SMITH"},{"floor":15.0,"key":"REST"},{"floor":23,"key":"REST"},{"floor":25,"key":"REST"},{"data":"Corruption","floor":27,"key":"SMITH"},{"data":"Armaments","floor":29,"key":"SMITH"}],"neow_cost":"CURSE","seed_source_timestamp":0,"circlet_count":0,"master_deck":["AscendersBane","Strike_R+1","Strike_R+1","Strike_R+1","Defend_R+1","Defend_R+1","Defend_R+1","Defend_R+1","Bash","Demon Form+1","Armaments+1","Uppercut","True Grit+1","Hemokinesis","Iron Wave","Clothesline","Feed","True Grit","Corruption+1","Offering","Disarm"],"special_seed":0,"relics":["Burning Blood","Ice Cream","Dead Branch","Pear","Golden Idol","Odd Mushroom","Ornamental Fan","Empty Cage","Bottled Flame","Molten Egg 2","Meat on the Bone"],"potions_floor_usage":[18,21],"damage_taken":[{"damage":17.0,"enemies":"2 Louse","floor":1.0,"turns":4.0},{"damage":3.0,"enemies":"Small Slimes","floor":2.0,"turns":4.0},{"damage":0.0,"enemies":"Cultist","floor":5.0,"turns":3.0},{"damage":31.0,"enemies":"3 Sentries","floor":6.0,"turns":11.0},{"damage":33.0,"enemies":"Gremlin Nob","floor":11.0,"turns":4.0},{"damage":31.0,"enemies":"The Mushroom Lair","floor":13.0,"turns":5.0},{"damage":31.0,"enemies":"The Guardian","floor":16.0,"turns":9.0},{"damage":0,"enemies":"3 Byrds","floor":18,"turns":1},{"damage":38,"enemies":"Shell Parasite","floor":20,"turns":7},{"damage":29,"enemies":"Cultist and Chosen","floor":21,"turns":5},{"damage":31,"enemies":"Slavers","floor":24,"turns":6},{"damage":41,"enemies":"Book of Stabbing","floor":30,"turns":6},{"damage":15,"enemies":"Shelled Parasite and Fungi","floor":31,"turns":2}],"seed_played":"-1817007369748442133","potions_obtained":[{"floor":1.0,"key":"AttackPotion"},{"floor":5.0,"key":"SmokeBomb"},{"floor":13.0,"key":"FearPotion"}],"is_trial":false,"path_per_floor":["M","M","?","$","M","E","R","?","T","R","E","?","?","T","R","B",null,"M","?","M","M","$","R","E","R","T","R","?","R","E","M"],"character_chosen":"IRONCLAD","items_purchased":["True Grit","Corruption"],"campfire_rested":3,"item_purchase_floors":[4,22],"current_hp_per_floor":[57,60,53,53,59,34,34,52,52,52,35,35,10,10,33,8,60,66,66,34,14,14,38,17,42,42,42,42,42,10,0],"gold":342,"neow_bonus":"THREE_RARE_CARDS","is_prod":false,"is_daily":false,"chose_seed":false,"campfire_upgraded":4,"win_rate":0,"timestamp":1560013328,"path_taken":["M","M","?","$","M","E","R","?","T","R","E","?","?","?","R","BOSS","M","?","M","M","$","R","E","R","T","R","?","R","E","M"],"build_version":"2019-01-23","purchased_purges":0,"victory":false,"max_hp_per_floor":[75,75,75,75,75,75,75,75,75,75,85,77,77,77,77,77,77,77,77,77,80,80,80,84,84,84,84,84,84,87,87],"card_choices":[{"not_picked":["Juggernaut","Limit Break"],"picked":"Demon Form","floor":0.0},{"not_picked":["Warcry","Anger"],"picked":"Armaments","floor":1.0},{"not_picked":["Thunderclap","Blood for Blood"],"picked":"Uppercut","floor":2.0},{"not_picked":["Ghostly Armor","Body Slam"],"picked":"Hemokinesis","floor":5.0},{"not_picked":["Sentinel","Hemokinesis"],"picked":"Iron Wave","floor":6.0},{"not_picked":["Body Slam","Armaments"],"picked":"Clothesline","floor":11.0},{"not_picked":["Double Tap","Barricade"],"picked":"Feed","floor":16.0},{"not_picked":["Combust+1","Clothesline","Wild Strike+1"],"picked":"SKIP","floor":20},{"not_picked":["Sever Soul","Twin Strike"],"picked":"True Grit","floor":21},{"not_picked":["Clash","Armaments","Offering"],"picked":"SKIP","floor":24},{"not_picked":["Clash","Armaments"],"picked":"Offering","floor":24},{"not_picked":["Rupture","Battle Trance+1"],"picked":"Disarm","floor":30}],"player_experience":596185,"relics_obtained":[{"floor":6.0,"key":"Ice Cream"},{"floor":9.0,"key":"Dead Branch"},{"floor":11.0,"key":"Pear"},{"floor":13.0,"key":"Odd Mushroom"},{"floor":14.0,"key":"Ornamental Fan"},{"floor":24,"key":"Bottled Flame"},{"floor":26,"key":"Molten Egg 2"},{"floor":30,"key":"Meat on the Bone"}],"event_choices":[{"cards_removed":["Decay"],"damage_healed":0.0,"max_hp_gain":0.0,"max_hp_loss":0.0,"gold_gain":0.0,"event_name":"Golden Wing","player_choice":"Card Removal","floor":3.0,"gold_loss":0.0,"damage_taken":7.0},{"damage_healed":18.0,"max_hp_gain":0.0,"max_hp_loss":0.0,"gold_gain":0.0,"event_name":"The Cleric","player_choice":"Healed","floor":8.0,"gold_loss":35.0,"damage_taken":0.0},{"damage_healed":0.0,"max_hp_gain":0.0,"max_hp_loss":8.0,"gold_gain":0.0,"event_name":"Golden Idol","player_choice":"Lose Max HP","floor":12.0,"gold_loss":0.0,"damage_taken":0.0,"relics_obtained":["Golden Idol"]},{"damage_healed":0.0,"max_hp_gain":0.0,"max_hp_loss":0.0,"gold_gain":0.0,"event_name":"Mushrooms","player_choice":"Fought Mushrooms","floor":13.0,"gold_loss":0.0,"damage_taken":0.0},{"damage_healed":0,"gold_gain":0,"player_choice":"Simplicity","damage_taken":0,"max_hp_gain":0,"max_hp_loss":0,"event_name":"Back to Basics","floor":19,"gold_loss":0,"cards_upgraded":["Strike_R","Strike_R","Strike_R","Defend_R","Defend_R","Defend_R","Defend_R"]},{"damage_healed":0,"gold_gain":0,"player_choice":"Ignored","damage_taken":0,"max_hp_gain":0,"max_hp_loss":0,"event_name":"Ghosts","floor":28,"gold_loss":0}],"is_beta":false,"boss_relics":[{"not_picked":["White Beast Statue","Runic Pyramid"],"picked":"Empty Cage"}],"items_purged_floors":[],"is_endless":false,"potions_floor_spawned":[1,5,13,18],"killed_by":"Shelled Parasite and Fungi","ascension_level":20}