{"gold_per_floor":[364,374,69,69,81,81,98,148,148,148,178,178,178,197,197,197],"floor_reached":16,"playtime":473,"items_purged":[],"score":200,"play_id":"f742ac4e-2e80-4e10-84fd-9467dd2ff777","local_time":"20190522211813","is_ascension_mode":true,"campfire_choices":[{"data":"Carnage","floor":6.0,"key":"SMITH"},{"data":"Bash","floor":10.0,"key":"SMITH"},{"data":"Shrug It Off","floor":12.0,"key":"SMITH"},{"floor":15.0,"key":"REST"}],"neow_cost":"TEN_PERCENT_HP_LOSS","seed_source_timestamp":0,"circlet_count":0,"master_deck":["AscendersBane","Strike_R","Strike_R","Strike_R","Strike_R","Strike_R","Defend_R","Defend_R","Defend_R","Defend_R","Bash+1","True Grit","Heavy Blade","Carnage+1","Shrug It Off+1","Battle Trance","Battle Trance"],"special_seed":0,"relics":["Burning Blood","Bronze Scales","Smiling Mask","Bag of Preparation","PreservedInsect","Centennial Puzzle"],"potions_floor_usage":[],"damage_taken":[{"damage":7.0,"enemies":"Small Slimes","floor":1.0,"turns":4.0},{"damage":6.0,"enemies":"Cultist","floor":2.0,"turns":3.0},{"damage":0.0,"enemies":"2 Louse","floor":5.0,"turns":2.0},{"damage":5.0,"enemies":"Gremlin Gang","floor":7.0,"turns":5.0},{"damage":53.0,"enemies":"Gremlin Nob","floor":11.0,"turns":5.0},{"damage":3.0,"enemies":"Lots of Slimes","floor":14.0,"turns":5.0},{"damage":30,"enemies":"The Guardian","floor":16,"turns":6}],"seed_played":"8409852841804272569","potions_obtained":[{"floor":1.0,"key":"EssenceOfSteel"},{"floor":5.0,"key":"Block Potion"},{"floor":11.0,"key":"SkillPotion"}],"is_trial":false,"path_per_floor":["M","M","$","?","M","R","M","T","T","R","E","R","?","M","R","B"],"character_chosen":"IRONCLAD","items_purchased":["Carnage","Shrug It Off","Bronze Scales"],"campfire_rested":1,"item_purchase_floors":[3,3,3],"current_hp_per_floor":[67,67,67,67,68,68,68,68,68,68,21,21,21,24,44,14],"gold":197,"neow_bonus":"TWO_FIFTY_GOLD","is_prod":false,"is_daily":false,"chose_seed":false,"campfire_upgraded":3,"win_rate":0,"timestamp":1558574293,"path_taken":["M","M","$","?","?","R","M","?","T","R","E","R","?","?","R","BOSS"],"build_version":"2019-01-23","purchased_purges":0,"victory":false,"max_hp_per_floor":[68,68,68,68,68,68,68,68,68,68,68,68,68,68,68,68],"card_choices":[{"not_picked":["Intimidate","Heavy Blade"],"picked":"True Grit","floor":1.0},{"not_picked":["Seeing Red","Cleave"],"picked":"Heavy Blade","floor":2.0},{"not_picked":["Warcry","Havoc","Rage"],"picked":"SKIP","floor":5.0},{"not_picked":["Double Tap","Cleave","Dual Wield"],"picked":"SKIP","floor":7.0},{"not_picked":["Searing Blow","Reckless Charge"],"picked":"Battle Trance","floor":11.0},{"not_picked":["Clash","Heavy Blade"],"picked":"Battle Trance","floor":14.0}],"player_experience":484470,"relics_obtained":[{"floor":8.0,"key":"Smiling Mask"},{"floor":9.0,"key":"Bag of Preparation"},{"floor":11.0,"key":"PreservedInsect"}],"event_choices":[{"damage_healed":0.0,"max_hp_gain":0.0,"max_hp_loss":0.0,"gold_gain":0.0,"event_name":"Match and Keep!","player_choice":"0 cards matched","floor":4.0,"gold_loss":0.0,"damage_taken":0.0,"cards_obtained":[]},{"damage_healed":0.0,"max_hp_gain":0.0,"max_hp_loss":0.0,"gold_gain":0.0,"event_name":"WeMeetAgain","player_choice":"Gave Potion","floor":13.0,"gold_loss":0.0,"damage_taken":0.0,"relics_obtained":["Centennial Puzzle"]}],"is_beta":false,"boss_relics":[],"items_purged_floors":[],"is_endless":false,"potions_floor_spawned":[1,5,11],"killed_by":"The Guardian","ascension_level":20}