{"gold_per_floor":[114,39,39,54,54,54,69,69,94,109,139,154,169,184,184,284,284,299,199,214,214,229,259,274,274,274,289,314,314,314,314,314,314],"floor_reached":33,"playtime":6141,"items_purged":["Darkness","Storm"],"score":521,"play_id":"cc1c4b60-8f4c-4406-bf46-7d00d2060555","local_time":"20190417133958","daily_mods":["Insanity","Uncertain Future","Lethality"],"is_ascension_mode":false,"campfire_choices":[{"data":"Scrape","floor":6,"key":"SMITH"},{"data":"Loop","floor":8,"key":"SMITH"},{"data":"Steam Power","floor":15,"key":"SMITH"},{"floor":25,"key":"REST"},{"floor":30,"key":"REST"},{"data":"Scrape","floor":32,"key":"SMITH"}],"neow_cost":"","seed_source_timestamp":0,"circlet_count":0,"master_deck":["Melter","Streamline","Sweeping Beam","Redo","Leap","Go for the Eyes","Cold Snap","Sunder","Compile Driver","Cold Snap","Beam Cell","Double Energy","Cold Snap","Barrage","Steam","Steam Power","White Noise","Undo","Barrage","Scrape+1","Chill","Conserve Battery","Compile Driver","Cold Snap","Gash","Conserve Battery","Beam Cell","Chill","Barrage","Reprogram","Compile Driver","Gash","Blizzard","Conserve Battery","Beam Cell","Gash","Force Field","Barrage","Hologram","Hologram","Barrage","Skim","Gash","Conserve Battery","Sweeping Beam","Skim","Scrape+1","Steam Power+1","Loop+1","All For One","Seek","Gash","Steam Power","Electrodynamics"],"special_seed":18003,"relics":["Cracked Core","Potion Belt","Singing Bowl","Philosopher\u0027s Stone","Letter Opener","Du-Vu Doll","Red Mask"],"potions_floor_usage":[16,23,24,27,29],"damage_taken":[{"damage":0,"enemies":"Small Slimes","floor":1,"turns":2},{"damage":0,"enemies":"Cultist","floor":4,"turns":1},{"damage":0,"enemies":"2 Louse","floor":7,"turns":1},{"damage":0,"enemies":"2 Fungi Beasts","floor":10,"turns":2},{"damage":0,"enemies":"Gremlin Nob","floor":11,"turns":2},{"damage":8,"enemies":"Looter","floor":12,"turns":2},{"damage":7,"enemies":"Red Slaver","floor":13,"turns":3},{"damage":0,"enemies":"Lots of Slimes","floor":14,"turns":1},{"damage":0,"enemies":"Slime Boss","floor":16,"turns":4},{"damage":1,"enemies":"Chosen","floor":18,"turns":2},{"damage":0,"enemies":"Spheric Guardian","floor":20,"turns":2},{"damage":21,"enemies":"Shelled Parasite and Fungi","floor":22,"turns":4},{"damage":25,"enemies":"Gremlin Leader","floor":23,"turns":5},{"damage":0,"enemies":"Snecko","floor":24,"turns":2},{"damage":20,"enemies":"Snake Plant","floor":27,"turns":4},{"damage":11,"enemies":"Masked Bandits","floor":28,"turns":3},{"damage":0,"enemies":"Shelled Parasite and Fungi","floor":29,"turns":1},{"damage":56,"enemies":"Champ","floor":33,"turns":7}],"seed_played":"-3469368517939405198","potions_obtained":[{"floor":1,"key":"Energy Potion"},{"floor":7,"key":"Dexterity Potion"},{"floor":11,"key":"EssenceOfSteel"},{"floor":14,"key":"SmokeBomb"},{"floor":22,"key":"Weak Potion"},{"floor":23,"key":"SkillPotion"},{"floor":24,"key":"Ancient Potion"}],"is_trial":false,"path_per_floor":["M","$","?","M","$","R","M","R","T","M","E","M","M","M","R","B",null,"M","$","M","?","M","E","M","R","T","M","?","M","R","?","R","B"],"character_chosen":"DEFECT","items_purchased":[],"campfire_rested":2,"item_purchase_floors":[],"current_hp_per_floor":[75,75,75,75,75,75,75,75,75,75,77,69,64,66,66,66,81,82,82,84,68,49,26,26,54,54,34,25,25,53,53,53,0],"gold":314,"neow_bonus":"","is_prod":false,"is_daily":true,"chose_seed":false,"campfire_upgraded":4,"win_rate":0,"timestamp":1555522798,"path_taken":["M","$","?","M","?","R","M","R","T","M","E","?","M","M","R","BOSS","M","$","M","?","M","E","M","R","T","M","?","M","R","?","R","BOSS"],"build_version":"2019-01-23","purchased_purges":2,"victory":false,"max_hp_per_floor":[75,75,75,75,75,75,75,75,75,75,77,77,79,81,81,81,81,83,83,85,90,92,94,94,94,94,94,96,96,96,96,96,96],"card_choices":[{"not_picked":["Sweeping Beam","Barrage"],"picked":"Scrape","floor":1},{"not_picked":["Doom and Gloom","Coolheaded"],"picked":"Steam Power","floor":4},{"not_picked":["Ball Lightning","Steam"],"picked":"Loop","floor":7},{"not_picked":["Ball Lightning","Static Discharge","Chaos"],"picked":"SKIP","floor":10},{"not_picked":["Redo","Barrage","Chaos"],"picked":"Singing Bowl","floor":11},{"not_picked":["Ball Lightning","Steam"],"picked":"All For One","floor":12},{"not_picked":["Static Discharge","Compile Driver","Steam Power"],"picked":"Singing Bowl","floor":13},{"not_picked":["Redo","Stack","Barrage"],"picked":"Singing Bowl","floor":14},{"not_picked":["Meteor Strike","Fission"],"picked":"Seek","floor":16},{"not_picked":["Coolheaded+1","Tempest+1","Sunder"],"picked":"Singing Bowl","floor":18},{"not_picked":["Steam","Redo","Turbo"],"picked":"Singing Bowl","floor":20},{"not_picked":["Chill","Force Field","Go for the Eyes+1"],"picked":"Singing Bowl","floor":22},{"not_picked":["Recycle","Blizzard","Leap"],"picked":"Singing Bowl","floor":23},{"not_picked":["Doom and Gloom","Sweeping Beam"],"picked":"Gash","floor":24},{"not_picked":["Leap","Ball Lightning"],"picked":"Steam Power","floor":27},{"not_picked":["Ball Lightning+1","Turbo","Go for the Eyes"],"picked":"Singing Bowl","floor":28}],"player_experience":172143,"relics_obtained":[{"floor":9,"key":"Potion Belt"},{"floor":11,"key":"Singing Bowl"},{"floor":23,"key":"Letter Opener"},{"floor":26,"key":"Du-Vu Doll"},{"floor":28,"key":"Red Mask"}],"event_choices":[{"cards_removed":["Turbo"],"damage_healed":5,"gold_gain":0,"player_choice":"Offered Common","damage_taken":0,"max_hp_gain":0,"max_hp_loss":0,"event_name":"Bonfire Elementals","floor":3,"gold_loss":0},{"cards_removed":["Turbo"],"damage_healed":5,"gold_gain":0,"player_choice":"Offered Special","damage_taken":0,"max_hp_gain":0,"max_hp_loss":0,"event_name":"Bonfire Elementals","floor":3,"gold_loss":0},{"damage_healed":0,"gold_gain":0,"player_choice":"Shed Blood","damage_taken":21,"max_hp_gain":5,"max_hp_loss":0,"event_name":"Forgotten Altar","floor":21,"gold_loss":0},{"damage_healed":0,"gold_gain":0,"player_choice":"Fought Bandits","damage_taken":0,"max_hp_gain":0,"max_hp_loss":0,"event_name":"Masked Bandits","floor":28,"gold_loss":0},{"damage_healed":0,"gold_gain":0,"cards_transformed":["Recycle"],"player_choice":"Transformed","damage_taken":0,"max_hp_gain":0,"max_hp_loss":0,"event_name":"Transmorgrifier","floor":31,"gold_loss":0,"cards_obtained":["Electrodynamics"]}],"is_beta":false,"boss_relics":[{"not_picked":["Fusion Hammer","Runic Pyramid"],"picked":"Philosopher\u0027s Stone"}],"items_purged_floors":[2,19],"is_endless":false,"potions_floor_spawned":[1,7,11,14,22,23,24],"killed_by":"Champ","ascension_level":0}