{"gold_per_floor":[112,124,124,11,29,64,64,64,94,94,94,114,153,183,195,307,319,344,431,463,491,100,100,127,227,254,274,288,288,288,300,300,396,396,416,433,433,205,225,253,77,91,139,139,139,139,151,26,26,26],"floor_reached":51,"playtime":4819,"items_purged":["Wraith Form v2","Storm of Steel","Defend_G"],"score":832,"play_id":"d26c86b8-87ac-4f14-b0ae-ff66a15dcd5b","local_time":"20181016023539","daily_mods":["Shiny","Vintage","Heirloom"],"is_ascension_mode":false,"campfire_choices":[{"floor":8,"key":"REST"},{"floor":11,"key":"REST"},{"floor":15,"key":"REST"},{"floor":23,"key":"REST"},{"floor":30,"key":"REST"},{"floor":32,"key":"REST"},{"data":"Enlightenment+1","floor":45,"key":"PURGE"},{"floor":49,"key":"REST"}],"neow_cost":"","seed_source_timestamp":0,"circlet_count":0,"master_deck":["Venomology","Phantasmal Killer","Die Die Die","Adrenaline","Envenom","Tools of the Trade","Unload","After Image","Bullet Time","Glass Knife+1","A Thousand Cuts","Defend_G","Defend_G","Defend_G","Defend_G","Strike_G","Strike_G","Strike_G","Strike_G","Neutralize","Glass Knife","Noxious Fumes","Caltrops","Well Laid Plans","Bullet Time+1","Dagger Throw+1","Prepared+1","Caltrops","Tools of the Trade+1","Footwork+1","Infinite Blades+1","Noxious Fumes","Apotheosis+1"],"relics":["Ring of the Snake","StoneCalendar","Gremlin Horn","Pocketwatch","Mummified Hand","Matryoshka","Tiny Chest","Dodecahedron","Toxic Egg 2","Paper Crane","MawBank","Bag of Preparation","Thread and Needle","Meat on the Bone","Empty Cage","Pen Nib","PreservedInsect","Du-Vu Doll","Singing Bowl","Ancient Tea Set","Dead Branch","Letter Opener","Juzu Bracelet","Mango","Potion Belt","Blood Vial","Lantern","Astrolabe","Turnip","Peace Pipe","Whetstone","Oddly Smooth Stone","Bottled Flame","Vajra","Regal Pillow","FossilizedHelix","Blue Candle"],"potions_floor_usage":[13,13,14,14,18,21,24,24,25,25,25,25,27,31,33,39,44,44,50,50,50,50],"damage_taken":[{"damage":11,"enemies":"Jaw Worm","floor":1,"turns":2},{"damage":14,"enemies":"2 Louse","floor":2,"turns":5},{"damage":0,"enemies":"Cultist","floor":5,"turns":2},{"damage":10,"enemies":"Lagavulin","floor":6,"turns":5},{"damage":18,"enemies":"Exordium Wildlife","floor":12,"turns":3},{"damage":0,"enemies":"Gremlin Nob","floor":13,"turns":4},{"damage":2,"enemies":"Large Slime","floor":14,"turns":2},{"damage":0,"enemies":"The Guardian","floor":16,"turns":7},{"damage":21,"enemies":"2 Thieves","floor":18,"turns":4},{"damage":9,"enemies":"Spheric Guardian","floor":20,"turns":4},{"damage":0,"enemies":"Shelled Parasite and Fungi","floor":21,"turns":3},{"damage":8,"enemies":"Book of Stabbing","floor":24,"turns":3},{"damage":3,"enemies":"Colosseum Slavers","floor":25,"turns":5},{"damage":41,"enemies":"Colosseum Nobs","floor":25,"turns":5},{"damage":0,"enemies":"3 Cultists","floor":27,"turns":2},{"damage":11,"enemies":"Centurion and Healer","floor":28,"turns":3},{"damage":0,"enemies":"Chosen and Byrds","floor":31,"turns":2},{"damage":3,"enemies":"Automaton","floor":33,"turns":5},{"damage":44,"enemies":"3 Darklings","floor":35,"turns":3},{"damage":0,"enemies":"Orb Walker","floor":36,"turns":2},{"damage":13,"enemies":"4 Shapes","floor":39,"turns":2},{"damage":21,"enemies":"2 Orb Walkers","floor":40,"turns":3},{"damage":18,"enemies":"Spire Growth","floor":42,"turns":4},{"damage":0,"enemies":"Mind Bloom Boss Battle","floor":44,"turns":4},{"damage":0,"enemies":"Maw","floor":47,"turns":4},{"damage":54,"enemies":"Donu and Deca","floor":50,"turns":7}],"seed_played":"1094394685073509230","potions_obtained":[{"floor":5,"key":"Fire Potion"},{"floor":6,"key":"SpeedPotion"},{"floor":13,"key":"Strength Potion"},{"floor":24,"key":"Strength Potion"},{"floor":27,"key":"SpeedPotion"},{"floor":28,"key":"GhostInAJar"},{"floor":36,"key":"Regen Potion"},{"floor":40,"key":"Dexterity Potion"},{"floor":42,"key":"EssenceOfSteel"}],"is_trial":true,"path_per_floor":["M","M","?","$","M","E","$","R","T","T","R","M","E","M","R","B",null,"M","?","M","M","$","R","E","?","T","M","M","?","R","M","R","B",null,"M","M","?","$","M","E","$","M","T","?","R","?","M","$","R","B"],"character_chosen":"THE_SILENT","items_purchased":["Noxious Fumes","Dagger Throw","Singing Bowl","Whetstone","Noxious Fumes","Apotheosis+1"],"campfire_rested":7,"item_purchase_floors":[4,22,22,38,38,41],"current_hp_per_floor":[59,45,45,45,45,35,35,56,56,56,70,52,52,50,70,70,70,49,42,45,45,45,66,58,28,28,54,55,55,80,80,86,85,88,56,58,58,58,56,51,51,47,47,65,65,65,67,67,92,50],"gold":26,"neow_bonus":"","is_prod":false,"is_daily":false,"chose_seed":false,"campfire_upgraded":0,"win_rate":0,"timestamp":1539646539,"path_taken":["M","M","?","$","M","E","$","R","T","?","R","M","E","M","R","BOSS","M","?","M","M","$","R","E","?","T","M","M","?","R","M","R","BOSS","M","M","?","$","M","E","$","M","T","?","R","?","M","$","R","BOSS"],"build_version":"2018-10-11","purchased_purges":3,"victory":true,"max_hp_per_floor":[70,70,70,70,70,70,70,70,70,70,70,70,70,70,70,70,70,70,70,70,70,70,70,70,72,72,86,86,86,86,86,86,88,88,88,88,88,88,88,90,90,90,90,92,92,92,92,92,92,92],"card_choices":[{"not_picked":["PiercingWail","Skewer"],"picked":"Caltrops","floor":6},{"not_picked":["PiercingWail+1","Concentrate+1"],"picked":"Well Laid Plans","floor":13},{"not_picked":["Die Die Die","Doppelganger+1"],"picked":"Bullet Time+1","floor":16},{"not_picked":["Accuracy+1","Dodge and Roll+1"],"picked":"Prepared+1","floor":24},{"not_picked":["Slice+1","Flying Knee","Underhanded Strike"],"picked":"Singing Bowl","floor":25},{"not_picked":["Grand Finale","Burst+1","After Image"],"picked":"Singing Bowl","floor":33},{"not_picked":["Forethought+1","Impatience+1"],"picked":"Enlightenment+1","floor":37},{"not_picked":["Deadly Poison+1","Prepared+1","PiercingWail+1"],"picked":"Singing Bowl","floor":40},{"not_picked":["Underhanded Strike","Dagger Spray+1","Masterful Stab"],"picked":"Singing Bowl","floor":44}],"player_experience":133225,"relics_obtained":[{"floor":1,"key":"Gremlin Horn"},{"floor":2,"key":"Pocketwatch"},{"floor":5,"key":"Mummified Hand"},{"floor":6,"key":"Matryoshka"},{"floor":9,"key":"Tiny Chest"},{"floor":9,"key":"Dodecahedron"},{"floor":10,"key":"Toxic Egg 2"},{"floor":10,"key":"Paper Crane"},{"floor":12,"key":"MawBank"},{"floor":13,"key":"Bag of Preparation"},{"floor":14,"key":"Thread and Needle"},{"floor":16,"key":"Meat on the Bone"},{"floor":18,"key":"Pen Nib"},{"floor":20,"key":"PreservedInsect"},{"floor":21,"key":"Du-Vu Doll"},{"floor":24,"key":"Ancient Tea Set"},{"floor":25,"key":"Dead Branch"},{"floor":25,"key":"Letter Opener"},{"floor":26,"key":"Juzu Bracelet"},{"floor":27,"key":"Mango"},{"floor":28,"key":"Potion Belt"},{"floor":31,"key":"Blood Vial"},{"floor":33,"key":"Lantern"},{"floor":35,"key":"Turnip"},{"floor":36,"key":"Peace Pipe"},{"floor":39,"key":"Oddly Smooth Stone"},{"floor":40,"key":"Bottled Flame"},{"floor":42,"key":"Vajra"},{"floor":43,"key":"Regal Pillow"},{"floor":44,"key":"FossilizedHelix"},{"floor":47,"key":"Blue Candle"}],"event_choices":[{"event_name":"Living Wall","player_choice":"Change","floor":3,"damage_taken":0},{"event_name":"FaceTrader","player_choice":"Touch","floor":19,"damage_taken":0},{"event_name":"Colosseum","player_choice":"Fight","floor":25,"damage_taken":0},{"event_name":"Colosseum","player_choice":"Fought Nobs","floor":25,"damage_taken":0},{"event_name":"Transmorgrifier","player_choice":"Transform","floor":29,"damage_taken":0},{"event_name":"SensoryStone","player_choice":"Memory 1","floor":37,"damage_taken":0},{"event_name":"MindBloom","player_choice":"Fight","floor":44,"damage_taken":0},{"event_name":"Falling","player_choice":"Removed Attack","floor":46,"damage_taken":0}],"is_beta":false,"boss_relics":[{"not_picked":["Black Star","Lizard Tail"],"picked":"Empty Cage"},{"not_picked":["Ring of the Serpent","HoveringKite"],"picked":"Astrolabe"}],"items_purged_floors":[4,22,48],"is_endless":false,"potions_floor_spawned":[5,6,13,18,21,24,27,28,36,40,42],"ascension_level":0}