{"gold_per_floor":[109,121,121,141,154,154,174,174,248,261,229,242,242,269,269,374,374,387,402,45,45,45],"floor_reached":22,"playtime":1357,"items_purged":["Strike_R"],"score":282,"play_id":"4f3242a0-f039-4745-a103-ee075384dc09","local_time":"20190609152632","is_ascension_mode":true,"campfire_choices":[{"data":"Bash","floor":6,"key":"SMITH"},{"floor":8,"key":"REST"},{"data":"Barricade","floor":15,"key":"SMITH"}],"neow_cost":"PERCENT_DAMAGE","seed_source_timestamp":868508860181714,"circlet_count":0,"master_deck":["AscendersBane","Strike_R","Strike_R","Strike_R","Defend_R","Defend_R","Defend_R","Bash+1","Clash","Barricade+1","Cleave","Disarm","Pommel Strike","Pommel Strike","Metallicize","Offering","Ghostly Armor","Shrug It Off","True Grit","Armaments","Shrug It Off","Armaments","Battle Trance","Master of Strategy"],"relics":["Burning Blood","Ginger","Shuriken","PreservedInsect","Orrery","Membership Card"],"potions_floor_usage":[5,5,7,18,18,19,22],"damage_taken":[{"damage":9,"enemies":"Small Slimes","floor":1,"turns":4},{"damage":5,"enemies":"2 Louse","floor":2,"turns":3},{"damage":7,"enemies":"Jaw Worm","floor":4,"turns":3},{"damage":3,"enemies":"Exordium Thugs","floor":5,"turns":6},{"damage":40,"enemies":"Gremlin Gang","floor":7,"turns":5},{"damage":15,"enemies":"3 Louse","floor":10,"turns":3},{"damage":6,"enemies":"2 Fungi Beasts","floor":12,"turns":3},{"damage":24,"enemies":"Gremlin Nob","floor":14,"turns":4},{"damage":29,"enemies":"Slime Boss","floor":16,"turns":11},{"damage":6,"enemies":"3 Byrds","floor":18,"turns":2},{"damage":33,"enemies":"Spheric Guardian","floor":19,"turns":9},{"damage":45,"enemies":"Snecko","floor":22,"turns":6}],"seed_played":"8634428487921028455","potions_obtained":[{"floor":2,"key":"SkillPotion"},{"floor":4,"key":"BloodPotion"},{"floor":5,"key":"Ancient Potion"},{"floor":14,"key":"LiquidBronze"},{"floor":16,"key":"LiquidBronze"},{"floor":18,"key":"Explosive Potion"},{"floor":21,"key":"Explosive Potion"},{"floor":21,"key":"Dexterity Potion"},{"floor":21,"key":"GamblersBrew"}],"is_trial":false,"path_per_floor":["M","M","?","M","M","R","M","R","T","M","?","M","?","E","R","B",null,"M","M","$","?","M"],"character_chosen":"IRONCLAD","items_purchased":["Membership Card","Battle Trance","Master of Strategy"],"campfire_rested":1,"item_purchase_floors":[20,20,20],"current_hp_per_floor":[48,49,31,30,41,41,7,31,31,22,22,22,80,62,62,39,70,70,43,43,43,0],"gold":45,"neow_bonus":"REMOVE_TWO","is_prod":false,"is_daily":false,"chose_seed":false,"campfire_upgraded":2,"win_rate":0,"timestamp":1560108392,"path_taken":["M","M","?","M","M","R","M","R","T","M","?","M","?","E","R","BOSS","M","M","$","?","M"],"build_version":"2019-01-23","purchased_purges":1,"victory":false,"max_hp_per_floor":[80,80,80,80,80,80,80,80,80,80,80,80,80,80,80,80,80,80,80,80,80,80],"card_choices":[{"not_picked":["Body Slam","Sever Soul"],"picked":"Clash","floor":1},{"not_picked":["Flex","Sever Soul"],"picked":"Barricade","floor":2},{"not_picked":["Bloodletting","Sword Boomerang","Iron Wave"],"picked":"SKIP","floor":4},{"not_picked":["Burning Pact","Rupture"],"picked":"Cleave","floor":5},{"not_picked":["Dropkick","Heavy Blade"],"picked":"Disarm","floor":7},{"not_picked":["Searing Blow","True Grit"],"picked":"Pommel Strike","floor":10},{"not_picked":["Feel No Pain","Reckless Charge"],"picked":"Pommel Strike","floor":12},{"not_picked":["True Grit","Clash"],"picked":"Metallicize","floor":14},{"not_picked":["Dark Embrace","Double Tap"],"picked":"Offering","floor":16},{"not_picked":["Shockwave","Rupture"],"picked":"Ghostly Armor","floor":17},{"not_picked":["Dual Wield","Fire Breathing"],"picked":"Shrug It Off","floor":17},{"not_picked":["Clash","Clothesline"],"picked":"True Grit","floor":17},{"not_picked":["Heavy Blade","Corruption"],"picked":"Armaments","floor":17},{"not_picked":["True Grit","Brutality"],"picked":"Shrug It Off","floor":17},{"not_picked":["Wild Strike","Intimidate"],"picked":"Armaments","floor":18},{"not_picked":["Anger","Headbutt","Immolate"],"picked":"SKIP","floor":19}],"player_experience":428581,"relics_obtained":[{"floor":9,"key":"Shuriken"},{"floor":14,"key":"PreservedInsect"}],"event_choices":[{"damage_healed":0,"gold_gain":0,"player_choice":"Success","damage_taken":18,"relics_obtained":["Ginger"],"max_hp_gain":0,"max_hp_loss":0,"event_name":"Scrap Ooze","floor":3,"gold_loss":0},{"damage_healed":0,"gold_gain":0,"player_choice":"Left Gold","damage_taken":0,"max_hp_gain":0,"max_hp_loss":0,"event_name":"World of Goop","floor":11,"gold_loss":32},{"damage_healed":58,"gold_gain":0,"player_choice":"Full Heal","damage_taken":0,"max_hp_gain":0,"max_hp_loss":0,"event_name":"Wheel of Change","floor":13,"gold_loss":0},{"damage_healed":0,"gold_gain":0,"player_choice":"Got Potions","damage_taken":0,"max_hp_gain":0,"max_hp_loss":0,"event_name":"Lab","floor":21,"gold_loss":0}],"is_beta":false,"boss_relics":[{"not_picked":["Mark of Pain","Fusion Hammer"],"picked":"Orrery"}],"items_purged_floors":[20],"is_endless":false,"potions_floor_spawned":[2,4,5,14,16,18],"killed_by":"Snecko","ascension_level":10}