{"gold_per_floor":[117,131,146,146,166,192,205,232,259,259,104,114,141,151,151,255,255,265,27,37,50,64,64,64,75,75,75],"floor_reached":27,"playtime":1753,"items_purged":["Strike_R"],"score":239,"play_id":"f91a97e5-434d-4b17-a6fc-feb1bb9cf44b","local_time":"20190508144656","is_ascension_mode":false,"campfire_choices":[{"data":"Inflame","floor":10,"key":"SMITH"},{"floor":15,"key":"REST"},{"data":"Metallicize","floor":23,"key":"SMITH"}],"neow_cost":"NONE","seed_source_timestamp":242231512613646,"circlet_count":0,"master_deck":["Bash","Carnage+1","Rampage","Inflame+1","Shockwave","Battle Trance","Clothesline","Spot Weakness","Cleave","Bludgeon","Burning Pact","Dropkick","Offering","Bludgeon+1","Corruption","Corruption","Perfected Strike","Shrug It Off+1","Metallicize+1","Armaments","Ghostly Armor"],"relics":["Burning Blood","Blue Candle","Vajra","Oddly Smooth Stone","Bronze Scales","Pandora\u0027s Box","Whetstone","Nunchaku"],"potions_floor_usage":[13,25,25,27],"damage_taken":[{"damage":1,"enemies":"Cultist","floor":1,"turns":4},{"damage":2,"enemies":"Small Slimes","floor":2,"turns":3},{"damage":5,"enemies":"2 Louse","floor":3,"turns":2},{"damage":4,"enemies":"Blue Slaver","floor":5,"turns":3},{"damage":35,"enemies":"Lagavulin","floor":6,"turns":6},{"damage":14,"enemies":"3 Louse","floor":7,"turns":3},{"damage":25,"enemies":"Gremlin Nob","floor":8,"turns":4},{"damage":1,"enemies":"Exordium Thugs","floor":12,"turns":6},{"damage":27,"enemies":"3 Sentries","floor":13,"turns":7},{"damage":14,"enemies":"Lots of Slimes","floor":14,"turns":4},{"damage":20,"enemies":"Slime Boss","floor":16,"turns":8},{"damage":16,"enemies":"Spheric Guardian","floor":18,"turns":3},{"damage":19,"enemies":"3 Byrds","floor":20,"turns":4},{"damage":34,"enemies":"Shelled Parasite and Fungi","floor":21,"turns":5},{"damage":18,"enemies":"Snake Plant","floor":22,"turns":4},{"damage":24,"enemies":"Sentry and Sphere","floor":25,"turns":5},{"damage":24,"enemies":"Book of Stabbing","floor":27,"turns":2}],"seed_played":"8056022940779960868","potions_obtained":[{"floor":1,"key":"Block Potion"},{"floor":3,"key":"Dexterity Potion"},{"floor":6,"key":"FearPotion"},{"floor":12,"key":"GamblersBrew"},{"floor":16,"key":"PowerPotion"},{"floor":20,"key":"BloodPotion"},{"floor":25,"key":"Dexterity Potion"}],"is_trial":false,"path_per_floor":["M","M","M","?","M","E","M","E","T","R","$","M","E","M","R","B",null,"M","$","M","M","M","R","?","M","T","E"],"character_chosen":"IRONCLAD","items_purchased":["Battle Trance","Metallicize","Whetstone"],"campfire_rested":1,"item_purchase_floors":[11,19,19],"current_hp_per_floor":[88,88,88,93,93,64,56,37,37,37,37,42,21,13,40,26,93,83,83,70,42,30,30,30,21,21,0],"gold":75,"neow_bonus":"TEN_PERCENT_HP_BONUS","is_prod":false,"is_daily":false,"chose_seed":false,"campfire_upgraded":2,"win_rate":0,"timestamp":1557341216,"path_taken":["M","M","?","?","M","E","M","E","T","R","$","M","E","M","R","BOSS","M","$","M","M","M","R","?","M","T","E"],"build_version":"2019-01-23","purchased_purges":1,"victory":false,"max_hp_per_floor":[88,88,88,93,93,93,93,93,93,93,93,93,93,93,93,93,93,93,93,93,93,93,93,93,93,93,93],"card_choices":[{"not_picked":["Second Wind","Havoc"],"picked":"Carnage","floor":1},{"not_picked":["Headbutt","Carnage"],"picked":"Rampage","floor":2},{"not_picked":["Havoc","Evolve","Anger"],"picked":"SKIP","floor":3},{"not_picked":["Whirlwind","Wild Strike"],"picked":"Inflame","floor":5},{"not_picked":["Heavy Blade","Rupture","Havoc"],"picked":"SKIP","floor":6},{"not_picked":["Body Slam","Seeing Red","Corruption"],"picked":"SKIP","floor":7},{"not_picked":["Havoc","Armaments"],"picked":"Shockwave","floor":8},{"not_picked":["Iron Wave","Thunderclap"],"picked":"Clothesline","floor":12},{"not_picked":["Pommel Strike","Anger"],"picked":"Spot Weakness","floor":13},{"not_picked":["Disarm","Body Slam"],"picked":"Cleave","floor":14},{"not_picked":["Fiend Fire","Immolate"],"picked":"Bludgeon","floor":16},{"not_picked":["Evolve+1","True Grit"],"picked":"Shrug It Off+1","floor":18},{"not_picked":["Rage","Sword Boomerang","Evolve"],"picked":"SKIP","floor":20},{"not_picked":["Shockwave","Perfected Strike+1"],"picked":"Armaments","floor":21},{"not_picked":["Clothesline","Havoc","Headbutt+1"],"picked":"SKIP","floor":22},{"not_picked":["Flex","Feel No Pain"],"picked":"Ghostly Armor","floor":25}],"player_experience":384341,"relics_obtained":[{"floor":6,"key":"Blue Candle"},{"floor":8,"key":"Vajra"},{"floor":9,"key":"Oddly Smooth Stone"},{"floor":13,"key":"Bronze Scales"},{"floor":26,"key":"Nunchaku"}],"event_choices":[{"damage_healed":0,"gold_gain":0,"player_choice":"Donut","damage_taken":0,"max_hp_gain":5,"max_hp_loss":0,"event_name":"Big Fish","floor":4,"gold_loss":0},{"cards_removed":["Searing Blow"],"damage_healed":0,"gold_gain":0,"player_choice":"Elegance","damage_taken":0,"max_hp_gain":0,"max_hp_loss":0,"event_name":"Back to Basics","floor":24,"gold_loss":0}],"is_beta":false,"boss_relics":[{"not_picked":["Snecko Eye","Calling Bell"],"picked":"Pandora\u0027s Box"}],"items_purged_floors":[11],"is_endless":false,"potions_floor_spawned":[1,3,6,7,12,16,20,21,25],"killed_by":"Book of Stabbing","ascension_level":0}