{"gold_per_floor":[116,116,135,151,164,164,183,27,27,45,45,45,74,88,88,187,187,203,217,217,230,240,240,240,240,315,331,345,345,345],"floor_reached":30,"playtime":1757,"items_purged":["Strike_B"],"score":236,"play_id":"35f57c1a-9d2d-47a7-af81-4803ee243bb2","local_time":"20190529165514","is_ascension_mode":false,"campfire_choices":[{"floor":6,"key":"REST"},{"floor":11,"key":"REST"},{"floor":15,"key":"REST"},{"floor":23,"key":"REST"},{"floor":25,"key":"REST"},{"floor":29,"key":"REST"}],"neow_cost":"NONE","seed_source_timestamp":858947086928000,"circlet_count":0,"master_deck":["Strike_B","Defend_B","Defend_B","Defend_B","Defend_B","Zap","Dualcast","Doom and Gloom","Streamline","Coolheaded","Tempest","Cold Snap","Coolheaded","Capacitor","Capacitor","Sunder","Force Field","Melter","Core Surge","Barrage","Sweeping Beam+1","Auto Shields","Multi-Cast","Self Repair","Steam"],"relics":["Cracked Core","Peace Pipe","Shovel","Philosopher\u0027s Stone","Ginger","MutagenicStrength","Kunai"],"potions_floor_usage":[14,22,22,22,28],"damage_taken":[{"damage":0,"enemies":"Small Slimes","floor":1,"turns":3},{"damage":0,"enemies":"2 Louse","floor":3,"turns":2},{"damage":0,"enemies":"Cultist","floor":4,"turns":3},{"damage":19,"enemies":"Blue Slaver","floor":5,"turns":4},{"damage":6,"enemies":"2 Fungi Beasts","floor":7,"turns":3},{"damage":17,"enemies":"Lots of Slimes","floor":10,"turns":4},{"damage":30,"enemies":"3 Sentries","floor":13,"turns":6},{"damage":0,"enemies":"Exordium Wildlife","floor":14,"turns":2},{"damage":21,"enemies":"The Guardian","floor":16,"turns":10},{"damage":22,"enemies":"Chosen","floor":18,"turns":7},{"damage":0,"enemies":"Spheric Guardian","floor":19,"turns":3},{"damage":18,"enemies":"Snake Plant","floor":21,"turns":5},{"damage":11,"enemies":"Shelled Parasite and Fungi","floor":22,"turns":7},{"damage":26,"enemies":"Centurion and Healer","floor":27,"turns":7},{"damage":42,"enemies":"Chosen and Byrds","floor":28,"turns":7},{"damage":41,"enemies":"Slavers","floor":30,"turns":3}],"seed_played":"-8028810579668937121","potions_obtained":[{"floor":4,"key":"SkillPotion"},{"floor":10,"key":"Regen Potion"},{"floor":13,"key":"AttackPotion"},{"floor":19,"key":"Poison Potion"},{"floor":22,"key":"SteroidPotion"}],"is_trial":false,"path_per_floor":["M","?","M","M","M","R","M","$","T","M","R","?","E","M","R","B",null,"M","M","?","M","M","R","?","R","T","M","M","R","E"],"character_chosen":"DEFECT","items_purchased":["Capacitor"],"campfire_rested":6,"item_purchase_floors":[8],"current_hp_per_floor":[75,80,80,80,61,80,74,74,74,57,80,80,50,55,79,58,80,58,58,58,40,29,53,53,77,77,51,16,40,0],"gold":345,"neow_bonus":"TRANSFORM_CARD","is_prod":false,"is_daily":false,"chose_seed":false,"campfire_upgraded":0,"win_rate":0.0,"timestamp":1559163314,"path_taken":["M","?","M","M","M","R","M","$","T","M","R","?","E","M","R","BOSS","M","M","?","M","M","R","?","R","T","M","M","R","E"],"build_version":"2019-01-23","purchased_purges":1,"victory":false,"max_hp_per_floor":[75,80,80,80,80,80,80,80,80,80,80,80,80,80,80,80,80,80,80,80,80,80,80,80,80,80,80,80,80,80],"card_choices":[{"not_picked":["Turbo","Steam"],"picked":"Streamline","floor":1},{"not_picked":["Steam Power","Skim"],"picked":"Coolheaded","floor":3},{"not_picked":["Leap","Conserve Battery"],"picked":"Tempest","floor":4},{"not_picked":["Chaos","Turbo"],"picked":"Cold Snap","floor":5},{"not_picked":["Barrage","Reboot"],"picked":"Coolheaded","floor":7},{"not_picked":["Stack","Blizzard"],"picked":"Capacitor","floor":10},{"not_picked":["Static Discharge","Streamline"],"picked":"Force Field","floor":13},{"not_picked":["Go for the Eyes","BootSequence"],"picked":"Melter","floor":14},{"not_picked":["Biased Cognition","All For One"],"picked":"Core Surge","floor":16},{"not_picked":["Gash","Sweeping Beam+1"],"picked":"Barrage","floor":18},{"not_picked":["Gash","Lockon"],"picked":"Sweeping Beam+1","floor":19},{"not_picked":["Streamline","Go for the Eyes+1"],"picked":"Auto Shields","floor":21},{"not_picked":["Redo","Cold Snap"],"picked":"Multi-Cast","floor":22},{"not_picked":["Loop","Gash"],"picked":"Self Repair","floor":27},{"not_picked":["Blizzard","Rip and Tear"],"picked":"Steam","floor":28}],"player_experience":49230,"relics_obtained":[{"floor":9,"key":"Peace Pipe"},{"floor":13,"key":"Shovel"},{"floor":26,"key":"Kunai"}],"event_choices":[{"damage_healed":0,"gold_gain":0,"player_choice":"Donut","damage_taken":0,"max_hp_gain":5,"max_hp_loss":0,"event_name":"Big Fish","floor":2,"gold_loss":0},{"damage_healed":0,"gold_gain":0,"cards_transformed":["Strike_B"],"player_choice":"Transformed","damage_taken":0,"max_hp_gain":0,"max_hp_loss":0,"event_name":"Transmorgrifier","floor":12,"gold_loss":0,"cards_obtained":["Sunder"]},{"damage_healed":0,"gold_gain":0,"player_choice":"Opened","damage_taken":0,"relics_obtained":["Ginger"],"max_hp_gain":0,"max_hp_loss":0,"event_name":"The Mausoleum","floor":20,"gold_loss":0},{"damage_healed":0,"gold_gain":0,"player_choice":"Inject Mutagens","damage_taken":0,"relics_obtained":["MutagenicStrength"],"max_hp_gain":0,"max_hp_loss":0,"event_name":"Drug Dealer","floor":24,"gold_loss":0}],"is_beta":false,"boss_relics":[{"not_picked":["Coffee Dripper","Inserter"],"picked":"Philosopher\u0027s Stone"}],"items_purged_floors":[8],"is_endless":false,"potions_floor_spawned":[4,10,13,19,22],"killed_by":"Slavers","ascension_level":0}