{"gold_per_floor":[109,127,127,202,215,245,245,121,121,121,161,161,81,97,97,220,220,244,244,8,23,23,23,23],"floor_reached":24,"playtime":1165,"items_purged":[],"score":273,"play_id":"81bfb18b-83e0-460c-8b92-1239a1b133d8","local_time":"20190501171134","is_ascension_mode":true,"campfire_choices":[{"data":"Coolheaded","floor":10,"key":"SMITH"},{"data":"Self Repair","floor":15,"key":"SMITH"},{"data":"Chill","floor":23,"key":"SMITH"}],"neow_cost":"NONE","seed_source_timestamp":186990639275886,"circlet_count":0,"master_deck":["Strike_B","Strike_B","Strike_B","Strike_B","Defend_B","Defend_B+1","Defend_B","Defend_B+1","Zap","Dualcast","Go for the Eyes","Barrage","Auto Shields","Coolheaded+1","Self Repair+1","Capacitor","Gash","Chill+1","Creative AI"],"relics":["Cracked Core","Happy Flower","Golden Idol","Meat on the Bone","War Paint","Dodecahedron","Coffee Dripper","Enchiridion"],"potions_floor_usage":[11,24,24],"damage_taken":[{"damage":1,"enemies":"Cultist","floor":1,"turns":3},{"damage":0,"enemies":"Small Slimes","floor":2,"turns":3},{"damage":0,"enemies":"2 Louse","floor":5,"turns":2},{"damage":25,"enemies":"Lagavulin","floor":6,"turns":7},{"damage":25,"enemies":"3 Sentries","floor":11,"turns":10},{"damage":1,"enemies":"Looter","floor":14,"turns":3},{"damage":36,"enemies":"The Guardian","floor":16,"turns":14},{"damage":11,"enemies":"Chosen","floor":18,"turns":7},{"damage":23,"enemies":"Shell Parasite","floor":21,"turns":6},{"damage":57,"enemies":"Gremlin Leader","floor":24,"turns":4}],"seed_played":"4164554770392936917","potions_obtained":[{"floor":1,"key":"FearPotion"},{"floor":11,"key":"SteroidPotion"},{"floor":14,"key":"SpeedPotion"}],"is_trial":false,"path_per_floor":["M","M","?","?","M","E","?","$","T","R","E","?","$","M","R","B",null,"M","?","$","M","?","R","E"],"character_chosen":"DEFECT","items_purchased":["Coolheaded","Regen Potion","Self Repair","Chill","Creative AI"],"campfire_rested":0,"item_purchase_floors":[8,8,13,20,20],"current_hp_per_floor":[74,74,74,63,63,38,38,38,38,38,40,37,37,55,55,41,67,66,50,50,49,49,49,0],"gold":23,"neow_bonus":"TEN_PERCENT_HP_BONUS","is_prod":false,"is_daily":false,"chose_seed":false,"campfire_upgraded":3,"win_rate":0,"timestamp":1556745094,"path_taken":["M","M","?","?","M","E","?","?","T","R","E","?","$","M","R","BOSS","M","?","$","M","?","R","E"],"build_version":"2019-01-23","purchased_purges":0,"victory":false,"max_hp_per_floor":[82,82,82,82,82,82,76,76,76,76,76,76,76,76,76,76,76,76,76,76,76,76,76,76],"card_choices":[{"not_picked":["Reprogram","Aggregate","Hologram"],"picked":"SKIP","floor":1},{"not_picked":["Steam","Redo"],"picked":"Go for the Eyes","floor":2},{"not_picked":["Conserve Battery","Fission"],"picked":"Barrage","floor":5},{"not_picked":["Force Field","Go for the Eyes"],"picked":"Auto Shields","floor":6},{"not_picked":["Consume","Rebound","Heatsinks"],"picked":"SKIP","floor":11},{"not_picked":["Ball Lightning","Tempest"],"picked":"Capacitor","floor":14},{"not_picked":["Auto Shields","Chaos"],"picked":"Gash","floor":18},{"not_picked":["Reprogram","Gash+1","Ball Lightning"],"picked":"SKIP","floor":21}],"player_experience":361120,"relics_obtained":[{"floor":6,"key":"Happy Flower"},{"floor":9,"key":"Meat on the Bone"},{"floor":11,"key":"War Paint"},{"floor":19,"key":"Enchiridion"}],"event_choices":[{"damage_healed":0,"gold_gain":0,"player_choice":"Ignored","damage_taken":0,"max_hp_gain":0,"max_hp_loss":0,"event_name":"Liars Game","floor":3,"gold_loss":0},{"damage_healed":0,"gold_gain":75,"player_choice":"Gather Gold","damage_taken":11,"max_hp_gain":0,"max_hp_loss":0,"event_name":"World of Goop","floor":4,"gold_loss":0},{"damage_healed":0,"gold_gain":0,"player_choice":"Lose Max HP","damage_taken":0,"relics_obtained":["Golden Idol"],"max_hp_gain":0,"max_hp_loss":6,"event_name":"Golden Idol","floor":7,"gold_loss":0},{"damage_healed":0,"gold_gain":0,"player_choice":"Success","damage_taken":3,"relics_obtained":["Dodecahedron"],"max_hp_gain":0,"max_hp_loss":0,"event_name":"Scrap Ooze","floor":12,"gold_loss":0},{"damage_healed":0,"gold_gain":0,"player_choice":"Obtained Book","damage_taken":16,"max_hp_gain":0,"max_hp_loss":0,"event_name":"Cursed Tome","floor":19,"gold_loss":0},{"damage_healed":0,"gold_gain":0,"player_choice":"Ignored","damage_taken":0,"max_hp_gain":0,"max_hp_loss":0,"event_name":"Beggar","floor":22,"gold_loss":0}],"is_beta":false,"boss_relics":[{"not_picked":["White Beast Statue","Snecko Eye"],"picked":"Coffee Dripper"}],"items_purged_floors":[],"is_endless":false,"potions_floor_spawned":[1,11,14,16,18],"killed_by":"Gremlin Leader","ascension_level":7}