{"gold_per_floor":[117,117,137,237,255,255,101,101,101,120,130,143,199,214,214,214],"floor_reached":16,"playtime":1363,"items_purged":["Strike_R"],"score":104,"play_id":"d84b891b-44a8-4e7d-87ad-f82129700e6d","local_time":"20190526181247","is_ascension_mode":false,"campfire_choices":[{"data":"Body Slam","floor":6,"key":"SMITH"},{"data":"Pommel Strike","floor":8,"key":"SMITH"},{"data":"Armaments","floor":15,"key":"SMITH"}],"neow_cost":"NONE","seed_source_timestamp":926902691716900,"circlet_count":0,"master_deck":["Strike_R","Strike_R","Strike_R","Defend_R","Defend_R","Defend_R","Defend_R","Bash","Shrug It Off","Body Slam+1","Pommel Strike+1","Corruption","Armaments+1","Headbutt"],"relics":["Burning Blood","Kunai","Tiny Chest"],"potions_floor_usage":[14,16],"damage_taken":[{"damage":6,"enemies":"2 Louse","floor":1,"turns":2},{"damage":3,"enemies":"Small Slimes","floor":3,"turns":4},{"damage":6,"enemies":"Cultist","floor":5,"turns":4},{"damage":2,"enemies":"Blue Slaver","floor":10,"turns":3},{"damage":0,"enemies":"3 Louse","floor":11,"turns":3},{"damage":0,"enemies":"2 Fungi Beasts","floor":12,"turns":4},{"damage":34,"enemies":"Lagavulin","floor":13,"turns":9},{"damage":2,"enemies":"Exordium Thugs","floor":14,"turns":4},{"damage":61,"enemies":"Slime Boss","floor":16,"turns":10}],"seed_played":"7892693720642337205","potions_obtained":[{"floor":3,"key":"SteroidPotion"},{"floor":11,"key":"Dexterity Potion"},{"floor":13,"key":"Swift Potion"}],"is_trial":false,"path_per_floor":["M","?","M","?","M","R","$","R","T","M","M","M","E","M","R","B"],"character_chosen":"IRONCLAD","items_purchased":["Corruption"],"campfire_rested":0,"item_purchase_floors":[7],"current_hp_per_floor":[80,80,80,80,80,80,80,80,80,80,80,80,52,56,56,0],"gold":214,"neow_bonus":"REMOVE_CARD","is_prod":false,"is_daily":false,"chose_seed":false,"campfire_upgraded":3,"win_rate":0,"timestamp":1558908767,"path_taken":["M","?","M","?","?","R","$","R","T","M","M","M","E","M","R","BOSS"],"build_version":"2019-01-23","purchased_purges":1,"victory":false,"max_hp_per_floor":[80,80,80,80,80,80,80,80,80,80,80,80,80,80,80,80],"card_choices":[{"not_picked":["Anger","Sword Boomerang"],"picked":"Shrug It Off","floor":1},{"not_picked":["Perfected Strike","Intimidate"],"picked":"Body Slam","floor":3},{"not_picked":["Dropkick","Body Slam"],"picked":"Pommel Strike","floor":5},{"not_picked":["Berserk","Havoc","Seeing Red"],"picked":"SKIP","floor":10},{"not_picked":["Pommel Strike","Combust"],"picked":"Armaments","floor":11},{"not_picked":["Iron Wave","Cleave"],"picked":"Headbutt","floor":12},{"not_picked":["Second Wind","Thunderclap","Warcry"],"picked":"SKIP","floor":13},{"not_picked":["Havoc","Bludgeon","Infernal Blade"],"picked":"SKIP","floor":14}],"player_experience":929628,"relics_obtained":[{"floor":9,"key":"Kunai"},{"floor":13,"key":"Tiny Chest"}],"event_choices":[{"damage_healed":0,"gold_gain":0,"player_choice":"Ignored","damage_taken":0,"max_hp_gain":0,"max_hp_loss":0,"event_name":"Liars Game","floor":2,"gold_loss":0},{"damage_healed":0,"gold_gain":100,"player_choice":"Pray","damage_taken":0,"max_hp_gain":0,"max_hp_loss":0,"event_name":"Golden Shrine","floor":4,"gold_loss":0}],"is_beta":false,"boss_relics":[],"items_purged_floors":[7],"is_endless":false,"potions_floor_spawned":[3,11,13],"killed_by":"Slime Boss","ascension_level":0}