{"gold_per_floor":[218,38,57,71,87,87,102,102,102,102,132,132,151,161,161,261,261,271,282,234,246,246,246,246,246,246,246,281,292,324,340,340,340],"floor_reached":33,"playtime":1181,"items_purged":["Strike_B"],"score":462,"play_id":"c55fd3fa-def6-474f-b07a-88f2fd18787f","local_time":"20190607223153","is_ascension_mode":true,"campfire_choices":[{"data":"Zap","floor":6,"key":"SMITH"},{"data":"1","floor":10,"key":"LIFT"},{"floor":15,"key":"REST"},{"data":"2","floor":23,"key":"LIFT"},{"data":"3","floor":25,"key":"LIFT"},{"floor":32,"key":"REST"}],"neow_cost":"NONE","seed_source_timestamp":12761851521111,"circlet_count":0,"master_deck":["AscendersBane","Defend_B","Defend_B","Defend_B","Defend_B","Zap+1","Dualcast","Conserve Battery","Ball Lightning","Hologram","Barrage","Compile Driver","Go for the Eyes","Genetic Algorithm","Sweeping Beam","Gash","Conserve Battery","Electrodynamics","Cold Snap","FTL","Leap","Ball Lightning","Capacitor","Cold Snap","Steam","Hologram"],"relics":["Cracked Core","Girya","Gambling Chip","Sozu","Turnip","Cables","Du-Vu Doll","PreservedInsect"],"potions_floor_usage":[28,28],"damage_taken":[{"damage":0,"enemies":"Jaw Worm","floor":1,"turns":3},{"damage":0,"enemies":"Small Slimes","floor":3,"turns":3},{"damage":0,"enemies":"Cultist","floor":4,"turns":3},{"damage":0,"enemies":"Large Slime","floor":5,"turns":4},{"damage":8,"enemies":"Blue Slaver","floor":7,"turns":4},{"damage":30,"enemies":"Gremlin Nob","floor":11,"turns":4},{"damage":7,"enemies":"Red Slaver","floor":13,"turns":4},{"damage":0,"enemies":"Looter","floor":14,"turns":2},{"damage":20,"enemies":"Slime Boss","floor":16,"turns":6},{"damage":6,"enemies":"Chosen","floor":18,"turns":5},{"damage":2,"enemies":"3 Byrds","floor":19,"turns":4},{"damage":0,"enemies":"3 Cultists","floor":21,"turns":3},{"damage":23,"enemies":"Slavers","floor":28,"turns":3},{"damage":0,"enemies":"Snecko","floor":29,"turns":3},{"damage":38,"enemies":"Book of Stabbing","floor":30,"turns":5},{"damage":3,"enemies":"Snake Plant","floor":31,"turns":3},{"damage":35,"enemies":"Collector","floor":33,"turns":5}],"seed_played":"3794876142939268488","potions_obtained":[{"floor":1,"key":"Energy Potion"},{"floor":11,"key":"Weak Potion"}],"is_trial":false,"path_per_floor":["M","$","M","M","M","R","M","?","T","R","E","?","M","M","R","B",null,"M","M","$","M","?","R","?","R","T","T","E","M","E","M","R","B"],"character_chosen":"DEFECT","items_purchased":["Ball Lightning","Hologram","Leap"],"campfire_rested":2,"item_purchase_floors":[2,2,20],"current_hp_per_floor":[68,68,68,68,68,68,60,53,53,53,23,23,16,16,38,18,61,55,53,53,53,53,53,75,75,75,75,52,52,14,11,33,0],"gold":340,"neow_bonus":"HUNDRED_GOLD","is_prod":false,"is_daily":false,"chose_seed":false,"campfire_upgraded":1,"win_rate":0,"timestamp":1559961113,"path_taken":["M","$","M","M","M","R","M","?","T","R","E","?","M","?","R","BOSS","M","M","$","M","?","R","?","R","T","?","E","M","E","M","R","BOSS"],"build_version":"2019-01-23","purchased_purges":1,"victory":false,"max_hp_per_floor":[75,75,75,75,75,75,75,75,75,75,75,75,75,75,75,75,75,75,75,75,75,75,75,75,75,75,75,75,75,75,75,75,75],"card_choices":[{"not_picked":["Storm","Barrage"],"picked":"Conserve Battery","floor":1},{"not_picked":["Static Discharge","Streamline"],"picked":"Barrage","floor":3},{"not_picked":["Conserve Battery","Steam"],"picked":"Compile Driver","floor":4},{"not_picked":["Coolheaded","Lockon"],"picked":"Go for the Eyes","floor":5},{"not_picked":["Streamline","Barrage"],"picked":"Genetic Algorithm","floor":7},{"not_picked":["Stack","Hello World"],"picked":"Sweeping Beam","floor":11},{"not_picked":["Storm","Compile Driver"],"picked":"Gash","floor":13},{"not_picked":["Fusion","Chaos"],"picked":"Conserve Battery","floor":14},{"not_picked":["Amplify","Seek"],"picked":"Electrodynamics","floor":16},{"not_picked":["Beam Cell","Rip and Tear"],"picked":"Cold Snap","floor":18},{"not_picked":["Consume","Chaos+1"],"picked":"FTL","floor":19},{"not_picked":["Rebound","Capacitor"],"picked":"Ball Lightning","floor":21},{"not_picked":["Compile Driver","Beam Cell","Barrage"],"picked":"SKIP","floor":28},{"not_picked":["White Noise","Redo"],"picked":"Steam","floor":29},{"not_picked":["Scrape+1","Reinforced Body","Reprogram+1"],"picked":"SKIP","floor":30},{"not_picked":["Go for the Eyes","Aggregate"],"picked":"Hologram","floor":31}],"player_experience":592317,"relics_obtained":[{"floor":9,"key":"Girya"},{"floor":11,"key":"Gambling Chip"},{"floor":26,"key":"Turnip"},{"floor":27,"key":"Cables"},{"floor":28,"key":"Du-Vu Doll"},{"floor":30,"key":"PreservedInsect"}],"event_choices":[{"cards_removed":["Strike_B"],"damage_healed":0,"gold_gain":0,"player_choice":"Card Removal","damage_taken":7,"max_hp_gain":0,"max_hp_loss":0,"event_name":"Golden Wing","floor":8,"gold_loss":0},{"damage_healed":0,"gold_gain":0,"player_choice":"Bought 0 Potions","damage_taken":0,"max_hp_gain":0,"max_hp_loss":0,"event_name":"The Woman in Blue","floor":12,"gold_loss":0},{"damage_healed":0,"gold_gain":0,"cards_transformed":["Strike_B","Strike_B"],"player_choice":"Became Test Subject","damage_taken":0,"max_hp_gain":0,"max_hp_loss":0,"event_name":"Drug Dealer","floor":22,"gold_loss":0,"cards_obtained":["Capacitor","Cold Snap"]},{"damage_healed":25,"gold_gain":0,"player_choice":"Heal","damage_taken":0,"max_hp_gain":0,"max_hp_loss":0,"event_name":"The Library","floor":24,"gold_loss":0}],"is_beta":false,"boss_relics":[{"not_picked":["Coffee Dripper","Philosopher\u0027s Stone"],"picked":"Sozu"}],"items_purged_floors":[2],"is_endless":false,"potions_floor_spawned":[1,11,14,19,28,31],"killed_by":"Collector","ascension_level":12}