{"gold_per_floor":[217,231,65,65,84,84,114,114,114,142,142,142,160,172,172,272,272,291,325,337,52,52,80,80,90,90,15,34,34,34,60,60,161,161,171,187,187,202,93,127,127,349,375,375,391,405,72,104,104,104],"floor_reached":51,"playtime":2667,"items_purged":["Decay","Shame"],"score":838,"play_id":"dae60370-1c86-4e51-9d43-4f8c2a9b302b","local_time":"20190405213036","is_ascension_mode":true,"campfire_choices":[{"floor":6,"key":"RECALL"},{"data":"Bandage Up","floor":8,"key":"SMITH"},{"floor":15,"key":"REST"},{"floor":24,"key":"REST"},{"data":"Storm","floor":30,"key":"SMITH"},{"data":"Mayhem","floor":32,"key":"SMITH"},{"data":"Hello World","floor":41,"key":"SMITH"},{"data":"Defragment","floor":44,"key":"SMITH"},{"data":"Capacitor","floor":49,"key":"SMITH"}],"neow_cost":"NONE","seed_source_timestamp":490334369854304,"circlet_count":0,"master_deck":["Strike_B","Strike_B","Strike_B","Defend_B","Defend_B","Defend_B","Zap","Dualcast","Go for the Eyes","Hologram","Storm+1","Bandage Up+1","Genetic Algorithm","Doom and Gloom","Ball Lightning","Machine Learning","Conserve Battery","Genetic Algorithm+1","Hello World+1","Bandage Up","Mayhem+1","Ball Lightning","Compile Driver+1","Self Repair","Loop+1","Doubt","Lockon+1","Defragment+1","Flash of Steel","Enlightenment","Hologram+1","Self Repair","Beam Cell+1","Capacitor+1","FTL+1"],"relics":["Cracked Core","Mummified Hand","Mercury Hourglass","Letter Opener","White Beast Statue","Red Mask","Ancient Tea Set","Dead Branch","Unceasing Top","Calling Bell","Centennial Puzzle","Meat on the Bone","FossilizedHelix","The Courier","Potion Belt","Singing Bowl","Anchor"],"potions_floor_usage":[7,7,13,20,23,25,33,35,36,40,50,50],"damage_taken":[{"damage":11,"enemies":"Jaw Worm","floor":1,"turns":4},{"damage":0,"enemies":"Cultist","floor":2,"turns":3},{"damage":0,"enemies":"2 Louse","floor":5,"turns":3},{"damage":47,"enemies":"3 Sentries","floor":7,"turns":9},{"damage":30,"enemies":"Lagavulin","floor":10,"turns":7},{"damage":0,"enemies":"Looter","floor":13,"turns":3},{"damage":8,"enemies":"2 Fungi Beasts","floor":14,"turns":3},{"damage":34,"enemies":"Slime Boss","floor":16,"turns":9},{"damage":21,"enemies":"Spheric Guardian","floor":18,"turns":4},{"damage":33,"enemies":"Masked Bandits","floor":19,"turns":4},{"damage":12,"enemies":"Chosen","floor":20,"turns":5},{"damage":19,"enemies":"Slavers","floor":23,"turns":4},{"damage":11,"enemies":"Snecko","floor":25,"turns":4},{"damage":7,"enemies":"Sentry and Sphere","floor":28,"turns":4},{"damage":18,"enemies":"Gremlin Leader","floor":31,"turns":5},{"damage":25,"enemies":"Automaton","floor":33,"turns":6},{"damage":0,"enemies":"Orb Walker","floor":35,"turns":3},{"damage":9,"enemies":"3 Darklings","floor":36,"turns":4},{"damage":17,"enemies":"4 Shapes","floor":38,"turns":2},{"damage":30,"enemies":"Giant Head","floor":40,"turns":8},{"damage":0,"enemies":"Transient","floor":45,"turns":5},{"damage":20,"enemies":"Sphere and 2 Shapes","floor":46,"turns":5},{"damage":8,"enemies":"Nemesis","floor":48,"turns":5},{"damage":87,"enemies":"Donu and Deca","floor":50,"turns":8}],"seed_played":"-8584120055507749457","potions_obtained":[{"floor":1,"key":"AttackPotion"},{"floor":2,"key":"Regen Potion"},{"floor":10,"key":"Fire Potion"},{"floor":13,"key":"EssenceOfSteel"},{"floor":18,"key":"Ancient Potion"},{"floor":19,"key":"Block Potion"},{"floor":20,"key":"FocusPotion"},{"floor":23,"key":"SkillPotion"},{"floor":25,"key":"EssenceOfSteel"},{"floor":28,"key":"Fire Potion"},{"floor":31,"key":"FairyPotion"},{"floor":33,"key":"Regen Potion"},{"floor":35,"key":"LiquidBronze"},{"floor":36,"key":"FearPotion"},{"floor":38,"key":"PowerPotion"},{"floor":40,"key":"Explosive Potion"},{"floor":45,"key":"Regen Potion"},{"floor":46,"key":"FearPotion"}],"is_trial":false,"path_per_floor":["M","M","$","?","M","R","E","R","T","E","T","?","M","M","R","B",null,"M","?","M","$","?","E","R","M","T","?","M","?","R","E","R","B",null,"M","M","?","M","$","E","R","?","T","R","M","M","$","E","R","B",null],"character_chosen":"DEFECT","items_purchased":["Storm","Bandage Up","Bandage Up","Mayhem","Self Repair","Singing Bowl","Capacitor"],"campfire_rested":2,"item_purchase_floors":[3,3,21,21,39,47,47],"current_hp_per_floor":[64,64,64,57,61,61,33,33,33,9,9,14,20,18,40,12,75,60,33,27,27,27,18,40,39,39,39,42,42,42,41,41,33,75,75,73,68,64,64,58,58,58,58,58,75,73,73,75,75,36],"gold":104,"neow_bonus":"HUNDRED_GOLD","is_prod":false,"is_daily":false,"chose_seed":false,"campfire_upgraded":6,"win_rate":0,"timestamp":1554514236,"path_taken":["M","M","$","?","M","R","E","R","T","E","?","?","?","M","R","BOSS","M","?","M","$","?","E","R","M","T","?","M","?","R","E","R","BOSS","M","M","?","M","$","E","R","?","T","R","M","?","$","E","R","BOSS"],"build_version":"2019-01-23","purchased_purges":2,"victory":true,"max_hp_per_floor":[75,75,75,75,75,75,75,75,75,75,75,75,75,75,75,75,75,75,75,75,75,75,75,75,75,75,75,75,75,75,75,75,75,75,75,75,75,75,75,75,75,75,75,75,75,75,75,75,75,75],"card_choices":[{"not_picked":["Glacier","Steam"],"picked":"Go for the Eyes","floor":1},{"not_picked":["Coolheaded","Go for the Eyes"],"picked":"Hologram","floor":2},{"not_picked":["Steam","Undo","Darkness"],"picked":"SKIP","floor":5},{"not_picked":["Leap","Hologram"],"picked":"Genetic Algorithm","floor":7},{"not_picked":["Reinforced Body","Recycle"],"picked":"Go for the Eyes","floor":10},{"not_picked":["Gash","Steam"],"picked":"Doom and Gloom","floor":13},{"not_picked":["Rebound","Blizzard"],"picked":"Ball Lightning","floor":14},{"not_picked":["Hyperbeam","Thunder Strike"],"picked":"Machine Learning","floor":16},{"not_picked":["Beam Cell+1","Leap+1"],"picked":"Conserve Battery","floor":18},{"not_picked":["Reinforced Body","Hologram"],"picked":"Genetic Algorithm+1","floor":19},{"not_picked":["Streamline","Rebound"],"picked":"Hello World","floor":20},{"not_picked":["Reprogram","Coolheaded"],"picked":"Ball Lightning","floor":23},{"not_picked":["Redo","Beam Cell"],"picked":"Compile Driver+1","floor":25},{"not_picked":["Chaos","Recycle+1"],"picked":"Self Repair","floor":28},{"not_picked":["Compile Driver","Machine Learning"],"picked":"Loop+1","floor":31},{"not_picked":["Leap+1","Turbo"],"picked":"Lockon+1","floor":35},{"not_picked":["Conserve Battery","Beam Cell+1"],"picked":"Defragment","floor":36},{"not_picked":["Discovery","Enlightenment"],"picked":"Flash of Steel","floor":37},{"not_picked":["Good Instincts","Impatience"],"picked":"Enlightenment","floor":37},{"not_picked":["Stack+1","Sweeping Beam"],"picked":"Hologram+1","floor":38},{"not_picked":["Meteor Strike","Sweeping Beam"],"picked":"Beam Cell+1","floor":40},{"not_picked":["Rebound","Turbo","Cold Snap+1"],"picked":"SKIP","floor":45},{"not_picked":["Genetic Algorithm","Rebound+1","Streamline"],"picked":"SKIP","floor":46},{"not_picked":["Beam Cell+1","Glacier"],"picked":"FTL+1","floor":48}],"player_experience":96601,"relics_obtained":[{"floor":7,"key":"Mummified Hand"},{"floor":10,"key":"Mercury Hourglass"},{"floor":11,"key":"Letter Opener"},{"floor":19,"key":"Red Mask"},{"floor":23,"key":"Ancient Tea Set"},{"floor":26,"key":"Dead Branch"},{"floor":31,"key":"Unceasing Top"},{"floor":34,"key":"Centennial Puzzle"},{"floor":34,"key":"Meat on the Bone"},{"floor":34,"key":"FossilizedHelix"},{"floor":40,"key":"The Courier"},{"floor":43,"key":"Potion Belt"},{"floor":48,"key":"Anchor"}],"event_choices":[{"cards_removed":["Strike_B"],"damage_healed":0,"gold_gain":0,"player_choice":"Card Removal","damage_taken":7,"max_hp_gain":0,"max_hp_loss":0,"event_name":"Golden Wing","floor":4,"gold_loss":0},{"cards_removed":["Go for the Eyes"],"damage_healed":5,"gold_gain":0,"player_choice":"Offered Common","damage_taken":0,"max_hp_gain":0,"max_hp_loss":0,"event_name":"Bonfire Elementals","floor":12,"gold_loss":0},{"cards_removed":["Go for the Eyes"],"damage_healed":5,"gold_gain":0,"player_choice":"Offered Special","damage_taken":0,"max_hp_gain":0,"max_hp_loss":0,"event_name":"Bonfire Elementals","floor":12,"gold_loss":0},{"damage_healed":0,"gold_gain":0,"player_choice":"Fought Bandits","damage_taken":0,"max_hp_gain":0,"max_hp_loss":0,"event_name":"Masked Bandits","floor":19,"gold_loss":0},{"damage_healed":0,"gold_gain":0,"player_choice":"Ignored","damage_taken":0,"max_hp_gain":0,"max_hp_loss":0,"event_name":"Cursed Tome","floor":22,"gold_loss":0},{"cards_removed":["Defend_B"],"damage_healed":0,"gold_gain":0,"player_choice":"Gave Gold","damage_taken":0,"max_hp_gain":0,"max_hp_loss":0,"event_name":"Beggar","floor":27,"gold_loss":75},{"damage_healed":0,"gold_gain":0,"player_choice":"Ignored","damage_taken":0,"max_hp_gain":0,"max_hp_loss":0,"event_name":"Vampires","floor":29,"gold_loss":0},{"damage_healed":0,"gold_gain":0,"player_choice":"Memory 2","damage_taken":5,"max_hp_gain":0,"max_hp_loss":0,"event_name":"SensoryStone","floor":37,"gold_loss":0},{"damage_healed":0,"gold_gain":222,"player_choice":"Wore Mask","damage_taken":0,"max_hp_gain":0,"max_hp_loss":0,"event_name":"Tomb of Lord Red Mask","floor":42,"gold_loss":0}],"is_beta":false,"boss_relics":[{"not_picked":["Ectoplasm","Runic Dome"],"picked":"White Beast Statue"},{"not_picked":["Velvet Choker","Runic Pyramid"],"picked":"Calling Bell"}],"items_purged_floors":[39,47],"is_endless":false,"potions_floor_spawned":[1,2,10,13,18,19,20,23,25,28,31,33,35,36,38,40,45,46,48],"ascension_level":1}