{"gold_per_floor":[118,118,118,130,145,173,197,224,260,299,311,342,354,7,7,107,107,119,119,74,58,72,72],"floor_reached":23,"playtime":2772,"items_purged":[],"score":193,"play_id":"b71518d1-cfe5-48bf-a48d-b50aeffc6d1f","local_time":"20180923085946","is_ascension_mode":false,"campfire_choices":[{"floor":13,"key":"REST"},{"data":"Defragment","floor":15,"key":"SMITH"}],"neow_cost":"","seed_source_timestamp":242528472790897,"circlet_count":0,"master_deck":["Strike_B","Strike_B","Strike_B","Defend_B","Defend_B","Defend_B","Zap","Hologram","Chaos","Redo","Glacier","Defragment+1","Aggregate","Streamline","Seek","Sweeping Beam","BootSequence","Amplify","Lockon","Coolheaded","Sweeping Beam","Ball Lightning"],"relics":["Cracked Core","Orichalcum","MawBank","Potion Belt","Boot","Happy Flower","Lee\u0027s Waffle","White Beast Statue"],"potions_floor_usage":[6,12,16,16,21,23,23],"damage_taken":[{"damage":8,"enemies":"Small Slimes","floor":1,"turns":3},{"damage":0,"enemies":"Jaw Worm","floor":4,"turns":4},{"damage":3,"enemies":"2 Louse","floor":5,"turns":3},{"damage":48,"enemies":"Gremlin Nob","floor":6,"turns":5},{"damage":0,"enemies":"Exordium Thugs","floor":7,"turns":5},{"damage":0,"enemies":"Exordium Wildlife","floor":8,"turns":2},{"damage":0,"enemies":"Large Slime","floor":12,"turns":5},{"damage":39,"enemies":"Hexaghost","floor":16,"turns":11},{"damage":0,"enemies":"Chosen","floor":18,"turns":5},{"damage":6,"enemies":"2 Thieves","floor":21,"turns":4},{"damage":5,"enemies":"Snake Plant","floor":22,"turns":5},{"damage":75,"enemies":"Gremlin Leader","floor":23,"turns":8}],"seed_played":"7507771223487106825","potions_obtained":[{"floor":4,"key":"SpeedPotion"},{"floor":6,"key":"Weak Potion"},{"floor":8,"key":"Poison Potion"},{"floor":12,"key":"EssenceOfSteel"},{"floor":18,"key":"Poison Potion"},{"floor":21,"key":"Weak Potion"},{"floor":22,"key":"AttackPotion"}],"is_trial":false,"path_per_floor":["M","?","?","M","M","E","M","M","T","T","?","M","R","$","R","B",null,"M","?","$","M","M"],"character_chosen":"DEFECT","items_purchased":["Happy Flower","Lee\u0027s Waffle","Coolheaded"],"campfire_rested":1,"item_purchase_floors":[14,14,20],"current_hp_per_floor":[67,60,60,60,57,9,9,9,9,9,9,9,31,82,82,43,82,82,82,82,76,71,0],"gold":72,"neow_bonus":"","is_prod":false,"is_daily":false,"chose_seed":false,"campfire_upgraded":1,"win_rate":0.0,"timestamp":1537714786,"path_taken":["M","?","?","?","M","E","M","M","T","?","?","M","R","$","R","BOSS","M","?","?","M","M","E"],"build_version":"2018-09-20","purchased_purges":0,"victory":false,"max_hp_per_floor":[75,75,75,75,75,75,75,75,75,75,75,75,75,82,82,82,82,82,82,82,82,82,82],"card_choices":[{"not_picked":["Go for the Eyes","Reprogram"],"picked":"Hologram","floor":1},{"not_picked":["Compile Driver","Lockon"],"picked":"Chaos","floor":4},{"not_picked":["Beam Cell","Heatsinks"],"picked":"Redo","floor":5},{"not_picked":["Redo","Static Discharge"],"picked":"Glacier","floor":6},{"not_picked":["Gash","BootSequence"],"picked":"Defragment","floor":7},{"not_picked":["Chaos","Sweeping Beam"],"picked":"Aggregate","floor":8},{"not_picked":["Coolheaded","Gash"],"picked":"Streamline","floor":12},{"not_picked":["Buffer","Thunder Strike"],"picked":"Seek","floor":16},{"not_picked":["White Noise","Stack"],"picked":"Sweeping Beam","floor":18},{"not_picked":["Gash+1","Aggregate"],"picked":"Sweeping Beam","floor":21},{"not_picked":["Aggregate+1","Stack"],"picked":"Ball Lightning","floor":22}],"player_experience":21765,"relics_obtained":[{"floor":6,"key":"MawBank"},{"floor":9,"key":"Potion Belt"},{"floor":10,"key":"Boot"}],"event_choices":[{"event_name":"Scrap Ooze","player_choice":"success","floor":2,"damage_taken":7},{"event_name":"Golden Wing","player_choice":"Ignored","floor":3,"damage_taken":0},{"event_name":"Shining Light","player_choice":"Ignored","floor":11,"damage_taken":0},{"event_name":"Drug Dealer","player_choice":"Became Test Subject","floor":19,"damage_taken":0}],"is_beta":false,"boss_relics":[{"not_picked":["Tiny House","Lizard Tail"],"picked":"White Beast Statue"}],"items_purged_floors":[],"is_endless":false,"potions_floor_spawned":[4,6,8,12,18,21,22],"killed_by":"Gremlin Leader","ascension_level":0}