{"gold_per_floor":[111,61,71,88,88,116,116,131,211,65,79,79,79],"floor_reached":13,"playtime":1101,"items_purged":["Strike_B"],"score":85,"play_id":"791d2dee-5a0c-497b-9163-f8a3c2551a02","local_time":"20190526114133","is_ascension_mode":false,"campfire_choices":[{"data":"Redo","floor":7,"key":"SMITH"},{"data":"Genetic Algorithm","floor":12,"key":"SMITH"}],"neow_cost":"NONE","seed_source_timestamp":903694036025400,"circlet_count":0,"master_deck":["Strike_B","Strike_B","Defend_B","Defend_B","Defend_B","Defend_B","Zap","Dualcast","Gash","Redo+1","Conserve Battery","Glacier","Melter","Fusion","Genetic Algorithm+1"],"relics":["Cracked Core","Unceasing Top","Oddly Smooth Stone","Matryoshka"],"potions_floor_usage":[4],"damage_taken":[{"damage":0,"enemies":"Small Slimes","floor":1,"turns":2},{"damage":0,"enemies":"2 Louse","floor":3,"turns":4},{"damage":0,"enemies":"Jaw Worm","floor":4,"turns":2},{"damage":33,"enemies":"3 Sentries","floor":6,"turns":8},{"damage":0,"enemies":"Looter","floor":8,"turns":5},{"damage":22,"enemies":"Gremlin Gang","floor":11,"turns":4},{"damage":24,"enemies":"Exordium Thugs","floor":13,"turns":3}],"seed_played":"7814898959589884370","potions_obtained":[{"floor":1,"key":"Block Potion"},{"floor":3,"key":"Dexterity Potion"},{"floor":11,"key":"Poison Potion"}],"is_trial":false,"path_per_floor":["M","?","M","M","?","E","R","M","T","$","M","R","M"],"character_chosen":"DEFECT","items_purchased":["Fusion"],"campfire_rested":0,"item_purchase_floors":[10],"current_hp_per_floor":[82,82,82,82,79,46,46,46,46,46,24,24,0],"gold":79,"neow_bonus":"TEN_PERCENT_HP_BONUS","is_prod":false,"is_daily":false,"chose_seed":false,"campfire_upgraded":2,"win_rate":0.0,"timestamp":1558885293,"path_taken":["M","?","M","M","?","E","R","M","T","$","M","R","M"],"build_version":"2019-01-23","purchased_purges":1,"victory":false,"max_hp_per_floor":[82,82,82,82,82,82,82,82,82,82,82,82,82],"card_choices":[{"not_picked":["Beam Cell","Stack"],"picked":"Gash","floor":1},{"not_picked":["Conserve Battery","Aggregate"],"picked":"Redo","floor":3},{"not_picked":["Reprogram","Stack"],"picked":"Conserve Battery","floor":4},{"not_picked":["Leap","Go for the Eyes"],"picked":"Glacier","floor":6},{"not_picked":["Steam","Cold Snap"],"picked":"Melter","floor":8},{"not_picked":["Beam Cell","Stack"],"picked":"Genetic Algorithm","floor":11}],"player_experience":916899,"relics_obtained":[{"floor":6,"key":"Oddly Smooth Stone"},{"floor":9,"key":"Matryoshka"}],"event_choices":[{"cards_removed":["Strike_B"],"damage_healed":0,"gold_gain":0,"player_choice":"Card Removal","damage_taken":0,"max_hp_gain":0,"max_hp_loss":0,"event_name":"The Cleric","floor":2,"gold_loss":50},{"damage_healed":0,"gold_gain":0,"player_choice":"Success","damage_taken":3,"relics_obtained":["Unceasing Top"],"max_hp_gain":0,"max_hp_loss":0,"event_name":"Scrap Ooze","floor":5,"gold_loss":0}],"is_beta":false,"boss_relics":[],"items_purged_floors":[10],"is_endless":false,"potions_floor_spawned":[1,3,11],"killed_by":"Exordium Thugs","ascension_level":0}