{"gold_per_floor":[109,121,37,37,51,89,89,89,170,170,170,170,214,18,18,117,117,82,1,1,21,21,21,56,56,83,83,83,83,83,126,126,222,222,243,243,257,270,334,334,375,375,443,443,481,494,494,513,513,513],"floor_reached":50,"playtime":3350,"items_purged":["Strike_G"],"score":1084,"play_id":"f8708ab6-3c4b-4c62-b83d-ea666f40a030","local_time":"20190609132453","is_ascension_mode":true,"campfire_choices":[{"data":"Noxious Fumes","floor":7.0,"key":"SMITH"},{"data":"Bane","floor":10.0,"key":"SMITH"},{"floor":12.0,"key":"REST"},{"data":"Noxious Fumes","floor":15.0,"key":"SMITH"},{"floor":23.0,"key":"REST"},{"floor":25.0,"key":"REST"},{"floor":28.0,"key":"REST"},{"data":"Ghostly","floor":30.0,"key":"SMITH"},{"data":"Ghostly","floor":32.0,"key":"SMITH"},{"floor":40.0,"key":"REST"},{"floor":42.0,"key":"REST"},{"floor":44.0,"key":"REST"},{"data":"Catalyst","floor":49.0,"key":"SMITH"}],"neow_cost":"PERCENT_DAMAGE","seed_source_timestamp":935306780589004,"circlet_count":0,"master_deck":["AscendersBane","Defend_G","Defend_G","Defend_G","Defend_G","Defend_G","Survivor","Neutralize","Cloak And Dagger","Noxious Fumes+1","Bane+1","Leg Sweep","Dagger Spray","Noxious Fumes+1","Flechettes","Setup","Noxious Fumes+1","Ghostly+1","Ghostly+1","Ghostly","Reflex","Cloak And Dagger+1","Night Terror","PiercingWail+1","Catalyst+1","Deadly Poison+1","Acrobatics+1","Deadly Poison+1","Night Terror","PiercingWail+1","PiercingWail"],"special_seed":0,"relics":["Ring of the Serpent","Golden Idol","PreservedInsect","Pantograph","Prayer Wheel","Lantern","Oddly Smooth Stone","Vajra","Snecko Eye","Peace Pipe","Paper Crane","Regal Pillow"],"potions_floor_usage":[50],"damage_taken":[{"damage":1.0,"enemies":"Jaw Worm","floor":1.0,"turns":4.0},{"damage":1.0,"enemies":"Small Slimes","floor":2.0,"turns":4.0},{"damage":3.0,"enemies":"2 Louse","floor":5.0,"turns":2.0},{"damage":38.0,"enemies":"Lagavulin","floor":6.0,"turns":10.0},{"damage":5.0,"enemies":"Gremlin Nob","floor":13.0,"turns":3.0},{"damage":26.0,"enemies":"The Guardian","floor":16.0,"turns":9.0},{"damage":27.0,"enemies":"2 Thieves","floor":18.0,"turns":5.0},{"damage":13.0,"enemies":"Spheric Guardian","floor":21.0,"turns":7.0},{"damage":29.0,"enemies":"Slavers","floor":24.0,"turns":6.0},{"damage":0.0,"enemies":"Snake Plant","floor":29.0,"turns":1.0},{"damage":18.0,"enemies":"Gremlin Leader","floor":31.0,"turns":7.0},{"damage":12.0,"enemies":"Champ","floor":33.0,"turns":14.0},{"damage":0.0,"enemies":"Orb Walker","floor":35.0,"turns":5.0},{"damage":0.0,"enemies":"3 Shapes","floor":37.0,"turns":6.0},{"damage":0.0,"enemies":"Sphere and 2 Shapes","floor":38.0,"turns":5.0},{"damage":29.0,"enemies":"2 Orb Walkers","floor":39.0,"turns":7.0},{"damage":6.0,"enemies":"Reptomancer","floor":41.0,"turns":6.0},{"damage":13.0,"enemies":"Nemesis","floor":45.0,"turns":9.0},{"damage":0.0,"enemies":"3 Darklings","floor":46.0,"turns":6.0},{"damage":7.0,"enemies":"Maw","floor":48.0,"turns":10.0},{"damage":36,"enemies":"Donu and Deca","floor":50,"turns":7}],"seed_played":"-5859140335108198159","potions_obtained":[{"floor":2.0,"key":"GamblersBrew"},{"floor":5.0,"key":"Regen Potion"},{"floor":21.0,"key":"SmokeBomb"},{"floor":24.0,"key":"SneckoOil"},{"floor":31.0,"key":"Fire Potion"},{"floor":33.0,"key":"GhostInAJar"},{"floor":39.0,"key":"SkillPotion"},{"floor":45.0,"key":"SkillPotion"},{"floor":48.0,"key":"Strength Potion"}],"is_trial":false,"path_per_floor":["M","M","$","?","M","E","R","?","T","R","?","R","E","$","R","B",null,"M","$","?","M","?","R","E","R","T","?","R","M","R","E","R","B",null,"M","?","M","M","?","R","E","R","T","R","E","M","?","M","R","B"],"character_chosen":"THE_SILENT","items_purchased":["Noxious Fumes","Noxious Fumes","Flechettes","GhostInAJar"],"campfire_rested":7,"item_purchase_floors":[3,14,14,19],"current_hp_per_floor":[55,54,54,54,51,28,28,28,28,28,21,42,37,37,37,36,62,35,35,35,22,22,32,3,13,13,13,23,23,23,5,5,18,31,31,31,31,31,2,12,6,16,16,26,13,13,13,6,6,0],"gold":513,"neow_bonus":"TWENTY_PERCENT_HP_BONUS","is_prod":false,"is_daily":false,"chose_seed":false,"campfire_upgraded":6,"win_rate":0,"timestamp":1560111893,"path_taken":["M","M","$","?","M","E","R","?","T","R","?","R","E","?","R","BOSS","M","$","?","M","?","R","E","R","T","?","R","?","R","E","R","BOSS","M","?","M","M","?","R","E","R","T","R","E","M","?","M","R","BOSS"],"build_version":"2019-06-07","purchased_purges":1,"victory":false,"max_hp_per_floor":[78,78,78,71,71,71,71,71,71,71,71,71,71,71,71,71,71,71,71,35,35,35,35,35,35,35,35,35,35,35,35,35,35,35,35,35,35,35,35,35,35,35,35,35,35,35,35,35,35,35],"card_choices":[{"not_picked":["Outmaneuver","Blade Dance","Underhanded Strike"],"picked":"SKIP","floor":1.0},{"not_picked":["Accuracy","Prepared"],"picked":"Cloak And Dagger","floor":2.0},{"not_picked":["Acrobatics","Heel Hook"],"picked":"Bane","floor":5.0},{"not_picked":["Dagger Throw","Prepared"],"picked":"Leg Sweep","floor":6.0},{"not_picked":["Blade Dance","Riddle With Holes"],"picked":"Dagger Spray","floor":13.0},{"not_picked":["Blade Dance","Slice"],"picked":"Setup","floor":18.0},{"not_picked":["Cloak And Dagger","Poisoned Stab"],"picked":"Noxious Fumes+1","floor":18.0},{"not_picked":["Dodge and Roll","Acrobatics","Bane"],"picked":"SKIP","floor":21.0},{"not_picked":["Bane","Dagger Spray","Storm of Steel"],"picked":"SKIP","floor":21.0},{"not_picked":["Flechettes","Bane","Dagger Throw"],"picked":"SKIP","floor":24.0},{"not_picked":["PiercingWail","Slice"],"picked":"Cloak And Dagger+1","floor":31.0},{"not_picked":["Envenom","Tools of the Trade"],"picked":"Night Terror","floor":33.0},{"not_picked":["Outmaneuver","Finisher"],"picked":"PiercingWail+1","floor":35.0},{"not_picked":["Escape Plan","Prepared","Underhanded Strike"],"picked":"SKIP","floor":35.0},{"not_picked":["Blur+1","Dagger Throw"],"picked":"Catalyst","floor":37.0},{"not_picked":["Slice","Endless Agony+1","Bane+1"],"picked":"SKIP","floor":37.0},{"not_picked":["Dodge and Roll","Masterful Stab+1"],"picked":"Deadly Poison+1","floor":38.0},{"not_picked":["Blade Dance","Backflip","Setup"],"picked":"SKIP","floor":38.0},{"not_picked":["Riddle With Holes","Poisoned Stab"],"picked":"Acrobatics+1","floor":39.0},{"not_picked":["Quick Slash","Acrobatics","Expertise"],"picked":"SKIP","floor":41.0},{"not_picked":["Acrobatics","PiercingWail"],"picked":"Deadly Poison+1","floor":45.0},{"not_picked":["Deadly Poison+1","Bane"],"picked":"Night Terror","floor":46.0},{"not_picked":["Poisoned Stab","Underhanded Strike","Prepared+1"],"picked":"SKIP","floor":46.0},{"not_picked":["Calculated Gamble","Prepared"],"picked":"PiercingWail+1","floor":48.0},{"not_picked":["Poisoned Stab","Skewer+1"],"picked":"PiercingWail","floor":48.0}],"player_experience":1636028,"relics_obtained":[{"floor":6.0,"key":"PreservedInsect"},{"floor":9.0,"key":"Pantograph"},{"floor":13.0,"key":"Prayer Wheel"},{"floor":24.0,"key":"Lantern"},{"floor":26.0,"key":"Oddly Smooth Stone"},{"floor":31.0,"key":"Vajra"},{"floor":39.0,"key":"Peace Pipe"},{"floor":41.0,"key":"Paper Crane"},{"floor":45.0,"key":"Regal Pillow"}],"event_choices":[{"damage_healed":0.0,"max_hp_gain":0.0,"max_hp_loss":7.0,"gold_gain":0.0,"event_name":"Golden Idol","player_choice":"Lose Max HP","floor":4.0,"gold_loss":0.0,"damage_taken":0.0,"relics_obtained":["Golden Idol"]},{"cards_removed":["Strike_G"],"damage_healed":0.0,"max_hp_gain":0.0,"max_hp_loss":0.0,"gold_gain":0.0,"event_name":"Living Wall","player_choice":"Forget","floor":8.0,"gold_loss":0.0,"damage_taken":0.0},{"cards_removed":["Strike_G"],"damage_healed":0.0,"max_hp_gain":0.0,"max_hp_loss":0.0,"gold_gain":0.0,"event_name":"Golden Wing","player_choice":"Card Removal","floor":11.0,"gold_loss":0.0,"damage_taken":7.0},{"damage_healed":0.0,"max_hp_gain":0.0,"max_hp_loss":36.0,"gold_gain":0.0,"event_name":"Ghosts","player_choice":"Became a Ghost","floor":20.0,"gold_loss":0.0,"damage_taken":0.0,"cards_obtained":["Ghostly","Ghostly","Ghostly"]},{"damage_healed":0.0,"max_hp_gain":0.0,"max_hp_loss":0.0,"gold_gain":0.0,"event_name":"Vampires","player_choice":"Ignored","floor":22.0,"gold_loss":0.0,"damage_taken":0.0},{"damage_healed":0.0,"max_hp_gain":0.0,"max_hp_loss":0.0,"gold_gain":0.0,"cards_transformed":["Strike_G"],"event_name":"Transmorgrifier","player_choice":"Transformed","floor":27.0,"gold_loss":0.0,"damage_taken":0.0,"cards_obtained":["Reflex"]},{"damage_healed":0.0,"max_hp_gain":0.0,"max_hp_loss":0.0,"gold_gain":0.0,"event_name":"Tomb of Lord Red Mask","player_choice":"Ignored","floor":36.0,"gold_loss":0.0,"damage_taken":0.0},{"damage_healed":0.0,"max_hp_gain":0.0,"max_hp_loss":0.0,"gold_gain":0.0,"event_name":"Mysterious Sphere","player_choice":"Fight","floor":39.0,"gold_loss":0.0,"damage_taken":0.0},{"cards_removed":["Strike_G"],"damage_healed":0.0,"max_hp_gain":0.0,"max_hp_loss":0.0,"gold_gain":0.0,"event_name":"Falling","player_choice":"Removed Attack","floor":47.0,"gold_loss":0.0,"damage_taken":0.0}],"is_beta":true,"boss_relics":[{"not_picked":["Lizard Tail","Eternal Feather"],"picked":"Ring of the Serpent"},{"not_picked":["Fusion Hammer","WristBlade"],"picked":"Snecko Eye"}],"items_purged_floors":[14],"is_endless":false,"potions_floor_spawned":[2,5,21,24,31,33,37,39,45,48],"killed_by":"Donu and Deca","ascension_level":20}