{"gold_per_floor":[118,134,154,54,64,84,84,100,100,113,144,157,57,77,77,181,181,192,67,86,86,96,122,156,156,156,156,175,175,209,221,233,343,355,380,403,425,45,57,57,90,90],"floor_reached":42,"playtime":4292,"items_purged":["Strike_R","Defend_R","Strike_R"],"score":724,"play_id":"dcb89b96-70c9-4f06-85ee-78e8fded3207","local_time":"20190607222612","is_ascension_mode":true,"campfire_choices":[{"data":"True Grit","floor":7,"key":"SMITH"},{"data":"Pommel Strike","floor":15,"key":"SMITH"},{"floor":25,"key":"REST"},{"data":"Limit Break","floor":27,"key":"SMITH"},{"floor":32,"key":"REST"},{"floor":40,"key":"REST"}],"neow_cost":"PERCENT_DAMAGE","seed_source_timestamp":838103175200269,"circlet_count":0,"master_deck":["Strike_R","Strike_R","Strike_R","Defend_R","Defend_R","Defend_R","Bash","Shrug It Off","Clash","True Grit+1","Pommel Strike+1","Shrug It Off","Clash","Limit Break+1","Metallicize+1","Metallicize+1","Writhe","Body Slam+1","Shrug It Off+1","Inflame+1","Battle Trance","Body Slam+1","Limit Break","Heavy Blade+1","Limit Break","Warcry+1","Iron Wave+1"],"relics":["Burning Blood","Thread and Needle","Frozen Egg 2","Bottled Lightning","Velvet Choker","Molten Egg 2","Red Mask","Anchor","Dead Branch","MawBank","Black Star","Bottled Tornado","Red Skull","Nunchaku"],"potions_floor_usage":[11,16,23,24,24,33,37,39,42],"damage_taken":[{"damage":0,"enemies":"Jaw Worm","floor":1,"turns":5},{"damage":0,"enemies":"Small Slimes","floor":2,"turns":4},{"damage":0,"enemies":"2 Louse","floor":3,"turns":3},{"damage":14,"enemies":"Large Slime","floor":5,"turns":12},{"damage":5,"enemies":"Exordium Thugs","floor":6,"turns":5},{"damage":0,"enemies":"Looter","floor":8,"turns":2},{"damage":0,"enemies":"3 Louse","floor":10,"turns":4},{"damage":11,"enemies":"3 Sentries","floor":11,"turns":15},{"damage":0,"enemies":"Red Slaver","floor":12,"turns":4},{"damage":1,"enemies":"Gremlin Gang","floor":14,"turns":4},{"damage":57,"enemies":"Slime Boss","floor":16,"turns":12},{"damage":0,"enemies":"3 Byrds","floor":18,"turns":5},{"damage":1,"enemies":"2 Thieves","floor":20,"turns":4},{"damage":6,"enemies":"Chosen and Byrds","floor":22,"turns":9},{"damage":39,"enemies":"Masked Bandits","floor":23,"turns":6},{"damage":30,"enemies":"Book of Stabbing","floor":24,"turns":7},{"damage":4,"enemies":"Centurion and Healer","floor":28,"turns":8},{"damage":12,"enemies":"Gremlin Leader","floor":30,"turns":7},{"damage":46,"enemies":"Automaton","floor":33,"turns":9},{"damage":17,"enemies":"Orb Walker","floor":35,"turns":5},{"damage":0,"enemies":"3 Shapes","floor":36,"turns":8},{"damage":0,"enemies":"Spire Growth","floor":37,"turns":4},{"damage":37,"enemies":"Maw","floor":39,"turns":5},{"damage":49,"enemies":"Nemesis","floor":41,"turns":5},{"damage":22,"enemies":"Sphere and 2 Shapes","floor":42,"turns":5}],"seed_played":"8037769079888588985","potions_obtained":[{"floor":2,"key":"Weak Potion"},{"floor":8,"key":"LiquidBronze"},{"floor":10,"key":"Swift Potion"},{"floor":12,"key":"EssenceOfSteel"},{"floor":16,"key":"Strength Potion"},{"floor":22,"key":"Energy Potion"},{"floor":23,"key":"SpeedPotion"},{"floor":30,"key":"Dexterity Potion"},{"floor":36,"key":"Poison Potion"},{"floor":37,"key":"SkillPotion"},{"floor":41,"key":"Fire Potion"}],"is_trial":false,"path_per_floor":["M","M","M","$","M","M","R","M","T","M","E","M","$","M","R","B",null,"M","$","M","?","M","?","E","R","T","R","M","?","E","$","R","B",null,"M","M","M","$","M","R","E","M"],"character_chosen":"IRONCLAD","items_purchased":["True Grit","Bottled Tornado","Limit Break"],"campfire_rested":3,"item_purchase_floors":[4,38,38],"current_hp_per_floor":[57,63,69,69,61,62,62,68,68,74,69,75,75,80,80,29,67,73,73,78,78,78,45,21,45,45,45,47,47,41,41,65,25,66,55,61,67,67,36,60,17,0],"gold":90,"neow_bonus":"ONE_RARE_RELIC","is_prod":false,"is_daily":false,"chose_seed":false,"campfire_upgraded":3,"win_rate":0,"timestamp":1559960772,"path_taken":["M","M","M","$","M","M","R","M","T","M","E","M","$","M","R","BOSS","M","$","M","?","M","?","E","R","T","R","M","?","E","$","R","BOSS","M","M","M","$","M","R","E","M"],"build_version":"2019-01-23","purchased_purges":3,"victory":false,"max_hp_per_floor":[80,80,80,80,80,80,80,80,80,80,80,80,80,80,80,80,80,80,80,80,80,80,80,80,80,80,80,80,80,80,80,80,80,80,80,80,80,80,80,80,80,80],"card_choices":[{"not_picked":["Blood for Blood","Sentinel"],"picked":"Shrug It Off","floor":1},{"not_picked":["Clothesline","Heavy Blade"],"picked":"Clash","floor":2},{"not_picked":["Sever Soul","Rampage","Reckless Charge"],"picked":"SKIP","floor":3},{"not_picked":["Sword Boomerang","Inflame"],"picked":"Pommel Strike","floor":5},{"not_picked":["Rage","Havoc","Perfected Strike"],"picked":"SKIP","floor":6},{"not_picked":["Hemokinesis","Thunderclap"],"picked":"Shrug It Off","floor":8},{"not_picked":["Carnage","Berserk+1","Sword Boomerang"],"picked":"SKIP","floor":10},{"not_picked":["Iron Wave","Heavy Blade","Headbutt"],"picked":"SKIP","floor":11},{"not_picked":["Iron Wave","Evolve+1","Rupture+1"],"picked":"SKIP","floor":12},{"not_picked":["Second Wind","Heavy Blade"],"picked":"Clash","floor":14},{"not_picked":["Berserk+1","Exhume"],"picked":"Limit Break","floor":16},{"not_picked":["Bloodletting","Havoc"],"picked":"Metallicize+1","floor":18},{"not_picked":["Fire Breathing+1","True Grit"],"picked":"Metallicize+1","floor":20},{"not_picked":["Anger+1","Sword Boomerang+1"],"picked":"Body Slam+1","floor":22},{"not_picked":["Perfected Strike+1","Havoc"],"picked":"Shrug It Off+1","floor":23},{"not_picked":["Power Through","Armaments"],"picked":"Inflame+1","floor":24},{"not_picked":["Warcry","Rampage+1"],"picked":"Battle Trance","floor":28},{"not_picked":["Bludgeon+1","Flex"],"picked":"Body Slam+1","floor":30},{"not_picked":["Immolate+1","Feed+1"],"picked":"Limit Break","floor":33},{"not_picked":["Disarm","Power Through+1"],"picked":"Heavy Blade+1","floor":35},{"not_picked":["Rampage+1","Feel No Pain+1","Fire Breathing+1"],"picked":"SKIP","floor":36},{"not_picked":["Thunderclap+1","Cleave+1","Havoc+1"],"picked":"SKIP","floor":37},{"not_picked":["Anger+1","Clothesline+1"],"picked":"Warcry+1","floor":39},{"not_picked":["Combust+1","Spot Weakness+1"],"picked":"Iron Wave+1","floor":41}],"player_experience":407881,"relics_obtained":[{"floor":9,"key":"Frozen Egg 2"},{"floor":11,"key":"Bottled Lightning"},{"floor":23,"key":"Red Mask"},{"floor":24,"key":"Anchor"},{"floor":26,"key":"Dead Branch"},{"floor":30,"key":"MawBank"},{"floor":41,"key":"Red Skull"},{"floor":41,"key":"Nunchaku"}],"event_choices":[{"damage_healed":0,"gold_gain":0,"player_choice":"Opened","damage_taken":0,"relics_obtained":["Molten Egg 2"],"max_hp_gain":0,"max_hp_loss":0,"event_name":"The Mausoleum","floor":21,"gold_loss":0,"cards_obtained":["Writhe"]},{"damage_healed":0,"gold_gain":0,"player_choice":"Fought Bandits","damage_taken":0,"max_hp_gain":0,"max_hp_loss":0,"event_name":"Masked Bandits","floor":23,"gold_loss":0},{"damage_healed":0,"gold_gain":0,"player_choice":"Ignored","damage_taken":0,"max_hp_gain":0,"max_hp_loss":0,"event_name":"Vampires","floor":29,"gold_loss":0}],"is_beta":false,"boss_relics":[{"not_picked":["Snecko Eye","Mark of Pain"],"picked":"Velvet Choker"},{"not_picked":["Runic Pyramid","Lizard Tail"],"picked":"Black Star"}],"items_purged_floors":[4,13,19],"is_endless":false,"potions_floor_spawned":[2,8,10,12,16,18,22,23,30,36,37,41],"killed_by":"Sphere and 2 Shapes","ascension_level":9}