{"gold_per_floor":[119,139,150,163,177,177,207,172,172,172,190,190,190,207,207,303,303,317,317,344,48,147,147,147,147,170,170,370,370,387,403,403,403],"floor_reached":33,"playtime":1703,"items_purged":["Strike_G"],"score":245,"play_id":"8fdb0820-f310-42b5-9d7a-1889807d0938","local_time":"20190325215757","is_ascension_mode":false,"campfire_choices":[{"data":"Noxious Fumes","floor":6,"key":"SMITH"},{"floor":13,"key":"REST"},{"floor":15,"key":"REST"},{"data":"After Image","floor":23,"key":"SMITH"},{"data":"Doppelganger","floor":27,"key":"SMITH"},{"data":"Magnetism","floor":29,"key":"SMITH"},{"floor":32,"key":"REST"}],"neow_cost":"TEN_PERCENT_HP_LOSS","seed_source_timestamp":237705251892343,"circlet_count":0,"master_deck":["Defend_G","Defend_G","Defend_G","Defend_G","Defend_G+1","Strike_G","Strike_G","Strike_G","Strike_G","Survivor+1","Neutralize","Doppelganger+1","Quick Slash","Prepared","Quick Slash","Noxious Fumes+1","Reflex","Deadly Poison","Skewer+1","Dagger Throw+1","Dagger Throw+1","After Image+1","Poisoned Stab+1","Finisher+1","Bane+1","Underhanded Strike+1","Magnetism+1","Quick Slash+1","Poisoned Stab+1","Bane+1","Bane+1"],"relics":["Ring of the Snake","Prayer Wheel","Molten Egg 2","Question Card","Eternal Feather","Juzu Bracelet","Red Mask","Nilry\u0027s Codex","Shuriken","War Paint"],"potions_floor_usage":[11,11,20,31,33],"damage_taken":[{"damage":6,"enemies":"Jaw Worm","floor":1,"turns":7},{"damage":0,"enemies":"2 Louse","floor":2,"turns":2},{"damage":0,"enemies":"Small Slimes","floor":3,"turns":3},{"damage":16,"enemies":"3 Louse","floor":4,"turns":4},{"damage":17,"enemies":"Exordium Wildlife","floor":5,"turns":6},{"damage":19,"enemies":"Gremlin Nob","floor":7,"turns":5},{"damage":11,"enemies":"Exordium Thugs","floor":11,"turns":5},{"damage":9,"enemies":"3 Louse","floor":14,"turns":3},{"damage":5,"enemies":"Slime Boss","floor":16,"turns":8},{"damage":20,"enemies":"3 Byrds","floor":18,"turns":7},{"damage":44,"enemies":"Masked Bandits","floor":20,"turns":4},{"damage":24,"enemies":"2 Thieves","floor":30,"turns":5},{"damage":0,"enemies":"Cultist and Chosen","floor":31,"turns":6},{"damage":76,"enemies":"Collector","floor":33,"turns":7}],"seed_played":"5649145588021756551","potions_obtained":[{"floor":3,"key":"Energy Potion"},{"floor":5,"key":"FearPotion"},{"floor":7,"key":"EssenceOfSteel"},{"floor":11,"key":"GamblersBrew"},{"floor":16,"key":"Block Potion"},{"floor":30,"key":"SmokeBomb"}],"is_trial":false,"path_per_floor":["M","M","M","M","M","R","E","?","T","?","M","?","R","M","R","B",null,"M","?","?","$","?","R","?","T","T","R","?","R","M","M","R","B"],"character_chosen":"THE_SILENT","items_purchased":["Underhanded Strike+1","Magnetism"],"campfire_rested":3,"item_purchase_floors":[21,21],"current_hp_per_floor":[57,57,57,41,24,24,5,20,20,25,14,14,34,25,45,40,68,48,48,4,4,4,19,3,3,3,18,18,33,9,9,47,0],"gold":403,"neow_bonus":"THREE_RARE_CARDS","is_prod":false,"is_daily":false,"chose_seed":false,"campfire_upgraded":4,"win_rate":0.0,"timestamp":1553565477,"path_taken":["M","M","M","M","M","R","E","?","T","?","?","?","R","M","R","BOSS","M","?","?","$","?","R","?","?","T","R","?","R","M","M","R","BOSS"],"build_version":"2019-01-23","purchased_purges":1,"victory":false,"max_hp_per_floor":[63,63,63,63,63,63,63,63,63,68,68,68,68,68,68,68,68,68,68,68,68,68,68,68,68,68,68,68,68,68,68,68,68],"card_choices":[{"not_picked":["Malaise","Adrenaline"],"picked":"Doppelganger","floor":0},{"not_picked":["Cloak And Dagger","Deadly Poison"],"picked":"Quick Slash","floor":1},{"not_picked":["Cloak And Dagger","Masterful Stab"],"picked":"Prepared","floor":2},{"not_picked":["Skewer","PiercingWail"],"picked":"Quick Slash","floor":3},{"not_picked":["Blade Dance","Cloak And Dagger"],"picked":"Noxious Fumes","floor":4},{"not_picked":["Finisher","Dagger Spray"],"picked":"Reflex","floor":5},{"not_picked":["Caltrops","Acrobatics"],"picked":"Deadly Poison","floor":7},{"not_picked":["Dodge and Roll","Masterful Stab+1"],"picked":"Skewer+1","floor":11},{"not_picked":["Bullet Time","Blade Dance","Dodge and Roll"],"picked":"SKIP","floor":11},{"not_picked":["Outmaneuver","Deflect","Heel Hook+1"],"picked":"Dagger Throw+1","floor":14},{"not_picked":["Backflip","Accuracy","Expertise"],"picked":"Dagger Throw+1","floor":14},{"not_picked":["Wraith Form v2","Corpse Explosion","Glass Knife+1"],"picked":"After Image","floor":16},{"not_picked":["Sucker Punch+1","Acrobatics","Slice+1"],"picked":"Poisoned Stab+1","floor":18},{"not_picked":["All Out Attack+1","Escape Plan","Crippling Poison"],"picked":"Finisher+1","floor":18},{"not_picked":["Blade Dance+1","Poisoned Stab+1","Cloak And Dagger+1"],"picked":"Bane+1","floor":20},{"not_picked":["PiercingWail","Prepared","Doppelganger"],"picked":"Quick Slash+1","floor":30},{"not_picked":["Slice+1","Cloak And Dagger","Deflect+1"],"picked":"Poisoned Stab+1","floor":30},{"not_picked":["Acrobatics","Bouncing Flask+1","Prepared"],"picked":"Bane+1","floor":31},{"not_picked":["Predator+1","Endless Agony+1","Crippling Poison"],"picked":"Bane+1","floor":31}],"player_experience":75268,"relics_obtained":[{"floor":7,"key":"Prayer Wheel"},{"floor":9,"key":"Molten Egg 2"},{"floor":20,"key":"Red Mask"},{"floor":24,"key":"Nilry\u0027s Codex"},{"floor":25,"key":"Shuriken"},{"floor":26,"key":"War Paint"}],"event_choices":[{"damage_healed":15,"gold_gain":0,"player_choice":"Healed","damage_taken":0,"max_hp_gain":0,"max_hp_loss":0,"event_name":"The Cleric","floor":8,"gold_loss":35},{"damage_healed":0,"gold_gain":0,"player_choice":"Donut","damage_taken":0,"max_hp_gain":5,"max_hp_loss":0,"event_name":"Big Fish","floor":10,"gold_loss":0},{"damage_healed":0,"gold_gain":0,"player_choice":"Searched \u00271\u0027 times","damage_taken":0,"relics_obtained":["Question Card"],"max_hp_gain":0,"max_hp_loss":0,"event_name":"Dead Adventurer","floor":12,"gold_loss":0},{"damage_healed":0,"gold_gain":0,"player_choice":"Opened","damage_taken":0,"relics_obtained":["Juzu Bracelet"],"max_hp_gain":0,"max_hp_loss":0,"event_name":"The Mausoleum","floor":19,"gold_loss":0},{"damage_healed":0,"gold_gain":0,"player_choice":"Fought Bandits","damage_taken":0,"max_hp_gain":0,"max_hp_loss":0,"event_name":"Masked Bandits","floor":20,"gold_loss":0},{"damage_healed":0,"gold_gain":99,"player_choice":"Stole From Cult","damage_taken":0,"max_hp_gain":0,"max_hp_loss":0,"event_name":"Nest","floor":22,"gold_loss":0},{"damage_healed":0,"gold_gain":0,"player_choice":"Obtained Book","damage_taken":16,"max_hp_gain":0,"max_hp_loss":0,"event_name":"Cursed Tome","floor":24,"gold_loss":0},{"damage_healed":0,"gold_gain":200,"player_choice":"Gold","damage_taken":0,"max_hp_gain":0,"max_hp_loss":0,"event_name":"Wheel of Change","floor":28,"gold_loss":0}],"is_beta":false,"boss_relics":[{"not_picked":["Lizard Tail","Runic Pyramid"],"picked":"Eternal Feather"}],"items_purged_floors":[21],"is_endless":false,"potions_floor_spawned":[3,5,7,11,16,18,30],"killed_by":"Collector","ascension_level":0}