{"gold_per_floor":[113,124,42,42,6,40,40,51,51,74,74,87,120,132,144,253,265,299,311,336,447,473,518,530,556,568,180,198,198,198,0,0,101,101,111,111,125,25,25,25,36,36,61,71,71,85,85,95,95,95],"floor_reached":50,"playtime":6021,"items_purged":["Strike_G","Venomology"],"score":495,"play_id":"6c03cb3a-c2a5-4b80-be25-2ff509620fc1","local_time":"20190521223431","is_ascension_mode":false,"campfire_choices":[{"data":"Infinite Blades","floor":7.0,"key":"SMITH"},{"data":"Footwork","floor":11.0,"key":"SMITH"},{"data":"Cloak And Dagger","floor":15.0,"key":"SMITH"},{"data":"Storm of Steel","floor":24,"key":"SMITH"},{"floor":29,"key":"REST"},{"data":"Accuracy","floor":32,"key":"SMITH"},{"data":"Neutralize","floor":40,"key":"SMITH"},{"floor":42,"key":"REST"},{"data":"Outmaneuver","floor":45,"key":"SMITH"},{"data":"Blur","floor":47,"key":"SMITH"},{"floor":49,"key":"REST"}],"neow_cost":"NONE","seed_source_timestamp":0,"circlet_count":0,"master_deck":["Defend_G","Defend_G","Defend_G+1","Defend_G","Defend_G","Strike_G","Strike_G","Strike_G","Strike_G","Survivor+1","Neutralize+1","Outmaneuver+1","Infinite Blades+1","Accuracy+1","Footwork+1","Deflect","Cloak And Dagger+1","Storm of Steel+1","Dagger Throw+1","Backflip","Dodge and Roll+1","Infinite Blades+1","Blur+1","Accuracy+1","Infinite Blades","Blade Dance+1","Acrobatics+1","Deflect"],"special_seed":0,"relics":["Ring of the Serpent","Torii","Question Card","War Paint","MawBank","Pen Nib","Bottled Flame","Bottled Lightning","Sozu","Vajra"],"potions_floor_usage":[23,25,28,33,41],"damage_taken":[{"damage":0.0,"enemies":"Small Slimes","floor":1.0,"turns":6.0},{"damage":1.0,"enemies":"Cultist","floor":2.0,"turns":4.0},{"damage":23.0,"enemies":"3 Sentries","floor":6.0,"turns":10.0},{"damage":0.0,"enemies":"Jaw Worm","floor":8.0,"turns":5.0},{"damage":1.0,"enemies":"Exordium Wildlife","floor":12.0,"turns":6.0},{"damage":0.0,"enemies":"Lagavulin","floor":13.0,"turns":8.0},{"damage":18.0,"enemies":"The Guardian","floor":16.0,"turns":16.0},{"damage":6.0,"enemies":"Spheric Guardian","floor":18.0,"turns":5.0},{"damage":0,"enemies":"Chosen","floor":20,"turns":4},{"damage":1,"enemies":"Shelled Parasite and Fungi","floor":22,"turns":5},{"damage":30,"enemies":"Gremlin Leader","floor":23,"turns":9},{"damage":0,"enemies":"Snake Plant","floor":25,"turns":7},{"damage":9,"enemies":"3 Cultists","floor":28,"turns":4},{"damage":2,"enemies":"Champ","floor":33,"turns":12},{"damage":21,"enemies":"3 Shapes","floor":35,"turns":5},{"damage":14,"enemies":"3 Darklings","floor":37,"turns":5},{"damage":2,"enemies":"Sphere and 2 Shapes","floor":41,"turns":5},{"damage":3,"enemies":"Writhing Mass","floor":44,"turns":6},{"damage":1,"enemies":"Transient","floor":46,"turns":5},{"damage":29,"enemies":"Jaw Worm Horde","floor":48,"turns":3},{"damage":54,"enemies":"Time Eater","floor":50,"turns":11}],"seed_played":"5675259776780080671","potions_obtained":[{"floor":8.0,"key":"EntropicBrew"},{"floor":12.0,"key":"FearPotion"},{"floor":16.0,"key":"Strength Potion"},{"floor":23,"key":"Energy Potion"},{"floor":33,"key":"Fire Potion"}],"is_trial":false,"path_per_floor":["M","M","$","?","$","E","R","M","T","T","R","M","E","$","R","B",null,"M","$","M","?","M","E","R","M","T","$","M","R","?","?","R","B",null,"M","?","M","$","?","R","M","R","T","M","R","M","R","M","R","B"],"character_chosen":"THE_SILENT","items_purchased":["Accuracy","Footwork","Accuracy","Bottled Lightning"],"campfire_rested":3,"item_purchase_floors":[3,5,27,27],"current_hp_per_floor":[70,69,69,69,69,46,46,46,46,46,46,45,45,45,45,27,70,64,64,64,64,63,33,33,33,33,33,24,45,32,32,32,30,75,54,54,40,40,40,40,38,60,60,57,57,56,56,27,49,0],"gold":95,"neow_bonus":"THREE_CARDS","is_prod":false,"is_daily":false,"chose_seed":false,"campfire_upgraded":8,"win_rate":0,"timestamp":1558492471,"path_taken":["M","M","$","?","?","E","R","M","T","?","R","?","E","$","R","BOSS","M","$","M","?","M","E","R","M","T","$","M","R","?","?","R","BOSS","M","?","?","$","?","R","M","R","T","M","R","M","R","M","R","BOSS"],"build_version":"2019-01-23","purchased_purges":2,"victory":false,"max_hp_per_floor":[70,70,70,70,70,70,70,70,70,70,70,70,70,70,70,70,70,70,70,70,70,70,70,70,70,70,70,70,70,75,75,75,75,75,75,75,75,75,75,75,75,75,75,75,75,75,75,75,75,75],"card_choices":[{"not_picked":["Quick Slash","Flying Knee"],"picked":"Outmaneuver","floor":0.0},{"not_picked":["Dagger Throw","Blade Dance"],"picked":"Infinite Blades","floor":1.0},{"not_picked":["Distraction","Concentrate","Dagger Throw"],"picked":"SKIP","floor":2.0},{"not_picked":["Sucker Punch","Riddle With Holes"],"picked":"Deflect","floor":6.0},{"not_picked":["Bane","Flying Knee"],"picked":"Dagger Spray","floor":8.0},{"not_picked":["Footwork","Deadly Poison","Acrobatics"],"picked":"Cloak And Dagger","floor":12.0},{"not_picked":["Slice","Concentrate","Poisoned Stab","Doppelganger"],"picked":"SKIP","floor":13.0},{"not_picked":["Tools of the Trade","Envenom","Die Die Die"],"picked":"Storm of Steel","floor":16.0},{"not_picked":["Sucker Punch","Dagger Spray","Riddle With Holes"],"picked":"Dagger Throw+1","floor":18},{"not_picked":["Riddle With Holes","Skewer","Sucker Punch"],"picked":"Backflip","floor":20},{"not_picked":["Expertise","Dagger Throw","Riddle With Holes"],"picked":"Dodge and Roll+1","floor":22},{"not_picked":["Bouncing Flask","Caltrops","Dodge and Roll"],"picked":"Infinite Blades+1","floor":23},{"not_picked":["Deadly Poison","Endless Agony","Riddle With Holes+1"],"picked":"Blur","floor":25},{"not_picked":["Underhanded Strike","Dagger Throw","Dagger Spray"],"picked":"Infinite Blades","floor":28},{"not_picked":["Glass Knife","Malaise","Storm of Steel"],"picked":"Venomology","floor":33},{"not_picked":["Distraction+1","Poisoned Stab+1","Deflect+1"],"picked":"Blade Dance+1","floor":35},{"not_picked":["Dagger Spray+1","Choke","Masterful Stab","Deadly Poison"],"picked":"SKIP","floor":37},{"not_picked":["Blade Dance","Dagger Spray","Outmaneuver"],"picked":"Acrobatics+1","floor":41},{"not_picked":["Noxious Fumes","Die Die Die","Sucker Punch+1","Dash+1"],"picked":"SKIP","floor":44},{"not_picked":["Poisoned Stab","Concentrate","PiercingWail","Heel Hook+1"],"picked":"SKIP","floor":46},{"not_picked":["Dash+1","Expertise+1","Caltrops+1"],"picked":"Deflect","floor":48}],"player_experience":822868,"relics_obtained":[{"floor":6.0,"key":"Torii"},{"floor":9.0,"key":"Question Card"},{"floor":10.0,"key":"War Paint"},{"floor":13.0,"key":"MawBank"},{"floor":23,"key":"Pen Nib"},{"floor":26,"key":"Bottled Flame"},{"floor":43,"key":"Vajra"}],"event_choices":[{"damage_healed":0.0,"max_hp_gain":0.0,"max_hp_loss":0.0,"gold_gain":0.0,"event_name":"Upgrade Shrine","player_choice":"Upgraded","floor":4.0,"gold_loss":0.0,"damage_taken":0.0,"cards_upgraded":["Accuracy"]},{"damage_healed":0,"gold_gain":99,"player_choice":"Stole From Cult","damage_taken":0,"max_hp_gain":0,"max_hp_loss":0,"event_name":"Nest","floor":21,"gold_loss":0},{"damage_healed":0,"gold_gain":0,"player_choice":"Shed Blood","damage_taken":18,"max_hp_gain":5,"max_hp_loss":0,"event_name":"Forgotten Altar","floor":30,"gold_loss":0},{"damage_healed":0,"gold_gain":0,"player_choice":"Paid Fearfully","damage_taken":0,"max_hp_gain":0,"max_hp_loss":0,"event_name":"Masked Bandits","floor":31,"gold_loss":198},{"damage_healed":0,"gold_gain":0,"player_choice":"Got Potions","damage_taken":0,"max_hp_gain":0,"max_hp_loss":0,"event_name":"Lab","floor":36,"gold_loss":0},{"cards_removed":["Dagger Spray"],"damage_healed":0,"gold_gain":0,"player_choice":"Removed Attack","damage_taken":0,"max_hp_gain":0,"max_hp_loss":0,"event_name":"Falling","floor":39,"gold_loss":0}],"is_beta":false,"boss_relics":[{"not_picked":["Eternal Feather","Runic Pyramid"],"picked":"Ring of the Serpent"},{"not_picked":["Astrolabe","White Beast Statue"],"picked":"Sozu"}],"items_purged_floors":[27,38],"is_endless":false,"potions_floor_spawned":[8,12,16,23,33,41,44,46],"killed_by":"Time Eater","ascension_level":0}