{"gold_per_floor":[113,132,143,143,162,162,178,178,178,178,178,194,212,230,230,327,327,337,364,376,395,406,406,433,444,444,444,462,477,477,494,494,598,598,618,840,840,622,634,634,385,404,404,416,430,463,463,32,32,32],"floor_reached":51,"playtime":3477,"items_purged":["Strike_B","Defend_B"],"score":1036,"play_id":"7a1004d7-ef9a-453e-8090-e67a399715b3","local_time":"20190527112250","is_ascension_mode":true,"campfire_choices":[{"data":"Go for the Eyes","floor":6.0,"key":"SMITH"},{"floor":8.0,"key":"REST"},{"floor":15.0,"key":"REST"},{"data":"Loop","floor":23.0,"key":"SMITH"},{"data":"Echo Form","floor":30.0,"key":"SMITH"},{"data":"Double Energy","floor":32.0,"key":"SMITH"},{"data":"Coolheaded","floor":40.0,"key":"SMITH"},{"data":"Glacier","floor":47,"key":"SMITH"},{"data":"Defragment","floor":49,"key":"SMITH"}],"neow_cost":"PERCENT_DAMAGE","seed_source_timestamp":0,"circlet_count":0,"master_deck":["Defend_B","Defend_B+1","Defend_B","Zap","Dualcast","Go for the Eyes+1","Coolheaded+1","Doom and Gloom+1","Loop+1","Compile Driver+1","Glacier+1","Echo Form+1","Coolheaded+1","Conserve Battery","Barrage+1","Double Energy+1","Capacitor","Tempest+1","Defragment+1"],"special_seed":0,"relics":["Cracked Core","Pocketwatch","Shuriken","Coffee Dripper","Red Mask","PreservedInsect","Mango","Empty Cage","Ancient Tea Set","Whetstone","Bottled Tornado","Peace Pipe","Oddly Smooth Stone","War Paint"],"potions_floor_usage":[45,50,50,50],"damage_taken":[{"damage":0.0,"enemies":"2 Louse","floor":1.0,"turns":3.0},{"damage":6.0,"enemies":"Cultist","floor":2.0,"turns":3.0},{"damage":9.0,"enemies":"Jaw Worm","floor":3.0,"turns":3.0},{"damage":1.0,"enemies":"Exordium Wildlife","floor":5.0,"turns":4.0},{"damage":15.0,"enemies":"Gremlin Gang","floor":7.0,"turns":4.0},{"damage":8.0,"enemies":"2 Fungi Beasts","floor":12.0,"turns":3.0},{"damage":11.0,"enemies":"Exordium Thugs","floor":13.0,"turns":4.0},{"damage":1.0,"enemies":"Exordium Wildlife","floor":14.0,"turns":2.0},{"damage":7.0,"enemies":"Slime Boss","floor":16.0,"turns":9.0},{"damage":3.0,"enemies":"3 Byrds","floor":18.0,"turns":5.0},{"damage":20.0,"enemies":"Masked Bandits","floor":19.0,"turns":5.0},{"damage":0.0,"enemies":"Chosen","floor":20.0,"turns":5.0},{"damage":0.0,"enemies":"Centurion and Healer","floor":21.0,"turns":8.0},{"damage":16.0,"enemies":"Snake Plant","floor":22.0,"turns":4.0},{"damage":1.0,"enemies":"Book of Stabbing","floor":24.0,"turns":8.0},{"damage":16.0,"enemies":"Sentry and Sphere","floor":25.0,"turns":5.0},{"damage":0.0,"enemies":"3 Cultists","floor":28.0,"turns":5.0},{"damage":15.0,"enemies":"Centurion and Healer","floor":29.0,"turns":6.0},{"damage":3.0,"enemies":"Chosen and Byrds","floor":31.0,"turns":4.0},{"damage":4.0,"enemies":"Automaton","floor":33.0,"turns":9.0},{"damage":17.0,"enemies":"3 Darklings","floor":35.0,"turns":5.0},{"damage":21.0,"enemies":"3 Shapes","floor":39.0,"turns":4.0},{"damage":0.0,"enemies":"3 Darklings","floor":42.0,"turns":5.0},{"damage":17.0,"enemies":"Maw","floor":44.0,"turns":7.0},{"damage":15,"enemies":"Transient","floor":45,"turns":5},{"damage":16,"enemies":"Nemesis","floor":46,"turns":7},{"damage":0,"enemies":"Time Eater","floor":50,"turns":12}],"seed_played":"7447500724102398020","potions_obtained":[{"floor":1.0,"key":"Energy Potion"},{"floor":5.0,"key":"EssenceOfSteel"},{"floor":7.0,"key":"Energy Potion"},{"floor":21.0,"key":"Strength Potion"},{"floor":22.0,"key":"PowerPotion"},{"floor":25.0,"key":"Fire Potion"},{"floor":28.0,"key":"SkillPotion"},{"floor":29.0,"key":"LiquidBronze"},{"floor":31.0,"key":"SkillPotion"},{"floor":39.0,"key":"SneckoOil"},{"floor":42.0,"key":"Regen Potion"},{"floor":46,"key":"FocusPotion"}],"is_trial":false,"path_per_floor":["M","M","M","?","M","R","M","R","T","?","$","M","M","M","R","B",null,"M","?","M","M","M","R","E","M","T","?","M","M","R","M","R","B",null,"M","?","?","$","M","R","$","M","T","M","M","E","R","$","R","B",null],"character_chosen":"DEFECT","items_purchased":["Ancient Tea Set","Whetstone","Defragment","Oddly Smooth Stone","War Paint","SpeedPotion","Swift Potion"],"campfire_rested":2,"item_purchase_floors":[38,41,48,48,48,48,48],"current_hp_per_floor":[50,44,35,35,34,34,19,41,41,46,46,38,27,26,50,43,71,68,48,48,48,32,32,31,15,29,29,29,14,14,11,11,7,72,55,55,55,55,34,34,34,34,34,32,17,1,1,1,1,1],"gold":32,"neow_bonus":"ONE_RARE_RELIC","is_prod":false,"is_daily":false,"chose_seed":false,"campfire_upgraded":7,"win_rate":0,"timestamp":1558970570,"path_taken":["M","M","M","?","?","R","?","R","T","?","?","M","?","M","R","BOSS","M","?","M","M","M","R","E","M","T","?","M","M","R","?","R","BOSS","M","?","?","$","M","R","$","M","T","M","M","E","R","$","R","BOSS"],"build_version":"2019-01-23","purchased_purges":2,"victory":true,"max_hp_per_floor":[75,75,75,75,75,75,75,75,75,80,80,80,80,80,80,80,80,80,80,80,80,80,80,80,80,94,94,94,94,94,94,94,94,94,94,94,89,89,89,89,89,89,89,89,89,89,89,89,89,89],"card_choices":[{"not_picked":["Static Discharge","Consume","Stack"],"picked":"SKIP","floor":1.0},{"not_picked":["Reprogram","Turbo"],"picked":"Go for the Eyes","floor":2.0},{"not_picked":["Go for the Eyes","Compile Driver"],"picked":"Coolheaded","floor":3.0},{"not_picked":["Hologram","Lockon"],"picked":"Doom and Gloom","floor":5.0},{"not_picked":["Consume","Rebound"],"picked":"Loop","floor":7.0},{"not_picked":["Turbo","Redo","Auto Shields"],"picked":"SKIP","floor":12.0},{"not_picked":["Turbo","Ball Lightning"],"picked":"Compile Driver","floor":13.0},{"not_picked":["Buffer","Melter"],"picked":"Glacier","floor":14.0},{"not_picked":["Biased Cognition","Machine Learning"],"picked":"Echo Form","floor":16.0},{"not_picked":["Storm","Hello World+1"],"picked":"Coolheaded","floor":18.0},{"not_picked":["Cold Snap+1","Gash"],"picked":"Conserve Battery","floor":19.0},{"not_picked":["Cold Snap","Rainbow"],"picked":"Barrage","floor":20.0},{"not_picked":["Genetic Algorithm+1","Streamline+1","Reinforced Body"],"picked":"SKIP","floor":21.0},{"not_picked":["Blizzard","Redo","Gash"],"picked":"SKIP","floor":22.0},{"not_picked":["Hologram","Conserve Battery+1","Barrage"],"picked":"SKIP","floor":24.0},{"not_picked":["Reprogram+1","Conserve Battery+1","Aggregate"],"picked":"SKIP","floor":25.0},{"not_picked":["Go for the Eyes","Scrape+1"],"picked":"Double Energy","floor":28.0},{"not_picked":["Turbo","Leap","Stack+1"],"picked":"SKIP","floor":29.0},{"not_picked":["Turbo","Leap","Stack+1"],"picked":"SKIP","floor":29.0},{"not_picked":["Reboot","Go for the Eyes"],"picked":"Capacitor","floor":31.0},{"not_picked":["Force Field","Redo+1","Fusion"],"picked":"SKIP","floor":35.0},{"not_picked":["Auto Shields","Steam","Barrage"],"picked":"SKIP","floor":39.0},{"not_picked":["Aggregate","Compile Driver"],"picked":"Tempest+1","floor":42.0},{"not_picked":["Conserve Battery","Beam Cell","Go for the Eyes+1"],"picked":"SKIP","floor":44.0},{"not_picked":["Compile Driver","Sweeping Beam","Sunder"],"picked":"SKIP","floor":45},{"not_picked":["Streamline","Fusion","Conserve Battery"],"picked":"SKIP","floor":46}],"player_experience":513214,"relics_obtained":[{"floor":9.0,"key":"Shuriken"},{"floor":19.0,"key":"Red Mask"},{"floor":24.0,"key":"PreservedInsect"},{"floor":26.0,"key":"Mango"},{"floor":43.0,"key":"Bottled Tornado"},{"floor":46,"key":"Peace Pipe"}],"event_choices":[{"cards_removed":["Strike_B"],"damage_healed":0.0,"max_hp_gain":0.0,"max_hp_loss":0.0,"gold_gain":0.0,"event_name":"Purifier","player_choice":"Purged","floor":4.0,"gold_loss":0.0,"damage_taken":0.0},{"damage_healed":0.0,"max_hp_gain":5.0,"max_hp_loss":0.0,"gold_gain":0.0,"event_name":"Big Fish","player_choice":"Donut","floor":10.0,"gold_loss":0.0,"damage_taken":0.0},{"damage_healed":0.0,"max_hp_gain":0.0,"max_hp_loss":0.0,"gold_gain":0.0,"event_name":"Masked Bandits","player_choice":"Fought Bandits","floor":19.0,"gold_loss":0.0,"damage_taken":0.0},{"damage_healed":0.0,"max_hp_gain":0.0,"max_hp_loss":0.0,"gold_gain":0.0,"event_name":"Accursed Blacksmith","player_choice":"Forge","floor":27.0,"gold_loss":0.0,"damage_taken":0.0,"cards_upgraded":["Barrage"]},{"damage_healed":0.0,"max_hp_gain":0.0,"max_hp_loss":0.0,"gold_gain":222.0,"event_name":"Tomb of Lord Red Mask","player_choice":"Wore Mask","floor":36.0,"gold_loss":0.0,"damage_taken":0.0},{"damage_healed":0.0,"max_hp_gain":0.0,"max_hp_loss":5.0,"gold_gain":0.0,"event_name":"Winding Halls","player_choice":"Max HP","floor":37.0,"gold_loss":0.0,"damage_taken":0.0}],"is_beta":false,"boss_relics":[{"not_picked":["Velvet Choker","Philosopher\u0027s Stone"],"picked":"Coffee Dripper"},{"not_picked":["Lizard Tail","Calling Bell"],"picked":"Empty Cage"}],"items_purged_floors":[38,41],"is_endless":false,"potions_floor_spawned":[1,5,7,21,22,25,28,29,31,39,42,46],"ascension_level":9}