{"gold_per_floor":[114,64,64,239,38,38,51,51,104,148,223,261,261,304,304,428,428,449,499,514,533,261,299,299,144,144,234,259,259,361,404,404,534,597,615,665,686,131,199,240,512,545,545,545,578,135,135,285,285,285,285,285,0,43,43],"floor_reached":55,"playtime":3916,"items_purged":["Doubt","Defend_B","Strike_B","Strike_B","Defend_B","Strike_B"],"score":1166,"play_id":"942504cb-6e89-47d4-b3d8-08a6b9ee7cc0","local_time":"20190516194311","is_ascension_mode":true,"campfire_choices":[{"data":"Zap","floor":6,"key":"SMITH"},{"data":"Dualcast","floor":8,"key":"SMITH"},{"floor":15,"key":"REST"},{"floor":24,"key":"RECALL"},{"floor":29,"key":"REST"},{"floor":32,"key":"REST"},{"data":"Lockon","floor":44,"key":"SMITH"},{"data":"Double Energy","floor":47,"key":"SMITH"},{"data":"Coolheaded","floor":49,"key":"SMITH"},{"data":"Thunder Strike","floor":52,"key":"SMITH"}],"neow_cost":"NONE","seed_source_timestamp":99473579830061,"circlet_count":0,"master_deck":["Strike_B","Defend_B+1","Zap+1","Dualcast+1","Coolheaded","FTL","Beam Cell","Ball Lightning","Coolheaded+1","Turbo","Cold Snap","Turbo+1","Ball Lightning","Compile Driver","Ball Lightning","Steam Power+1","Capacitor","FTL","Streamline+1","All For One","Lockon+1","Thunder Strike+1","Compile Driver+1","Stack+1","Capacitor+1","Impatience","Chill","Chrysalis","Double Energy+1","Skim+1","Skim+1","Echo Form","Defragment","Rip and Tear"],"relics":["Cracked Core","Golden Idol","Orichalcum","Smiling Mask","Sundial","SsserpentHead","Pantograph","Philosopher\u0027s Stone","Mercury Hourglass","Ancient Tea Set","Ice Cream","Symbiotic Virus","Red Mask","Regal Pillow","FossilizedHelix","Tiny House","Blood Vial","Blue Candle","Oddly Smooth Stone","Centennial Puzzle","DataDisk","Bottled Flame","Sling","Strawberry"],"potions_floor_usage":[14,23,27,33,39,42,50,50,55],"damage_taken":[{"damage":0,"enemies":"Small Slimes","floor":1,"turns":3},{"damage":5,"enemies":"Jaw Worm","floor":7,"turns":2},{"damage":18,"enemies":"3 Sentries","floor":10,"turns":7},{"damage":15,"enemies":"Lagavulin","floor":12,"turns":5},{"damage":13,"enemies":"3 Sentries","floor":14,"turns":5},{"damage":15,"enemies":"Slime Boss","floor":16,"turns":9},{"damage":6,"enemies":"Chosen","floor":18,"turns":3},{"damage":0,"enemies":"Spheric Guardian","floor":20,"turns":3},{"damage":9,"enemies":"3 Cultists","floor":21,"turns":5},{"damage":20,"enemies":"Book of Stabbing","floor":23,"turns":4},{"damage":0,"enemies":"Masked Bandits","floor":27,"turns":2},{"damage":17,"enemies":"Snake Plant","floor":28,"turns":3},{"damage":0,"enemies":"Gremlin Leader","floor":31,"turns":3},{"damage":14,"enemies":"Automaton","floor":33,"turns":6},{"damage":0,"enemies":"Orb Walker","floor":35,"turns":2},{"damage":0,"enemies":"3 Darklings","floor":37,"turns":3},{"damage":2,"enemies":"Sphere and 2 Shapes","floor":39,"turns":3},{"damage":0,"enemies":"Giant Head","floor":40,"turns":6},{"damage":17,"enemies":"Reptomancer","floor":42,"turns":4},{"damage":0,"enemies":"Giant Head","floor":45,"turns":2},{"damage":70,"enemies":"Time Eater","floor":50,"turns":9},{"damage":7,"enemies":"Shield and Spear","floor":54,"turns":3},{"damage":111,"enemies":"The Heart","floor":55,"turns":3}],"seed_played":"3860250399988361700","potions_obtained":[{"floor":10,"key":"Dexterity Potion"},{"floor":12,"key":"LiquidBronze"},{"floor":20,"key":"Weak Potion"},{"floor":21,"key":"Fire Potion"},{"floor":34,"key":"LiquidBronze"},{"floor":35,"key":"SteroidPotion"},{"floor":36,"key":"PowerPotion"},{"floor":39,"key":"SpeedPotion"},{"floor":45,"key":"SteroidPotion"},{"floor":54,"key":"PowerPotion"}],"is_trial":false,"path_per_floor":["M","?","?","?","$","R","M","R","T","E","?","E","?","E","R","B",null,"M","T","M","M","$","E","R","$","T","?","M","R","T","E","R","B",null,"M","?","M","$","M","E","?","E","T","R","E","$","R","?","R","B",null,"R","$","E","B"],"character_chosen":"DEFECT","items_purchased":["FTL","Beam Cell","Ancient Tea Set","Compile Driver","Ball Lightning","Capacitor","FTL","Impatience","Chill","Blood Vial","Chrysalis","DataDisk","Bottled Flame","Defragment","Sling"],"campfire_rested":3,"item_purchase_floors":[5,5,22,22,22,25,25,38,38,38,38,46,46,53,53],"current_hp_per_floor":[75,75,75,75,75,75,70,70,70,52,41,26,26,13,35,45,68,62,62,62,53,53,33,33,33,33,33,16,38,38,38,75,62,78,78,78,78,78,78,80,80,64,64,64,66,66,66,66,66,11,64,64,64,66,0],"gold":43,"neow_bonus":"TEN_PERCENT_HP_BONUS","is_prod":false,"is_daily":false,"chose_seed":false,"campfire_upgraded":6,"win_rate":0,"timestamp":1558050191,"path_taken":["M","?","?","?","$","R","M","R","T","E","?","E","?","E","R","BOSS","M","?","M","M","$","E","R","$","T","?","M","R","?","E","R","BOSS","M","?","M","$","?","E","?","E","T","R","E","$","R","?","R","BOSS","R","$","E","BOSS"],"build_version":"2019-01-23","purchased_purges":6,"victory":false,"max_hp_per_floor":[82,82,76,76,76,76,76,76,76,76,76,76,76,76,76,76,76,76,76,76,76,76,76,76,76,76,76,76,76,76,76,76,76,81,81,81,81,81,81,81,81,81,81,81,81,81,81,81,81,81,81,81,81,88,88],"card_choices":[{"not_picked":["Turbo","Skim"],"picked":"Coolheaded","floor":1},{"not_picked":["Steam","White Noise"],"picked":"Ball Lightning","floor":7},{"not_picked":["Darkness","Hologram"],"picked":"Coolheaded","floor":10},{"not_picked":["Go for the Eyes","Doom and Gloom"],"picked":"Turbo","floor":12},{"not_picked":["Reinforced Body","Self Repair"],"picked":"Cold Snap","floor":14},{"not_picked":["Leap","Genetic Algorithm","Barrage"],"picked":"SKIP","floor":18},{"not_picked":["Auto Shields","Barrage"],"picked":"Turbo+1","floor":20},{"not_picked":["Sunder","Auto Shields+1"],"picked":"Ball Lightning","floor":21},{"not_picked":["Redo","Sweeping Beam"],"picked":"Steam Power+1","floor":23},{"not_picked":["Auto Shields","Barrage"],"picked":"Streamline+1","floor":27},{"not_picked":["Lockon","Conserve Battery+1"],"picked":"All For One","floor":28},{"not_picked":["Rip and Tear","Reinforced Body"],"picked":"Lockon","floor":31},{"not_picked":["Creative AI","Meteor Strike"],"picked":"Thunder Strike","floor":33},{"not_picked":["Skim","Scrape"],"picked":"Compile Driver+1","floor":34},{"not_picked":["Beam Cell","Turbo+1"],"picked":"Stack+1","floor":35},{"not_picked":["Rebound+1","Beam Cell+1"],"picked":"Capacitor+1","floor":37},{"not_picked":["Turbo+1","Recycle"],"picked":"Double Energy","floor":39},{"not_picked":["Consume","Chill+1"],"picked":"Skim+1","floor":40},{"not_picked":["Cold Snap","Barrage+1"],"picked":"Skim+1","floor":42},{"not_picked":["Stack","Self Repair+1"],"picked":"Echo Form","floor":45},{"not_picked":["Fusion+1","Beam Cell"],"picked":"Rip and Tear","floor":54}],"player_experience":327694,"relics_obtained":[{"floor":9,"key":"Orichalcum"},{"floor":10,"key":"Smiling Mask"},{"floor":12,"key":"Sundial"},{"floor":14,"key":"Pantograph"},{"floor":19,"key":"Mercury Hourglass"},{"floor":23,"key":"Ice Cream"},{"floor":26,"key":"Symbiotic Virus"},{"floor":27,"key":"Red Mask"},{"floor":30,"key":"Regal Pillow"},{"floor":31,"key":"FossilizedHelix"},{"floor":40,"key":"Blue Candle"},{"floor":42,"key":"Oddly Smooth Stone"},{"floor":45,"key":"Centennial Puzzle"},{"floor":54,"key":"Strawberry"}],"event_choices":[{"cards_removed":["Defend_B"],"damage_healed":0,"gold_gain":0,"player_choice":"Card Removal","damage_taken":0,"max_hp_gain":0,"max_hp_loss":0,"event_name":"The Cleric","floor":2,"gold_loss":50},{"damage_healed":0,"gold_gain":0,"player_choice":"Lose Max HP","damage_taken":0,"relics_obtained":["Golden Idol"],"max_hp_gain":0,"max_hp_loss":6,"event_name":"Golden Idol","floor":3,"gold_loss":0},{"damage_healed":0,"gold_gain":175,"player_choice":"AGREE","damage_taken":0,"max_hp_gain":0,"max_hp_loss":0,"event_name":"Liars Game","floor":4,"gold_loss":0,"cards_obtained":["Doubt"]},{"damage_healed":0,"gold_gain":75,"player_choice":"Gather Gold","damage_taken":11,"max_hp_gain":0,"max_hp_loss":0,"event_name":"World of Goop","floor":11,"gold_loss":0},{"damage_healed":0,"gold_gain":0,"player_choice":"Trade","damage_taken":0,"relics_obtained":["SsserpentHead"],"max_hp_gain":0,"max_hp_loss":0,"event_name":"FaceTrader","floor":13,"gold_loss":0},{"damage_healed":0,"gold_gain":0,"player_choice":"Fought Bandits","damage_taken":0,"max_hp_gain":0,"max_hp_loss":0,"event_name":"Masked Bandits","floor":27,"gold_loss":0},{"damage_healed":0,"gold_gain":0,"player_choice":"Got Potions","damage_taken":0,"max_hp_gain":0,"max_hp_loss":0,"event_name":"Lab","floor":36,"gold_loss":0},{"damage_healed":0,"gold_gain":222,"player_choice":"Wore Mask","damage_taken":0,"max_hp_gain":0,"max_hp_loss":0,"event_name":"Tomb of Lord Red Mask","floor":41,"gold_loss":0},{"damage_healed":0,"gold_gain":100,"player_choice":"Pray","damage_taken":0,"max_hp_gain":0,"max_hp_loss":0,"event_name":"Golden Shrine","floor":48,"gold_loss":0}],"is_beta":false,"boss_relics":[{"not_picked":["Empty Cage","Nuclear Battery"],"picked":"Philosopher\u0027s Stone"},{"not_picked":["Runic Pyramid","Cursed Key"],"picked":"Tiny House"}],"items_purged_floors":[5,22,25,38,46,53],"is_endless":false,"potions_floor_spawned":[10,12,20,21,23,35,39,45,54],"killed_by":"The Heart","ascension_level":6}