{"gold_per_floor":[11,24,199,274,288,288,317,317,317,317,336,336,356,383,383,479,529,549,560,75,75,75,75,106,120,202,232,232,244,43,61,61,161,161,172,185,200,200],"floor_reached":38,"playtime":2908,"items_purged":["Strike_B","Doubt"],"score":664,"play_id":"7db50e44-f93a-445e-a423-6e85d2a828d5","local_time":"20190520212547","is_ascension_mode":true,"campfire_choices":[{"data":"Go for the Eyes","floor":6,"key":"SMITH"},{"floor":10,"key":"REST"},{"floor":12,"key":"REST"},{"data":"Biased Cognition","floor":15,"key":"SMITH"},{"data":"Sunder","floor":23,"key":"SMITH"},{"data":"Buffer","floor":32,"key":"SMITH"}],"neow_cost":"NO_GOLD","seed_source_timestamp":194919722509141,"circlet_count":0,"master_deck":["Defend_B","Defend_B+1","Defend_B","Zap+1","Dualcast","Biased Cognition+1","Go for the Eyes+1","Turbo","Skim+1","Cold Snap","Buffer+1","Ball Lightning","Capacitor","Sunder+1","Writhe","Bite","Bite","Bite","Bite","Bite","Core Surge","Biased Cognition","Turbo+1","Storm","Beam Cell","Loop+1","Core Surge","BootSequence+1","Stack+1","Coolheaded+1"],"relics":["Cracked Core","Thread and Needle","Odd Mushroom","Tiny House","Mummified Hand","Blood Vial","Anchor","Kunai","Du-Vu Doll","Fusion Hammer"],"potions_floor_usage":[13,16,18,18,18,24,25,25,33,33],"damage_taken":[{"damage":0,"enemies":"Small Slimes","floor":1,"turns":2},{"damage":12,"enemies":"Jaw Worm","floor":2,"turns":4},{"damage":0,"enemies":"2 Louse","floor":5,"turns":3},{"damage":20,"enemies":"Lagavulin","floor":7,"turns":6},{"damage":0,"enemies":"2 Fungi Beasts","floor":11,"turns":3},{"damage":8,"enemies":"3 Louse","floor":13,"turns":2},{"damage":1,"enemies":"The Mushroom Lair","floor":14,"turns":3},{"damage":19,"enemies":"The Guardian","floor":16,"turns":14},{"damage":4,"enemies":"Shell Parasite","floor":18,"turns":6},{"damage":19,"enemies":"3 Byrds","floor":19,"turns":4},{"damage":0,"enemies":"Slavers","floor":24,"turns":5},{"damage":45,"enemies":"3 Cultists","floor":25,"turns":6},{"damage":8,"enemies":"Gremlin Leader","floor":27,"turns":6},{"damage":12,"enemies":"Shelled Parasite and Fungi","floor":29,"turns":4},{"damage":0,"enemies":"Sentry and Sphere","floor":31,"turns":3},{"damage":18,"enemies":"Automaton","floor":33,"turns":6},{"damage":2,"enemies":"Orb Walker","floor":35,"turns":2},{"damage":30,"enemies":"3 Darklings","floor":36,"turns":5},{"damage":26,"enemies":"Maw","floor":37,"turns":6},{"damage":26,"enemies":"4 Shapes","floor":38,"turns":2}],"seed_played":"-5616686779932265729","potions_obtained":[{"floor":5,"key":"SteroidPotion"},{"floor":7,"key":"SpeedPotion"},{"floor":13,"key":"EntropicBrew"},{"floor":14,"key":"Strength Potion"},{"floor":17,"key":"GamblersBrew"},{"floor":19,"key":"Explosive Potion"},{"floor":24,"key":"EssenceOfSteel"},{"floor":29,"key":"Strength Potion"},{"floor":31,"key":"Ancient Potion"}],"is_trial":false,"path_per_floor":["M","M","?","?","M","R","E","?","T","R","M","R","M","?","R","B",null,"M","M","$","?","?","R","E","M","T","E","?","M","$","M","R","B",null,"M","M","M","M"],"character_chosen":"DEFECT","items_purchased":["Mummified Hand","Capacitor","Sunder","Storm","Beam Cell"],"campfire_rested":2,"item_purchase_floors":[20,20,20,30,30],"current_hp_per_floor":[68,56,56,45,45,45,25,10,10,32,32,54,46,45,45,26,68,64,45,45,45,45,45,55,19,19,29,29,27,27,37,37,33,50,52,30,16,0],"gold":200,"neow_bonus":"THREE_RARE_CARDS","is_prod":false,"is_daily":false,"chose_seed":false,"campfire_upgraded":4,"win_rate":0,"timestamp":1558401947,"path_taken":["M","M","?","?","M","R","E","?","T","R","M","R","?","?","R","BOSS","M","M","$","?","?","R","E","M","T","E","?","M","$","M","R","BOSS","M","M","M","M"],"build_version":"2019-01-23","purchased_purges":2,"victory":false,"max_hp_per_floor":[75,75,75,75,75,75,75,75,75,75,75,75,75,75,75,75,80,80,80,80,80,56,56,56,56,56,56,56,56,56,56,56,56,56,56,56,56,56],"card_choices":[{"not_picked":["Reboot","Machine Learning"],"picked":"Biased Cognition","floor":0},{"not_picked":["Compile Driver","Beam Cell","Gash"],"picked":"SKIP","floor":1},{"not_picked":["Hologram","Undo"],"picked":"Go for the Eyes","floor":2},{"not_picked":["Chaos","Storm"],"picked":"Turbo","floor":5},{"not_picked":["Chaos","Scrape","Barrage"],"picked":"SKIP","floor":7},{"not_picked":["Redo","Sweeping Beam","Streamline"],"picked":"SKIP","floor":11},{"not_picked":["Reprogram","Machine Learning"],"picked":"Skim","floor":13},{"not_picked":["Go for the Eyes","Force Field"],"picked":"Cold Snap","floor":14},{"not_picked":["Creative AI","Fission"],"picked":"Buffer","floor":16},{"not_picked":["Recycle","Hologram"],"picked":"Ball Lightning","floor":17},{"not_picked":["Conserve Battery","Steam","Rebound"],"picked":"SKIP","floor":18},{"not_picked":["Leap+1","Heatsinks","Steam"],"picked":"SKIP","floor":19},{"not_picked":["Rebound","Compile Driver"],"picked":"Core Surge","floor":24},{"not_picked":["Leap","Steam","Rebound"],"picked":"SKIP","floor":25},{"not_picked":["Fission","BootSequence"],"picked":"Biased Cognition","floor":27},{"not_picked":["Go for the Eyes","Cold Snap"],"picked":"Turbo+1","floor":29},{"not_picked":["Go for the Eyes","Hologram"],"picked":"Loop+1","floor":31},{"not_picked":["Thunder Strike","Rainbow"],"picked":"Core Surge","floor":33},{"not_picked":["Ball Lightning","Streamline"],"picked":"BootSequence+1","floor":35},{"not_picked":["Conserve Battery","Undo+1"],"picked":"Stack+1","floor":36},{"not_picked":["Conserve Battery","Go for the Eyes+1"],"picked":"Coolheaded+1","floor":37}],"player_experience":367954,"relics_obtained":[{"floor":7,"key":"Thread and Needle"},{"floor":14,"key":"Odd Mushroom"},{"floor":24,"key":"Anchor"},{"floor":26,"key":"Kunai"},{"floor":27,"key":"Du-Vu Doll"}],"event_choices":[{"damage_healed":0,"gold_gain":175,"player_choice":"AGREE","damage_taken":0,"max_hp_gain":0,"max_hp_loss":0,"event_name":"Liars Game","floor":3,"gold_loss":0,"cards_obtained":["Doubt"]},{"damage_healed":0,"gold_gain":75,"player_choice":"Gather Gold","damage_taken":11,"max_hp_gain":0,"max_hp_loss":0,"event_name":"World of Goop","floor":4,"gold_loss":0},{"damage_healed":0,"gold_gain":0,"player_choice":"Entered Light","damage_taken":15,"max_hp_gain":0,"max_hp_loss":0,"event_name":"Shining Light","floor":8,"gold_loss":0,"cards_upgraded":["Zap","Defend_B"]},{"damage_healed":0,"gold_gain":0,"player_choice":"Fought Mushrooms","damage_taken":0,"max_hp_gain":0,"max_hp_loss":0,"event_name":"Mushrooms","floor":14,"gold_loss":0},{"damage_healed":0,"gold_gain":0,"player_choice":"Opened","damage_taken":0,"relics_obtained":["Blood Vial"],"max_hp_gain":0,"max_hp_loss":0,"event_name":"The Mausoleum","floor":21,"gold_loss":0,"cards_obtained":["Writhe"]},{"damage_healed":0,"gold_gain":0,"player_choice":"Became a vampire","damage_taken":0,"max_hp_gain":0,"max_hp_loss":24,"event_name":"Vampires","floor":22,"gold_loss":0,"cards_obtained":["Bite","Bite","Bite","Bite","Bite"]},{"cards_removed":["Defend_B"],"damage_healed":0,"gold_gain":0,"player_choice":"Elegance","damage_taken":0,"max_hp_gain":0,"max_hp_loss":0,"event_name":"Back to Basics","floor":28,"gold_loss":0}],"is_beta":false,"boss_relics":[{"not_picked":["White Beast Statue","Velvet Choker"],"picked":"Tiny House"},{"not_picked":["Black Star","Snecko Eye"],"picked":"Fusion Hammer"}],"items_purged_floors":[20,30],"is_endless":false,"potions_floor_spawned":[5,7,13,14,19,24,29,31],"killed_by":"4 Shapes","ascension_level":9}