{"gold_per_floor":[15,15,15,27,43,43,78,88,115,115,132,165,165,180,180,256,256,267,267,300,215,215,215,215],"floor_reached":24,"playtime":1215,"items_purged":[],"score":408,"play_id":"e45685c6-f4f2-4daa-8634-38c4c723e0b5","local_time":"20190602192544","is_ascension_mode":true,"campfire_choices":[{"data":"Zap","floor":6.0,"key":"SMITH"},{"data":"Hologram","floor":10.0,"key":"SMITH"},{"data":"Go for the Eyes","floor":13.0,"key":"SMITH"},{"data":"Loop","floor":15.0,"key":"SMITH"},{"floor":23.0,"key":"REST"}],"neow_cost":"NO_GOLD","seed_source_timestamp":355131339807673,"circlet_count":0,"master_deck":["AscendersBane","Strike_B","Defend_B","Defend_B","Defend_B","Defend_B","Zap+1","Dualcast","Go for the Eyes+1","Pain","Ball Lightning","Gash","Hologram+1","Cold Snap","BootSequence","Chill","Loop+1","Core Surge","Static Discharge+1","Melter+1","Chill+1","Ghostly","Ghostly","Ghostly","Coolheaded"],"special_seed":0,"relics":["Cracked Core","Shovel","WarpedTongs","Smiling Mask","Potion Belt","Dream Catcher","Astrolabe","Red Mask","Ornamental Fan"],"potions_floor_usage":[24],"damage_taken":[{"damage":3.0,"enemies":"Small Slimes","floor":1.0,"turns":3.0},{"damage":5.0,"enemies":"Cultist","floor":4.0,"turns":4.0},{"damage":1.0,"enemies":"2 Louse","floor":5.0,"turns":2.0},{"damage":10.0,"enemies":"Gremlin Nob","floor":7.0,"turns":3.0},{"damage":4.0,"enemies":"2 Fungi Beasts","floor":8.0,"turns":3.0},{"damage":2.0,"enemies":"Looter","floor":11.0,"turns":3.0},{"damage":12.0,"enemies":"Lagavulin","floor":12.0,"turns":8.0},{"damage":5.0,"enemies":"Lots of Slimes","floor":14.0,"turns":3.0},{"damage":20.0,"enemies":"The Guardian","floor":16.0,"turns":13.0},{"damage":7.0,"enemies":"Chosen","floor":18.0,"turns":5.0},{"damage":24.0,"enemies":"Masked Bandits","floor":20.0,"turns":4.0},{"damage":43,"enemies":"Gremlin Leader","floor":24,"turns":6}],"seed_played":"4613113391094508229","potions_obtained":[{"floor":4.0,"key":"Fire Potion"},{"floor":5.0,"key":"SpeedPotion"},{"floor":8.0,"key":"SkillPotion"},{"floor":11.0,"key":"SkillPotion"},{"floor":18.0,"key":"FocusPotion"}],"is_trial":false,"path_per_floor":["M","$","?","M","M","R","E","M","T","R","M","E","R","M","R","B",null,"M","?","?","?","?","R","E"],"character_chosen":"DEFECT","items_purchased":[],"campfire_rested":1,"item_purchase_floors":[],"current_hp_per_floor":[61,61,61,56,55,55,45,41,41,41,39,27,27,22,22,2,54,47,47,23,23,23,33,0],"gold":215,"neow_bonus":"ONE_RARE_RELIC","is_prod":false,"is_daily":false,"chose_seed":false,"campfire_upgraded":4,"win_rate":0,"timestamp":1559528744,"path_taken":["M","$","?","?","M","R","E","M","T","R","M","E","R","M","R","BOSS","M","?","?","?","?","R","E"],"build_version":"2019-06-01v2","purchased_purges":0,"victory":false,"max_hp_per_floor":[71,71,71,71,71,71,71,71,71,71,71,71,71,71,71,71,71,71,71,71,71,35,35,35],"card_choices":[{"not_picked":["Fusion","Storm"],"picked":"Go for the Eyes","floor":1.0},{"not_picked":["Rebound","Static Discharge"],"picked":"Ball Lightning","floor":4.0},{"not_picked":["Blizzard","Reprogram"],"picked":"Gash","floor":5.0},{"not_picked":["Leap","Beam Cell"],"picked":"Hologram","floor":7.0},{"not_picked":["Stack","Force Field"],"picked":"Cold Snap","floor":8.0},{"not_picked":["Blizzard","Chill"],"picked":"BootSequence","floor":11.0},{"not_picked":["Reboot","Meteor Strike"],"picked":"Chill","floor":12.0},{"not_picked":["Stack","Hello World"],"picked":"Loop","floor":14.0},{"not_picked":["Meteor Strike","Hyperbeam"],"picked":"Core Surge","floor":16.0},{"not_picked":["Turbo","Chaos","Leap"],"picked":"SKIP","floor":18.0},{"not_picked":["Hologram","Genetic Algorithm"],"picked":"Coolheaded","floor":23.0}],"player_experience":1597064,"relics_obtained":[{"floor":7.0,"key":"Smiling Mask"},{"floor":9.0,"key":"Potion Belt"},{"floor":12.0,"key":"Dream Catcher"},{"floor":20.0,"key":"Red Mask"}],"event_choices":[{"damage_healed":0.0,"max_hp_gain":0.0,"max_hp_loss":0.0,"gold_gain":0.0,"event_name":"Accursed Blacksmith","player_choice":"Rummage","floor":3.0,"gold_loss":0.0,"damage_taken":0.0,"relics_obtained":["WarpedTongs"],"cards_obtained":["Pain"]},{"damage_healed":0.0,"max_hp_gain":0.0,"max_hp_loss":0.0,"gold_gain":0.0,"event_name":"The Mausoleum","player_choice":"Ignored","floor":19.0,"gold_loss":0.0,"damage_taken":0.0},{"damage_healed":0.0,"max_hp_gain":0.0,"max_hp_loss":0.0,"gold_gain":0.0,"event_name":"Masked Bandits","player_choice":"Fought Bandits","floor":20.0,"gold_loss":0.0,"damage_taken":0.0},{"damage_healed":0.0,"max_hp_gain":0.0,"max_hp_loss":0.0,"gold_gain":0.0,"event_name":"Addict","player_choice":"Obtained Relic","floor":21.0,"gold_loss":85.0,"damage_taken":0.0,"relics_obtained":["Ornamental Fan"]},{"damage_healed":0.0,"max_hp_gain":0.0,"max_hp_loss":36.0,"gold_gain":0.0,"event_name":"Ghosts","player_choice":"Became a Ghost","floor":22.0,"gold_loss":0.0,"damage_taken":0.0,"cards_obtained":["Ghostly","Ghostly","Ghostly"]}],"is_beta":true,"boss_relics":[{"not_picked":["Inserter","Busted Crown"],"picked":"Astrolabe"}],"items_purged_floors":[],"is_endless":false,"potions_floor_spawned":[4,5,8,11,18],"killed_by":"Gremlin Leader","ascension_level":20}