{"gold_per_floor":[99,99,24,24,24,24,24,24,24,24,0,0,0,0,0,0,0,0,0,0,0,0,0,0,0,0,0,0,0,0,0,0,0,0,0,0,0,0,0,0,0,0,0,0],"floor_reached":44,"playtime":3099,"items_purged":["Defend_B"],"score":564,"play_id":"0fc7d5c7-6a68-4f08-a9ac-6c3c4faad477","local_time":"20180926140202","is_ascension_mode":true,"campfire_choices":[{"data":"Zap","floor":6.0,"key":"SMITH"},{"data":"Go for the Eyes","floor":10.0,"key":"SMITH"},{"data":"Beam Cell","floor":15.0,"key":"SMITH"},{"data":"Redo","floor":23,"key":"SMITH"},{"floor":32,"key":"REST"},{"data":"Creative AI","floor":41,"key":"SMITH"}],"neow_cost":"NONE","seed_source_timestamp":391525412768420,"circlet_count":0,"master_deck":["Strike_B+1","Strike_B+1","Strike_B+1","Defend_B+1","Defend_B+1","Zap+1","Dualcast","Ball Lightning","Coolheaded","Sweeping Beam","Go for the Eyes+1","Beam Cell+1","Thunder Strike","Redo+1","Gash","Scrape","Gash","Beam Cell","Coolheaded","Sweeping Beam","Chill","BootSequence","Creative AI+1","White Noise+1","Tempest+1","Conserve Battery","Decay","Leap+1"],"special_seed":0,"relics":["Ectoplasm","Meat on the Bone","Bottled Lightning","Torii","Inserter","Ginger","Bottled Flame","Strawberry","Coffee Dripper","Tiny Chest"],"potions_floor_usage":[29,33,36,38,38,38,40],"damage_taken":[{"damage":2.0,"enemies":"2 Louse","floor":1.0,"turns":2.0},{"damage":2.0,"enemies":"Small Slimes","floor":4.0,"turns":2.0},{"damage":12.0,"enemies":"Jaw Worm","floor":5.0,"turns":2.0},{"damage":6.0,"enemies":"Gremlin Nob","floor":7.0,"turns":4.0},{"damage":11.0,"enemies":"3 Sentries","floor":12.0,"turns":5.0},{"damage":4.0,"enemies":"Hexaghost","floor":16.0,"turns":7.0},{"damage":24.0,"enemies":"2 Thieves","floor":18.0,"turns":4.0},{"damage":25,"enemies":"Colosseum Slavers","floor":19,"turns":3},{"damage":12,"enemies":"3 Byrds","floor":21,"turns":4},{"damage":1,"enemies":"3 Cultists","floor":22,"turns":5},{"damage":18,"enemies":"Book of Stabbing","floor":24,"turns":5},{"damage":7,"enemies":"Shelled Parasite and Fungi","floor":25,"turns":3},{"damage":22,"enemies":"Cultist and Chosen","floor":27,"turns":5},{"damage":8,"enemies":"Centurion and Healer","floor":28,"turns":6},{"damage":23,"enemies":"Snecko","floor":29,"turns":4},{"damage":38,"enemies":"Shelled Parasite and Fungi","floor":30,"turns":5},{"damage":8,"enemies":"Gremlin Leader","floor":31,"turns":6},{"damage":32,"enemies":"Champ","floor":33,"turns":13},{"damage":12,"enemies":"Orb Walker","floor":35,"turns":5},{"damage":23,"enemies":"3 Darklings","floor":36,"turns":6},{"damage":8,"enemies":"Reptomancer","floor":38,"turns":4},{"damage":0,"enemies":"Giant Head","floor":40,"turns":1},{"damage":38,"enemies":"Spire Growth","floor":42,"turns":5},{"damage":33,"enemies":"Maw","floor":44,"turns":4}],"seed_played":"8454510230958663033","potions_obtained":[{"floor":4.0,"key":"FairyPotion"},{"floor":5.0,"key":"GamblersBrew"},{"floor":18,"key":"FairyPotion"},{"floor":27,"key":"Energy Potion"},{"floor":28,"key":"SkillPotion"},{"floor":30,"key":"Swift Potion"},{"floor":31,"key":"FearPotion"},{"floor":35,"key":"Fire Potion"},{"floor":36,"key":"AttackPotion"},{"floor":38,"key":"SmokeBomb"}],"is_trial":false,"path_per_floor":["M","?","$","M","M","R","E","$","T","R","?","E","?","?","R","B",null,"M","?","?","M","M","R","E","M","T","M","M","M","M","E","R","B",null,"M","M","?","M","?","E","R","M","T"],"character_chosen":"DEFECT","items_purchased":[],"campfire_rested":1,"item_purchase_floors":[],"current_hp_per_floor":[73,58,58,56,44,44,38,38,38,38,38,39,32,32,32,40,75,51,38,38,38,49,49,43,48,48,38,42,31,19,30,54,34,82,70,47,47,51,51,51,51,25,25,0],"gold":0,"neow_bonus":"BOSS_RELIC","is_prod":false,"is_daily":false,"chose_seed":false,"campfire_upgraded":5,"win_rate":0,"timestamp":1537992122,"path_taken":["M","?","$","M","M","R","E","$","T","R","?","E","?","?","R","BOSS","M","?","?","M","M","R","E","M","T","M","M","?","M","E","R","BOSS","M","M","?","?","?","E","R","M","T","M"],"build_version":"2018-09-20","purchased_purges":1,"victory":false,"max_hp_per_floor":[75,75,75,75,75,75,75,75,75,75,75,75,75,75,75,75,75,75,75,75,75,75,75,75,75,75,75,75,75,75,82,82,82,82,82,82,82,82,82,82,82,82,82,82],"card_choices":[{"not_picked":["Sweeping Beam","Reinforced Body"],"picked":"Ball Lightning","floor":1.0},{"not_picked":["Conserve Battery","Ball Lightning"],"picked":"Coolheaded","floor":4.0},{"not_picked":["Rebound","Streamline"],"picked":"Sweeping Beam","floor":5.0},{"not_picked":["Hologram","Fusion"],"picked":"Go for the Eyes","floor":7.0},{"not_picked":["Sunder","Doom and Gloom"],"picked":"Beam Cell","floor":12.0},{"not_picked":["Biased Cognition","Multi-Cast"],"picked":"Thunder Strike","floor":16.0},{"not_picked":["Doom and Gloom","Tempest"],"picked":"Redo","floor":18},{"not_picked":["Hologram","Beam Cell"],"picked":"Gash","floor":21},{"not_picked":["Leap","Reprogram"],"picked":"Scrape","floor":22},{"not_picked":["Turbo+1","Static Discharge","Sunder"],"picked":"SKIP","floor":24},{"not_picked":["Reinforced Body+1","Skim+1"],"picked":"Gash","floor":25},{"not_picked":["Lockon","Cold Snap"],"picked":"Beam Cell","floor":27},{"not_picked":["Stack+1","Lockon"],"picked":"Coolheaded","floor":28},{"not_picked":["Aggregate+1","Stack"],"picked":"Sweeping Beam","floor":29},{"not_picked":["Compile Driver","Static Discharge"],"picked":"Chill","floor":30},{"not_picked":["Static Discharge+1","Heatsinks"],"picked":"BootSequence","floor":31},{"not_picked":["Amplify","Seek"],"picked":"Creative AI","floor":33},{"not_picked":["Leap+1","Stack"],"picked":"White Noise+1","floor":35},{"not_picked":["Rebound","Stack"],"picked":"Tempest+1","floor":36},{"not_picked":["Static Discharge","Lockon"],"picked":"Conserve Battery","floor":38},{"not_picked":["Recycle","Streamline+1"],"picked":"Leap+1","floor":42}],"player_experience":84524,"relics_obtained":[{"floor":7.0,"key":"Meat on the Bone"},{"floor":9.0,"key":"Bottled Lightning"},{"floor":12.0,"key":"Torii"},{"floor":24,"key":"Ginger"},{"floor":26,"key":"Bottled Flame"},{"floor":31,"key":"Strawberry"},{"floor":43,"key":"Tiny Chest"}],"event_choices":[{"event_name":"Shining Light","player_choice":"Entered Light","floor":2.0,"damage_taken":0.0},{"event_name":"World of Goop","player_choice":"Left","floor":11.0,"damage_taken":0.0},{"event_name":"Golden Wing","player_choice":"Card Removal","floor":13.0,"damage_taken":0.0},{"event_name":"Liars Game","player_choice":"disagreed","floor":14.0,"damage_taken":0.0},{"event_name":"Colosseum","player_choice":"Fight","floor":19,"damage_taken":0},{"event_name":"Colosseum","player_choice":"Fled From Nobs","floor":19,"damage_taken":0},{"event_name":"Back to Basics","player_choice":"Simplicity","floor":20,"damage_taken":0},{"event_name":"Falling","player_choice":"Removed Skill","floor":37,"damage_taken":0},{"event_name":"Wheel of Change","player_choice":"Curse","floor":39,"damage_taken":0}],"is_beta":false,"boss_relics":[{"not_picked":["Snecko Eye","Eternal Feather"],"picked":"Inserter"},{"not_picked":["White Beast Statue","Fusion Hammer"],"picked":"Coffee Dripper"}],"items_purged_floors":[3],"is_endless":false,"potions_floor_spawned":[4,5,18,19,27,28,30,31,35,36,38],"killed_by":"Maw","ascension_level":3}