{"gold_per_floor":[110,110,121,70,70,70,83,83,108,108,125,150,22,56,56,159,159,171,171,171,190,105,142,154,166,178,201,241,272,284,311,323,335],"floor_reached":33,"playtime":2238,"items_purged":["Strike_B"],"score":396,"play_id":"b0270db7-06c8-43a6-9021-6615a00b770a","local_time":"20190519174620","is_ascension_mode":true,"campfire_choices":[{"data":"Go for the Eyes","floor":6,"key":"SMITH"},{"data":"Defragment","floor":8,"key":"SMITH"},{"data":"Sweeping Beam","floor":10,"key":"SMITH"},{"data":"Barrage","floor":15,"key":"SMITH"},{"data":"Coolheaded","floor":24,"key":"SMITH"},{"floor":30,"key":"DIG"},{"floor":32,"key":"DIG"}],"neow_cost":"NONE","seed_source_timestamp":1176020797814617,"circlet_count":0,"master_deck":["Strike_B","Defend_B","Defend_B","Defend_B","Defend_B","Zap","Dualcast","Go for the Eyes+1","Sweeping Beam+1","Defragment+1","Gash","Glacier","Go for the Eyes","Coolheaded+1","Barrage+1","Hologram","Coolheaded+1"],"relics":["Cracked Core","NeowsBlessing","Blood Vial","Sundial","Bronze Scales","Busted Crown","MawBank","Strawberry","Cables","Shovel","Singing Bowl","Dream Catcher"],"potions_floor_usage":[14,14,23,23,33],"damage_taken":[{"damage":0,"enemies":"Small Slimes","floor":1,"turns":1},{"damage":0,"enemies":"2 Louse","floor":3,"turns":1},{"damage":0,"enemies":"Cultist","floor":7,"turns":1},{"damage":6,"enemies":"Blue Slaver","floor":11,"turns":3},{"damage":10,"enemies":"3 Sentries","floor":12,"turns":6},{"damage":5,"enemies":"Gremlin Nob","floor":14,"turns":5},{"damage":1,"enemies":"The Guardian","floor":16,"turns":11},{"damage":2,"enemies":"Shell Parasite","floor":18,"turns":4},{"damage":0,"enemies":"3 Byrds","floor":21,"turns":3},{"damage":20,"enemies":"Slavers","floor":23,"turns":7},{"damage":6,"enemies":"Snake Plant","floor":27,"turns":5},{"damage":7,"enemies":"Gremlin Leader","floor":28,"turns":7},{"damage":9,"enemies":"Centurion and Healer","floor":29,"turns":7},{"damage":0,"enemies":"Cultist and Chosen","floor":31,"turns":5},{"damage":51,"enemies":"Champ","floor":33,"turns":9}],"seed_played":"5462229669502031163","potions_obtained":[{"floor":1,"key":"SteroidPotion"},{"floor":7,"key":"AttackPotion"},{"floor":12,"key":"FocusPotion"},{"floor":14,"key":"SkillPotion"},{"floor":27,"key":"Energy Potion"},{"floor":29,"key":"SpeedPotion"},{"floor":31,"key":"Energy Potion"}],"is_trial":false,"path_per_floor":["M","?","M","$","?","R","M","R","T","R","M","E","$","E","R","B",null,"M","?","?","M","?","E","R","?","T","M","E","M","R","M","R","B"],"character_chosen":"DEFECT","items_purchased":["Sweeping Beam","Coolheaded"],"campfire_rested":0,"item_purchase_floors":[4,13],"current_hp_per_floor":[68,61,61,61,61,61,61,61,61,61,57,49,49,46,46,47,68,68,68,68,70,70,59,59,59,59,55,50,43,43,47,47,0],"gold":335,"neow_bonus":"THREE_ENEMY_KILL","is_prod":false,"is_daily":false,"chose_seed":false,"campfire_upgraded":5,"win_rate":0,"timestamp":1558302380,"path_taken":["M","?","M","$","?","R","?","R","T","R","M","E","$","E","R","BOSS","M","?","?","M","?","E","R","?","T","M","E","M","R","?","R","BOSS"],"build_version":"2019-01-23","purchased_purges":1,"victory":false,"max_hp_per_floor":[75,75,75,75,75,75,75,75,75,75,75,75,75,75,75,75,75,75,75,75,75,75,82,82,82,82,82,82,82,82,84,84,84],"card_choices":[{"not_picked":["Darkness","Stack"],"picked":"Go for the Eyes","floor":1},{"not_picked":["Cold Snap","Auto Shields","Leap"],"picked":"SKIP","floor":3},{"not_picked":["Streamline","Skim"],"picked":"Gash","floor":7},{"not_picked":["Sweeping Beam","Heatsinks"],"picked":"Glacier","floor":11},{"not_picked":["Rip and Tear","Fusion"],"picked":"Go for the Eyes","floor":12},{"not_picked":["Turbo","Hologram"],"picked":"Barrage","floor":14},{"not_picked":["Melter"],"picked":"SKIP","floor":18},{"not_picked":["Sweeping Beam"],"picked":"SKIP","floor":21},{"not_picked":[],"picked":"Hologram","floor":23},{"not_picked":["Rebound+1"],"picked":"SKIP","floor":27},{"not_picked":["Darkness+1"],"picked":"SKIP","floor":28},{"not_picked":[],"picked":"Coolheaded+1","floor":29},{"not_picked":["Turbo"],"picked":"Singing Bowl","floor":31}],"player_experience":467414,"relics_obtained":[{"floor":9,"key":"Blood Vial"},{"floor":12,"key":"Sundial"},{"floor":14,"key":"Bronze Scales"},{"floor":23,"key":"Strawberry"},{"floor":26,"key":"Cables"},{"floor":28,"key":"Shovel"},{"floor":30,"key":"Singing Bowl"},{"floor":32,"key":"Dream Catcher"}],"event_choices":[{"cards_removed":["Strike_B"],"damage_healed":0,"gold_gain":0,"player_choice":"Card Removal","damage_taken":7,"max_hp_gain":0,"max_hp_loss":0,"event_name":"Golden Wing","floor":2,"gold_loss":0},{"damage_healed":0,"gold_gain":0,"player_choice":"1 cards matched","damage_taken":0,"max_hp_gain":0,"max_hp_loss":0,"event_name":"Match and Keep!","floor":5,"gold_loss":0,"cards_obtained":["Defragment"]},{"damage_healed":0,"gold_gain":0,"player_choice":"Ignored","damage_taken":0,"max_hp_gain":0,"max_hp_loss":0,"event_name":"The Mausoleum","floor":19,"gold_loss":0},{"damage_healed":0,"gold_gain":0,"player_choice":"Ignored","damage_taken":0,"max_hp_gain":0,"max_hp_loss":0,"event_name":"Ghosts","floor":20,"gold_loss":0},{"damage_healed":0,"gold_gain":0,"player_choice":"Obtained Relic","damage_taken":0,"relics_obtained":["MawBank"],"max_hp_gain":0,"max_hp_loss":0,"event_name":"Addict","floor":22,"gold_loss":85},{"cards_removed":["Strike_B"],"damage_healed":0,"gold_gain":0,"player_choice":"Elegance","damage_taken":0,"max_hp_gain":0,"max_hp_loss":0,"event_name":"Back to Basics","floor":25,"gold_loss":0}],"is_beta":false,"boss_relics":[{"not_picked":["Orrery","Velvet Choker"],"picked":"Busted Crown"}],"items_purged_floors":[13],"is_endless":false,"potions_floor_spawned":[1,7,12,14,27,29,31],"killed_by":"Champ","ascension_level":7}