{"gold_per_floor":[362,381,56,56,68,68,83,93,166,166,166,192,203,213,213,289,289,305,305,305,316,334,334,348,69,69,69,69,79,79,79,79,156,156,166,166,179,179,179,179,212,212,238,238,258,269,7,57,57,57],"floor_reached":51,"playtime":3187,"items_purged":["Strike_G","Strike_G+1"],"score":1277,"play_id":"befd1b21-cc62-4b28-8574-e8422f8f3079","local_time":"20190519141930","is_ascension_mode":true,"campfire_choices":[{"data":"Infinite Blades","floor":6.0,"key":"SMITH"},{"data":"Neutralize","floor":10.0,"key":"SMITH"},{"floor":15.0,"key":"REST"},{"floor":23.0,"key":"REST"},{"data":"Deadly Poison","floor":27.0,"key":"SMITH"},{"data":"Accuracy","floor":30.0,"key":"SMITH"},{"floor":32.0,"key":"REST"},{"data":"Blur","floor":49,"key":"SMITH"}],"neow_cost":"PERCENT_DAMAGE","seed_source_timestamp":0,"circlet_count":0,"master_deck":["AscendersBane","Defend_G+1","Defend_G+1","Defend_G+1","Defend_G+1","Strike_G+1","Strike_G+1","Strike_G+1","Survivor+1","Neutralize+1","Backflip+1","Deadly Poison+1","Infinite Blades+1","Infinite Blades+1","Backflip+1","Die Die Die+1","Well Laid Plans+1","After Image+1","Acrobatics+1","Accuracy+1","Deadly Poison+1","Escape Plan","Blur+1","Adrenaline"],"special_seed":0,"relics":["Ring of the Snake","Anchor","Bottled Lightning","Thread and Needle","Philosopher\u0027s Stone","Kunai","Nunchaku","Runic Dome","Mark of the Bloom","Smiling Mask","Snake Skull"],"potions_floor_usage":[50],"damage_taken":[{"damage":9.0,"enemies":"Cultist","floor":1.0,"turns":5.0},{"damage":1.0,"enemies":"Jaw Worm","floor":2.0,"turns":4.0},{"damage":0.0,"enemies":"Small Slimes","floor":5.0,"turns":4.0},{"damage":0.0,"enemies":"3 Louse","floor":7.0,"turns":5.0},{"damage":0.0,"enemies":"Blue Slaver","floor":8.0,"turns":5.0},{"damage":19.0,"enemies":"Lagavulin","floor":12.0,"turns":9.0},{"damage":0.0,"enemies":"Large Slime","floor":13.0,"turns":7.0},{"damage":0.0,"enemies":"Looter","floor":14.0,"turns":3.0},{"damage":2.0,"enemies":"The Guardian","floor":16.0,"turns":15.0},{"damage":8.0,"enemies":"Chosen","floor":18.0,"turns":6.0},{"damage":18.0,"enemies":"3 Byrds","floor":21.0,"turns":7.0},{"damage":5.0,"enemies":"3 Cultists","floor":22.0,"turns":7.0},{"damage":1.0,"enemies":"Centurion and Healer","floor":24.0,"turns":8.0},{"damage":8.0,"enemies":"Snecko","floor":29.0,"turns":6.0},{"damage":15.0,"enemies":"Collector","floor":33.0,"turns":10.0},{"damage":9.0,"enemies":"Orb Walker","floor":35.0,"turns":4.0},{"damage":13.0,"enemies":"3 Darklings","floor":37.0,"turns":7.0},{"damage":6.0,"enemies":"Nemesis","floor":41.0,"turns":7.0},{"damage":0.0,"enemies":"Maw","floor":45.0,"turns":8.0},{"damage":0,"enemies":"Jaw Worm Horde","floor":46,"turns":6},{"damage":0,"enemies":"Donu and Deca","floor":50,"turns":13}],"seed_played":"-2806613691225553363","potions_obtained":[{"floor":2.0,"key":"Block Potion"},{"floor":14.0,"key":"Block Potion"},{"floor":16.0,"key":"PowerPotion"},{"floor":24.0,"key":"FearPotion"},{"floor":29.0,"key":"SteroidPotion"},{"floor":37.0,"key":"SteroidPotion"}],"is_trial":false,"path_per_floor":["M","M","$","?","M","R","M","M","T","R","?","E","M","M","R","B",null,"M","?","?","M","M","R","M","$","T","R","?","M","R","$","R","B",null,"M","?","M","?","?","?","E","?","T","?","M","M","$","?","R","B",null],"character_chosen":"THE_SILENT","items_purchased":["Infinite Blades","Anchor","Kunai","Adrenaline","FearPotion"],"campfire_rested":3,"item_purchase_floors":[3,3,25,47,47],"current_hp_per_floor":[35,34,34,34,34,34,34,34,34,34,34,15,15,15,34,32,58,50,50,32,14,9,30,29,29,29,29,29,21,21,21,42,27,60,51,51,38,38,38,38,32,32,32,32,32,32,32,32,32,32],"gold":57,"neow_bonus":"TWO_FIFTY_GOLD","is_prod":false,"is_daily":false,"chose_seed":false,"campfire_upgraded":5,"win_rate":0,"timestamp":1558289970,"path_taken":["M","M","$","?","M","R","M","M","T","R","?","E","?","M","R","BOSS","M","?","?","M","M","R","M","$","T","R","?","M","R","$","R","BOSS","M","?","M","?","?","?","E","?","T","?","M","M","$","?","R","BOSS"],"build_version":"2019-01-23","purchased_purges":2,"victory":true,"max_hp_per_floor":[66,66,66,66,66,66,66,66,66,66,66,66,66,66,66,66,66,66,66,71,71,71,71,71,71,71,71,71,71,71,71,71,71,71,71,71,71,71,71,71,71,71,71,67,67,67,67,67,67,67],"card_choices":[{"not_picked":["Dagger Spray","Sucker Punch"],"picked":"Backflip","floor":1.0},{"not_picked":["Sucker Punch","Distraction"],"picked":"Deadly Poison","floor":2.0},{"not_picked":["Flechettes","Dagger Spray"],"picked":"Infinite Blades","floor":5.0},{"not_picked":["Sucker Punch","Tactician"],"picked":"Backflip","floor":7.0},{"not_picked":["Bane","Deadly Poison"],"picked":"Die Die Die","floor":8.0},{"not_picked":["Cloak And Dagger","Quick Slash","Deadly Poison"],"picked":"SKIP","floor":12.0},{"not_picked":["Tactician","Blade Dance","Dagger Spray"],"picked":"SKIP","floor":13.0},{"not_picked":["Flying Knee","Underhanded Strike"],"picked":"Well Laid Plans","floor":14.0},{"not_picked":["Grand Finale","Unload"],"picked":"After Image","floor":16.0},{"not_picked":["Calculated Gamble","Cloak And Dagger"],"picked":"Acrobatics+1","floor":18.0},{"not_picked":["Prepared","Poisoned Stab","Tactician"],"picked":"SKIP","floor":21.0},{"not_picked":["Finisher","Eviscerate"],"picked":"Accuracy","floor":22.0},{"not_picked":["Acrobatics+1","Slice"],"picked":"Deadly Poison","floor":24.0},{"not_picked":["Terror","Heel Hook+1","Distraction"],"picked":"SKIP","floor":29.0},{"not_picked":["Dash","Dagger Throw+1","Catalyst"],"picked":"SKIP","floor":35.0},{"not_picked":["Cloak And Dagger","Outmaneuver"],"picked":"Escape Plan","floor":37.0},{"not_picked":["Masterful Stab","Eviscerate+1","Underhanded Strike+1"],"picked":"SKIP","floor":41.0},{"not_picked":["Outmaneuver","Deflect"],"picked":"Blur","floor":45.0},{"not_picked":["Finisher","Flying Knee","Blade Dance"],"picked":"SKIP","floor":46}],"player_experience":464227,"relics_obtained":[{"floor":9.0,"key":"Bottled Lightning"},{"floor":12.0,"key":"Thread and Needle"},{"floor":26.0,"key":"Nunchaku"},{"floor":41.0,"key":"Smiling Mask"},{"floor":43.0,"key":"Snake Skull"}],"event_choices":[{"damage_healed":0.0,"max_hp_gain":0.0,"max_hp_loss":0.0,"gold_gain":0.0,"event_name":"Liars Game","player_choice":"Ignored","floor":4.0,"gold_loss":0.0,"damage_taken":0.0},{"damage_healed":0.0,"max_hp_gain":0.0,"max_hp_loss":0.0,"gold_gain":0.0,"event_name":"Accursed Blacksmith","player_choice":"Forge","floor":11.0,"gold_loss":0.0,"damage_taken":0.0,"cards_upgraded":["Backflip"]},{"damage_healed":0.0,"max_hp_gain":0.0,"max_hp_loss":0.0,"gold_gain":0.0,"event_name":"Ghosts","player_choice":"Ignored","floor":19.0,"gold_loss":0.0,"damage_taken":0.0},{"damage_healed":0.0,"max_hp_gain":5.0,"max_hp_loss":0.0,"gold_gain":0.0,"event_name":"Forgotten Altar","player_choice":"Shed Blood","floor":20.0,"gold_loss":0.0,"damage_taken":23.0},{"damage_healed":0.0,"max_hp_gain":0.0,"max_hp_loss":0.0,"gold_gain":0.0,"event_name":"The Mausoleum","player_choice":"Ignored","floor":28.0,"gold_loss":0.0,"damage_taken":0.0},{"damage_healed":0.0,"max_hp_gain":0.0,"max_hp_loss":0.0,"gold_gain":0.0,"event_name":"MindBloom","player_choice":"Upgrade","floor":36.0,"gold_loss":0.0,"damage_taken":0.0,"cards_upgraded":["Defend_G","Defend_G","Defend_G","Defend_G","Defend_G","Strike_G","Strike_G","Strike_G","Strike_G","Survivor","Backflip","Infinite Blades","Die Die Die","Well Laid Plans","After Image","Deadly Poison"],"relics_obtained":["Mark of the Bloom"]},{"cards_removed":["Defend_G"],"damage_healed":0.0,"max_hp_gain":0.0,"max_hp_loss":0.0,"gold_gain":0.0,"event_name":"Falling","player_choice":"Removed Skill","floor":38.0,"gold_loss":0.0,"damage_taken":0.0},{"damage_healed":0.0,"max_hp_gain":0.0,"max_hp_loss":0.0,"gold_gain":0.0,"event_name":"Mysterious Sphere","player_choice":"Ignored","floor":39.0,"gold_loss":0.0,"damage_taken":0.0},{"damage_healed":0.0,"max_hp_gain":0.0,"max_hp_loss":0.0,"gold_gain":0.0,"event_name":"SensoryStone","player_choice":"Memory 1","floor":40.0,"gold_loss":0.0,"damage_taken":0.0},{"damage_healed":0.0,"max_hp_gain":0.0,"max_hp_loss":0.0,"gold_gain":0.0,"event_name":"Tomb of Lord Red Mask","player_choice":"Ignored","floor":42.0,"gold_loss":0.0,"damage_taken":0.0},{"damage_healed":0.0,"max_hp_gain":0.0,"max_hp_loss":4.0,"gold_gain":0.0,"event_name":"Winding Halls","player_choice":"Max HP","floor":44.0,"gold_loss":0.0,"damage_taken":0.0},{"damage_healed":0,"gold_gain":50,"player_choice":"Pray","damage_taken":0,"max_hp_gain":0,"max_hp_loss":0,"event_name":"Golden Shrine","floor":48,"gold_loss":0}],"is_beta":false,"boss_relics":[{"not_picked":["Lizard Tail","Velvet Choker"],"picked":"Philosopher\u0027s Stone"},{"not_picked":["Runic Pyramid","Ring of the Serpent"],"picked":"Runic Dome"}],"items_purged_floors":[3,47],"is_endless":false,"potions_floor_spawned":[2,14,16,24,29,37],"ascension_level":17}