{"gold_per_floor":[117,117,117,135,135,147,147,147,171,191,191,217,217,235,235,312,312,331,341,256,147,164,193,206,234,234,259,309,328,328,348,348,348],"floor_reached":33,"playtime":1519,"items_purged":["Strike_R"],"score":614,"play_id":"47e95a4a-800a-4cca-8b59-96bd3000c0a0","local_time":"20190609201836","is_ascension_mode":true,"campfire_choices":[{"data":"Armaments","floor":7.0,"key":"SMITH"},{"data":"Clothesline","floor":11.0,"key":"SMITH"},{"data":"Whirlwind","floor":13.0,"key":"SMITH"},{"data":"Bash","floor":15.0,"key":"SMITH"},{"data":"Shrug It Off","floor":30.0,"key":"SMITH"},{"data":"Shrug It Off","floor":32.0,"key":"SMITH"}],"neow_cost":"TEN_PERCENT_HP_LOSS","seed_source_timestamp":962382005892706,"circlet_count":0,"master_deck":["AscendersBane","Strike_R","Strike_R","Defend_R","Defend_R+1","Defend_R","Bash+1","Thunderclap","Bludgeon+1","Armaments+1","Clothesline+1","Whirlwind+1","Spot Weakness","Reaper","Shrug It Off+1","Corruption","Shrug It Off+1","Reaper","Spot Weakness"],"special_seed":0,"relics":["Burning Blood","Meat on the Bone","Strawberry","Bronze Scales","Busted Crown","Smiling Mask","Happy Flower","Bag of Marbles","Ice Cream","Red Skull"],"potions_floor_usage":[33],"damage_taken":[{"damage":7.0,"enemies":"2 Louse","floor":1.0,"turns":3.0},{"damage":2.0,"enemies":"Small Slimes","floor":4.0,"turns":5.0},{"damage":12.0,"enemies":"Jaw Worm","floor":6.0,"turns":2.0},{"damage":8.0,"enemies":"Exordium Thugs","floor":10.0,"turns":6.0},{"damage":8.0,"enemies":"Gremlin Nob","floor":12.0,"turns":3.0},{"damage":0.0,"enemies":"Large Slime","floor":14.0,"turns":2.0},{"damage":45.0,"enemies":"Slime Boss","floor":16.0,"turns":10.0},{"damage":14.0,"enemies":"2 Thieves","floor":18.0,"turns":4.0},{"damage":6.0,"enemies":"Spheric Guardian","floor":19.0,"turns":3.0},{"damage":15.0,"enemies":"Centurion and Healer","floor":22.0,"turns":3.0},{"damage":6.0,"enemies":"Gremlin Leader","floor":23.0,"turns":5.0},{"damage":26.0,"enemies":"Shelled Parasite and Fungi","floor":24.0,"turns":4.0},{"damage":29.0,"enemies":"Slavers","floor":25.0,"turns":3.0},{"damage":27.0,"enemies":"Gremlin Leader","floor":27.0,"turns":5.0},{"damage":36.0,"enemies":"Cultist and Chosen","floor":29.0,"turns":5.0},{"damage":15.0,"enemies":"Snake Plant","floor":31.0,"turns":5.0},{"damage":106,"enemies":"Automaton","floor":33,"turns":8}],"seed_played":"-8645915983938410528","potions_obtained":[{"floor":12.0,"key":"PowerPotion"},{"floor":14.0,"key":"Regen Potion"},{"floor":16.0,"key":"BloodPotion"},{"floor":24.0,"key":"FearPotion"},{"floor":25.0,"key":"Ancient Potion"}],"is_trial":false,"path_per_floor":["M","?","?","M","?","M","R","T","T","M","R","E","R","M","R","B",null,"M","M","?","$","M","E","M","E","T","E","?","M","R","M","R","B"],"character_chosen":"IRONCLAD","items_purchased":["Shrug It Off"],"campfire_rested":0,"item_purchase_floors":[21],"current_hp_per_floor":[67,60,60,64,44,38,38,38,45,55,55,53,53,59,59,47,68,68,68,68,68,75,75,55,52,52,55,55,54,54,59,59,0],"gold":348,"neow_bonus":"REMOVE_TWO","is_prod":false,"is_daily":false,"chose_seed":false,"campfire_upgraded":6,"win_rate":0,"timestamp":1560136716,"path_taken":["M","?","?","M","?","?","R","?","T","M","R","E","R","?","R","BOSS","M","M","?","$","M","E","M","E","T","E","?","M","R","M","R","BOSS"],"build_version":"2019-06-07","purchased_purges":1,"victory":false,"max_hp_per_floor":[68,68,68,68,68,68,68,68,75,75,75,75,75,75,75,75,75,75,75,75,75,75,75,75,75,75,75,75,75,75,75,75,75],"card_choices":[{"not_picked":["Flex","Wild Strike"],"picked":"Thunderclap","floor":1.0},{"not_picked":["Carnage","Whirlwind"],"picked":"Bludgeon","floor":4.0},{"not_picked":["Fire Breathing","Rage"],"picked":"Armaments","floor":6.0},{"not_picked":["Pummel","Body Slam"],"picked":"Clothesline","floor":10.0},{"not_picked":["Spot Weakness","Cleave"],"picked":"Whirlwind","floor":12.0},{"not_picked":["Sword Boomerang","Rupture"],"picked":"Spot Weakness","floor":14.0},{"not_picked":["Berserk","Brutality"],"picked":"Reaper","floor":16.0},{"not_picked":[],"picked":"Shrug It Off","floor":18.0},{"not_picked":[],"picked":"Corruption","floor":19.0},{"not_picked":["Seeing Red"],"picked":"SKIP","floor":22.0},{"not_picked":["Seeing Red"],"picked":"SKIP","floor":22.0},{"not_picked":[],"picked":"Reaper","floor":23.0},{"not_picked":["Wild Strike"],"picked":"SKIP","floor":24.0},{"not_picked":["Pommel Strike"],"picked":"SKIP","floor":25.0},{"not_picked":["Warcry"],"picked":"SKIP","floor":27.0},{"not_picked":[],"picked":"Spot Weakness","floor":29.0},{"not_picked":["Iron Wave"],"picked":"SKIP","floor":31.0}],"player_experience":1651323,"relics_obtained":[{"floor":8.0,"key":"Meat on the Bone"},{"floor":9.0,"key":"Strawberry"},{"floor":12.0,"key":"Bronze Scales"},{"floor":23.0,"key":"Happy Flower"},{"floor":25.0,"key":"Bag of Marbles"},{"floor":26.0,"key":"Ice Cream"},{"floor":27.0,"key":"Red Skull"}],"event_choices":[{"cards_removed":["Strike_R"],"damage_healed":0.0,"max_hp_gain":0.0,"max_hp_loss":0.0,"gold_gain":0.0,"event_name":"Golden Wing","player_choice":"Card Removal","floor":2.0,"gold_loss":0.0,"damage_taken":7.0},{"damage_healed":0.0,"max_hp_gain":0.0,"max_hp_loss":0.0,"gold_gain":0.0,"event_name":"Liars Game","player_choice":"Ignored","floor":3.0,"gold_loss":0.0,"damage_taken":0.0},{"damage_healed":0.0,"max_hp_gain":0.0,"max_hp_loss":0.0,"gold_gain":0.0,"event_name":"Shining Light","player_choice":"Entered Light","floor":5.0,"gold_loss":0.0,"damage_taken":20.0,"cards_upgraded":["Bludgeon","Defend_R"]},{"damage_healed":0.0,"max_hp_gain":0.0,"max_hp_loss":0.0,"gold_gain":0.0,"event_name":"Addict","player_choice":"Obtained Relic","floor":20.0,"gold_loss":85.0,"damage_taken":0.0,"relics_obtained":["Smiling Mask"]},{"damage_healed":0.0,"max_hp_gain":0.0,"max_hp_loss":0.0,"gold_gain":100.0,"event_name":"The Joust","player_choice":"Bet on Murderer","floor":28.0,"gold_loss":50.0,"damage_taken":0.0}],"is_beta":true,"boss_relics":[{"not_picked":["Orrery","Empty Cage"],"picked":"Busted Crown"}],"items_purged_floors":[21],"is_endless":false,"potions_floor_spawned":[12,14,16,18,24,25,29],"killed_by":"Automaton","ascension_level":20}