{"gold_per_floor":[112,126,140,152,171,171,185,201,201,212,237,237,255,270,270,366,366,382,307,307,323,334],"floor_reached":22,"playtime":2001,"items_purged":["Strike_R"],"score":196,"play_id":"c311b8dc-9110-4fad-91d3-1f274a372946","local_time":"20190526193439","is_ascension_mode":false,"campfire_choices":[{"data":"Armaments","floor":6,"key":"SMITH"},{"data":"Whirlwind","floor":12,"key":"SMITH"},{"data":"Bash","floor":15,"key":"SMITH"}],"neow_cost":"NONE","seed_source_timestamp":931172670554800,"circlet_count":0,"master_deck":["Strike_R","Strike_R","Strike_R","Strike_R","Defend_R","Defend_R","Defend_R","Defend_R","Bash+1","Pommel Strike","Headbutt","Armaments+1","Whirlwind+1","Corruption","Impervious","Cleave","Barricade","Metallicize","Cleave+1","Armaments+1"],"relics":["Burning Blood","Prayer Wheel","Champion Belt","Mark of Pain"],"potions_floor_usage":[2,8,16],"damage_taken":[{"damage":6,"enemies":"2 Louse","floor":1,"turns":3},{"damage":10,"enemies":"Small Slimes","floor":2,"turns":5},{"damage":1,"enemies":"Jaw Worm","floor":3,"turns":3},{"damage":6,"enemies":"2 Fungi Beasts","floor":4,"turns":3},{"damage":4,"enemies":"Blue Slaver","floor":5,"turns":5},{"damage":0,"enemies":"Red Slaver","floor":7,"turns":5},{"damage":5,"enemies":"Looter","floor":8,"turns":2},{"damage":2,"enemies":"2 Fungi Beasts","floor":10,"turns":4},{"damage":31,"enemies":"3 Sentries","floor":11,"turns":9},{"damage":0,"enemies":"3 Louse","floor":13,"turns":2},{"damage":23,"enemies":"Exordium Thugs","floor":14,"turns":4},{"damage":35,"enemies":"The Guardian","floor":16,"turns":19},{"damage":16,"enemies":"Spheric Guardian","floor":18,"turns":6},{"damage":15,"enemies":"3 Byrds","floor":21,"turns":5},{"damage":13,"enemies":"Centurion and Healer","floor":22,"turns":9}],"seed_played":"4670213256194465911","potions_obtained":[{"floor":0,"key":"Energy Potion"},{"floor":0,"key":"Fruit Juice"},{"floor":0,"key":"FearPotion"},{"floor":4,"key":"LiquidBronze"},{"floor":8,"key":"Swift Potion"},{"floor":16,"key":"SpeedPotion"}],"is_trial":false,"path_per_floor":["M","M","M","M","M","R","M","M","T","M","E","R","M","M","R","B",null,"M","$","?","M","M"],"character_chosen":"IRONCLAD","items_purchased":[],"campfire_rested":0,"item_purchase_floors":[],"current_hp_per_floor":[80,76,80,80,80,80,80,80,80,80,55,55,61,44,44,20,85,75,75,75,66,59],"gold":334,"neow_bonus":"THREE_SMALL_POTIONS","is_prod":false,"is_daily":false,"chose_seed":false,"campfire_upgraded":3,"win_rate":0,"timestamp":1558913679,"path_taken":["M","M","M","M","M","R","M","M","T","M","E","R","M","M","R","BOSS","M","$","?","M","M"],"build_version":"2019-01-23","purchased_purges":1,"victory":false,"max_hp_per_floor":[80,80,80,80,80,80,80,80,80,80,80,80,80,80,80,85,85,85,85,85,85,85],"card_choices":[{"not_picked":["Havoc","Rage"],"picked":"Pommel Strike","floor":1},{"not_picked":["Carnage","Flex"],"picked":"Headbutt","floor":2},{"not_picked":["Twin Strike","Anger","Dropkick"],"picked":"SKIP","floor":3},{"not_picked":["Flex","True Grit"],"picked":"Armaments","floor":4},{"not_picked":["Intimidate","True Grit","Clash"],"picked":"SKIP","floor":5},{"not_picked":["Ghostly Armor","Shockwave","Headbutt"],"picked":"SKIP","floor":7},{"not_picked":["Heavy Blade","Cleave"],"picked":"Whirlwind","floor":8},{"not_picked":["Power Through","Flex"],"picked":"Corruption","floor":10},{"not_picked":["Flame Barrier","Sword Boomerang"],"picked":"Impervious","floor":10},{"not_picked":["Sword Boomerang","Clash","Inflame"],"picked":"SKIP","floor":11},{"not_picked":["Warcry","Spot Weakness"],"picked":"Cleave","floor":13},{"not_picked":["Havoc","Pommel Strike","Pummel"],"picked":"SKIP","floor":13},{"not_picked":["Headbutt","Perfected Strike","Flex"],"picked":"SKIP","floor":14},{"not_picked":["Infernal Blade","Rage","Sword Boomerang"],"picked":"SKIP","floor":14},{"not_picked":["Impervious","Dark Embrace"],"picked":"Barricade","floor":16},{"not_picked":["Perfected Strike","Clash","Anger"],"picked":"SKIP","floor":18},{"not_picked":["Clothesline","Cleave","Flex"],"picked":"SKIP","floor":18},{"not_picked":["Uppercut","Perfected Strike"],"picked":"Cleave+1","floor":21},{"not_picked":["Havoc","Cleave"],"picked":"Armaments+1","floor":21}],"player_experience":933798,"relics_obtained":[{"floor":9,"key":"Prayer Wheel"},{"floor":11,"key":"Champion Belt"}],"event_choices":[{"damage_healed":0,"gold_gain":0,"player_choice":"Read","damage_taken":0,"max_hp_gain":0,"max_hp_loss":0,"event_name":"The Library","floor":20,"gold_loss":0,"cards_obtained":["Metallicize"]}],"is_beta":false,"boss_relics":[{"not_picked":["Velvet Choker","Runic Cube"],"picked":"Mark of Pain"}],"items_purged_floors":[19],"is_endless":false,"potions_floor_spawned":[4,7,8,10,13,16,18],"killed_by":"Centurion and Healer","ascension_level":0}