{"gold_per_floor":[119,136,136,136,151,183,183,183,213,223,248,299,16,51,51,122,122,140,140,49,61,73,73,73,399,399,399,413,413,413,49,49,128,128,138,138,155,169,169,169,200,200,200,231,246,246,260,285,285,285,285,285,285,3,34,34],"floor_reached":57,"playtime":6192,"items_purged":["Strike_G"],"score":3152,"play_id":"8213fcc0-bc27-4d65-b863-095f368e67ba","local_time":"20190526212049","is_ascension_mode":true,"campfire_choices":[{"floor":8.0,"key":"REST"},{"data":"Skewer","floor":15.0,"key":"SMITH"},{"data":"Footwork","floor":23.0,"key":"SMITH"},{"data":"Noxious Fumes","floor":27.0,"key":"SMITH"},{"data":"Catalyst","floor":30.0,"key":"SMITH"},{"data":"Leg Sweep","floor":32.0,"key":"SMITH"},{"floor":40.0,"key":"RECALL"},{"floor":42.0,"key":"REST"},{"data":"Wraith Form v2","floor":46.0,"key":"SMITH"},{"data":"Burst","floor":49.0,"key":"SMITH"},{"floor":53.0,"key":"REST"}],"neow_cost":"PERCENT_DAMAGE","seed_source_timestamp":721021429512904,"circlet_count":0,"master_deck":["AscendersBane","Defend_G","Defend_G","Defend_G","Defend_G","Defend_G","Survivor","Neutralize","Bullet Time","Flying Knee","Dagger Throw","Terror","Masterful Stab","Quick Slash","Skewer+1","Blade Dance","Calculated Gamble","Noxious Fumes+1","Leg Sweep+1","Dagger Spray","Adrenaline","Catalyst+1","Footwork+1","Cloak And Dagger","Escape Plan","PiercingWail","Blur","Backflip","Burst+1","Cloak And Dagger","Caltrops","Wraith Form v2+1","Backflip+1","Footwork","Deflect+1"],"special_seed":0,"relics":["Ring of the Snake","Matryoshka","Dodecahedron","Boot","Tiny Chest","Shuriken","Happy Flower","Snake Skull","Letter Opener","Runic Pyramid","Bronze Scales","Old Coin","Pear","Ninja Scroll","Membership Card","Potion Belt","Black Star","Centennial Puzzle","Strawberry","Gremlin Horn","Incense Burner","Frozen Egg 2","The Courier","Medical Kit","Oddly Smooth Stone","Torii","Mummified Hand","Sundial"],"potions_floor_usage":[56,56,56,56,56,56],"damage_taken":[{"damage":3.0,"enemies":"2 Louse","floor":1.0,"turns":4.0},{"damage":7.0,"enemies":"Small Slimes","floor":2.0,"turns":4.0},{"damage":0.0,"enemies":"Cultist","floor":5.0,"turns":3.0},{"damage":0.0,"enemies":"Gremlin Nob","floor":6.0,"turns":3.0},{"damage":1.0,"enemies":"Looter","floor":10.0,"turns":3.0},{"damage":9.0,"enemies":"3 Sentries","floor":11.0,"turns":8.0},{"damage":6.0,"enemies":"Gremlin Nob","floor":14.0,"turns":3.0},{"damage":0.0,"enemies":"Slime Boss","floor":16.0,"turns":4.0},{"damage":12.0,"enemies":"2 Thieves","floor":18.0,"turns":3.0},{"damage":0.0,"enemies":"Spheric Guardian","floor":21.0,"turns":4.0},{"damage":11.0,"enemies":"Snake Plant","floor":22.0,"turns":3.0},{"damage":0.0,"enemies":"Gremlin Leader","floor":25.0,"turns":6.0},{"damage":11.0,"enemies":"Chosen and Byrds","floor":28.0,"turns":5.0},{"damage":0.0,"enemies":"Automaton","floor":33.0,"turns":10.0},{"damage":0.0,"enemies":"3 Shapes","floor":35.0,"turns":5.0},{"damage":8.0,"enemies":"3 Darklings","floor":37.0,"turns":4.0},{"damage":0.0,"enemies":"4 Shapes","floor":38.0,"turns":7.0},{"damage":16.0,"enemies":"Giant Head","floor":41.0,"turns":7.0},{"damage":11.0,"enemies":"Reptomancer","floor":44.0,"turns":6.0},{"damage":2.0,"enemies":"Sphere and 2 Shapes","floor":45.0,"turns":5.0},{"damage":1.0,"enemies":"Writhing Mass","floor":47.0,"turns":6.0},{"damage":0.0,"enemies":"Nemesis","floor":48.0,"turns":9.0},{"damage":23.0,"enemies":"Donu and Deca","floor":50.0,"turns":13.0},{"damage":18.0,"enemies":"Awakened One","floor":51.0,"turns":19.0},{"damage":9.0,"enemies":"Shield and Spear","floor":55.0,"turns":9.0},{"damage":3,"enemies":"The Heart","floor":56,"turns":6}],"seed_played":"-5956231900944235323","potions_obtained":[{"floor":2.0,"key":"SteroidPotion"},{"floor":5.0,"key":"SpeedPotion"},{"floor":11.0,"key":"GhostInAJar"},{"floor":21.0,"key":"AttackPotion"},{"floor":22.0,"key":"Fire Potion"},{"floor":28.0,"key":"SkillPotion"},{"floor":38.0,"key":"PowerPotion"},{"floor":44.0,"key":"EntropicBrew"},{"floor":48.0,"key":"Energy Potion"}],"is_trial":false,"path_per_floor":["M","M","?","?","M","E","?","R","T","M","E","T","$","E","R","B",null,"M","T","$","M","M","R","?","E","T","R","M","T","R","$","R","B",null,"M","?","M","M","?","R","E","R","T","E","M","R","M","E","R","B","B",null,"R","$","E","B",null],"character_chosen":"THE_SILENT","items_purchased":["Noxious Fumes","Leg Sweep","PowerPotion","Footwork","Cloak And Dagger","Membership Card","Potion Belt","Backflip","Regen Potion","Medical Kit","Oddly Smooth Stone","Torii"],"campfire_rested":3,"item_purchase_floors":[13,13,13,20,20,31,31,31,31,54,54,54],"current_hp_per_floor":[41,34,27,27,27,27,27,46,46,45,36,36,36,30,30,30,57,45,45,45,45,34,34,34,34,44,44,33,33,33,33,33,33,65,65,65,57,57,57,57,48,71,71,60,73,73,72,72,72,49,31,67,79,79,70,67],"gold":34,"neow_bonus":"TRANSFORM_TWO_CARDS","is_prod":false,"is_daily":false,"chose_seed":false,"campfire_upgraded":7,"win_rate":0,"timestamp":1558930849,"path_taken":["M","M","?","?","?","E","?","R","T","?","E","?","$","E","R","BOSS","M","?","$","M","M","R","?","E","T","R","M","?","R","?","R","BOSS","M","?","M","M","?","R","E","R","T","E","M","R","M","E","R","BOSS","BOSS","R","$","E","BOSS"],"build_version":"2019-05-24v2","purchased_purges":1,"victory":true,"max_hp_per_floor":[66,66,66,66,66,66,66,66,66,66,66,66,66,66,66,66,66,66,66,66,66,66,66,66,66,76,76,76,76,76,76,76,76,76,76,72,72,72,72,72,79,79,79,79,79,79,79,79,79,79,79,79,79,79,79,79],"card_choices":[{"not_picked":["Cloak And Dagger","All Out Attack"],"picked":"Dagger Throw","floor":1.0},{"not_picked":["Bane","Underhanded Strike"],"picked":"Terror","floor":2.0},{"not_picked":["Outmaneuver","Prepared"],"picked":"Quick Slash","floor":5.0},{"not_picked":["Underhanded Strike","Terror"],"picked":"Skewer","floor":6.0},{"not_picked":["Bane","Dodge and Roll"],"picked":"Blade Dance","floor":10.0},{"not_picked":["Dash","Tools of the Trade"],"picked":"Calculated Gamble","floor":11.0},{"not_picked":["Acrobatics","Skewer"],"picked":"Dagger Spray","floor":14.0},{"not_picked":["Glass Knife","Tools of the Trade"],"picked":"Adrenaline","floor":16.0},{"not_picked":["Well Laid Plans","Finisher"],"picked":"Catalyst","floor":18.0},{"not_picked":["Deadly Poison","Tactician+1"],"picked":"Escape Plan","floor":21.0},{"not_picked":["Deadly Poison","All Out Attack"],"picked":"PiercingWail","floor":22.0},{"not_picked":["Flying Knee","Slice"],"picked":"Blur","floor":25.0},{"not_picked":["Setup","Acrobatics","Outmaneuver+1"],"picked":"SKIP","floor":28.0},{"not_picked":["Adrenaline","Die Die Die"],"picked":"Burst","floor":33.0},{"not_picked":["Dagger Throw","Flechettes+1"],"picked":"Cloak And Dagger","floor":35.0},{"not_picked":["Reflex","Poisoned Stab+1"],"picked":"Caltrops","floor":37.0},{"not_picked":["Underhanded Strike","Concentrate","Dagger Throw"],"picked":"SKIP","floor":38.0},{"not_picked":["Endless Agony+1","Riddle With Holes","Bane"],"picked":"SKIP","floor":41.0},{"not_picked":["Cloak And Dagger+1","Bane"],"picked":"Wraith Form v2","floor":44.0},{"not_picked":["Dodge and Roll","Dash"],"picked":"Backflip+1","floor":45.0},{"not_picked":["Crippling Poison","Accuracy+1"],"picked":"Footwork","floor":47.0},{"not_picked":["Blur+1","Dagger Throw"],"picked":"Deflect+1","floor":48.0},{"not_picked":["Backstab","Backflip","Poisoned Stab"],"picked":"SKIP","floor":55.0}],"player_experience":1584602,"relics_obtained":[{"floor":6.0,"key":"Matryoshka"},{"floor":9.0,"key":"Boot"},{"floor":9.0,"key":"Tiny Chest"},{"floor":11.0,"key":"Shuriken"},{"floor":12.0,"key":"Happy Flower"},{"floor":12.0,"key":"Snake Skull"},{"floor":14.0,"key":"Letter Opener"},{"floor":19.0,"key":"Bronze Scales"},{"floor":25.0,"key":"Old Coin"},{"floor":26.0,"key":"Pear"},{"floor":29.0,"key":"Ninja Scroll"},{"floor":41.0,"key":"Centennial Puzzle"},{"floor":41.0,"key":"Strawberry"},{"floor":44.0,"key":"Gremlin Horn"},{"floor":44.0,"key":"Incense Burner"},{"floor":48.0,"key":"Frozen Egg 2"},{"floor":48.0,"key":"The Courier"},{"floor":55.0,"key":"Mummified Hand"},{"floor":55.0,"key":"Sundial"}],"event_choices":[{"cards_removed":["Strike_G"],"damage_healed":0.0,"max_hp_gain":0.0,"max_hp_loss":0.0,"gold_gain":0.0,"event_name":"Golden Wing","player_choice":"Card Removal","floor":3.0,"gold_loss":0.0,"damage_taken":7.0},{"damage_healed":0.0,"max_hp_gain":0.0,"max_hp_loss":0.0,"gold_gain":0.0,"cards_transformed":["Strike_G"],"event_name":"Transmorgrifier","player_choice":"Transformed","floor":4.0,"gold_loss":0.0,"damage_taken":0.0,"cards_obtained":["Masterful Stab"]},{"damage_healed":0.0,"max_hp_gain":0.0,"max_hp_loss":0.0,"gold_gain":0.0,"event_name":"WeMeetAgain","player_choice":"Gave Potion","floor":7.0,"gold_loss":0.0,"damage_taken":0.0,"relics_obtained":["Dodecahedron"]},{"damage_healed":0.0,"max_hp_gain":0.0,"max_hp_loss":0.0,"gold_gain":0.0,"event_name":"Vampires","player_choice":"Ignored","floor":24.0,"gold_loss":0.0,"damage_taken":0.0},{"damage_healed":0.0,"max_hp_gain":0.0,"max_hp_loss":4.0,"gold_gain":0.0,"event_name":"Winding Halls","player_choice":"Max HP","floor":36.0,"gold_loss":0.0,"damage_taken":0.0},{"damage_healed":0.0,"max_hp_gain":0.0,"max_hp_loss":0.0,"gold_gain":0.0,"event_name":"Tomb of Lord Red Mask","player_choice":"Ignored","floor":39.0,"gold_loss":0.0,"damage_taken":0.0}],"is_beta":true,"boss_relics":[{"not_picked":["Ring of the Serpent","Snecko Eye"],"picked":"Runic Pyramid"},{"not_picked":["Tiny House","Velvet Choker"],"picked":"Black Star"}],"items_purged_floors":[13],"is_endless":false,"potions_floor_spawned":[2,5,11,21,22,28,38,44,48],"ascension_level":20}