{"gold_per_floor":[217,180,193,210,224,224,184,204,204,204,204],"floor_reached":11,"playtime":408,"items_purged":[],"score":127,"play_id":"816314de-9256-485e-80d7-ce8dbf1d33fe","local_time":"20190528074555","is_ascension_mode":true,"campfire_choices":[{"data":"Neutralize","floor":6,"key":"SMITH"}],"neow_cost":"NONE","seed_source_timestamp":1624900558132278,"circlet_count":0,"master_deck":["AscendersBane","Defend_G","Defend_G","Defend_G","Defend_G","Defend_G","Strike_G","Strike_G","Strike_G","Strike_G","Strike_G","Survivor","Neutralize+1","Flying Knee","Caltrops","Deadly Poison+1"],"relics":["Ring of the Snake","Pocketwatch"],"potions_floor_usage":[],"damage_taken":[{"damage":1,"enemies":"Cultist","floor":1,"turns":4},{"damage":0,"enemies":"Jaw Worm","floor":3,"turns":4},{"damage":6,"enemies":"2 Louse","floor":4,"turns":3},{"damage":27,"enemies":"Gremlin Gang","floor":5,"turns":6},{"damage":1,"enemies":"Looter","floor":7,"turns":4},{"damage":5,"enemies":"3 Louse","floor":8,"turns":4},{"damage":12,"enemies":"Lots of Slimes","floor":11,"turns":2}],"seed_played":"2434743646851027824","potions_obtained":[],"is_trial":false,"path_per_floor":["M","$","M","M","M","R","M","M","T","?","M"],"character_chosen":"THE_SILENT","items_purchased":["Caltrops"],"campfire_rested":0,"item_purchase_floors":[2],"current_hp_per_floor":[58,58,58,52,25,25,24,19,19,19,7],"gold":204,"neow_bonus":"HUNDRED_GOLD","is_prod":false,"is_daily":false,"chose_seed":false,"campfire_upgraded":1,"win_rate":0,"timestamp":1559043955,"path_taken":["M","$","?","M","M","R","M","M","T","?","?"],"build_version":"2019-01-23","purchased_purges":0,"victory":false,"max_hp_per_floor":[66,66,66,66,66,66,66,66,66,66,66],"card_choices":[{"not_picked":["Quick Slash","Slice"],"picked":"Flying Knee","floor":1},{"not_picked":["Cloak And Dagger","Slice","Quick Slash"],"picked":"SKIP","floor":3},{"not_picked":["Prepared","Bane","Setup"],"picked":"SKIP","floor":4},{"not_picked":["Catalyst","Storm of Steel","Dagger Spray"],"picked":"SKIP","floor":5},{"not_picked":["Eviscerate","Blade Dance","Dagger Spray"],"picked":"SKIP","floor":7},{"not_picked":["Outmaneuver","Deflect"],"picked":"Deadly Poison","floor":8}],"player_experience":518873,"relics_obtained":[{"floor":9,"key":"Pocketwatch"}],"event_choices":[{"damage_healed":0,"gold_gain":0,"player_choice":"Upgraded","damage_taken":0,"max_hp_gain":0,"max_hp_loss":0,"event_name":"Upgrade Shrine","floor":10,"gold_loss":0,"cards_upgraded":["Deadly Poison"]}],"is_beta":false,"boss_relics":[],"items_purged_floors":[],"is_endless":false,"potions_floor_spawned":[],"killed_by":"Lots of Slimes","ascension_level":19}