{"gold_per_floor":[110,110,260,260,285,315,315,345,345,371,390,203,216,229,229,229],"floor_reached":16,"playtime":503,"items_purged":["Strike_G"],"score":328,"play_id":"58a133d0-cd3d-462b-8866-56fb03704130","local_time":"20190608143132","is_ascension_mode":true,"campfire_choices":[{"data":"Dagger Throw","floor":7,"key":"SMITH"},{"floor":15,"key":"REST"}],"neow_cost":"NONE","seed_source_timestamp":37109974006119,"circlet_count":0,"master_deck":["AscendersBane","Defend_G","Defend_G","Defend_G","Defend_G","Defend_G","Strike_G","Strike_G","Strike_G","Strike_G","Survivor","Neutralize+1","Dagger Throw+1","Dagger Spray","Endless Agony","Backflip","PiercingWail","Cloak And Dagger","Terror"],"relics":["Ring of the Snake","NeowsBlessing","Bronze Scales","Singing Bowl","Unceasing Top","Darkstone Periapt","Ninja Scroll"],"potions_floor_usage":[10],"damage_taken":[{"damage":0,"enemies":"2 Louse","floor":1,"turns":1},{"damage":0,"enemies":"Lagavulin","floor":6,"turns":1},{"damage":0,"enemies":"Gremlin Nob","floor":8,"turns":1},{"damage":27,"enemies":"3 Sentries","floor":10,"turns":8},{"damage":2,"enemies":"Jaw Worm","floor":11,"turns":2},{"damage":0,"enemies":"Small Slimes","floor":13,"turns":2},{"damage":1,"enemies":"2 Fungi Beasts","floor":14,"turns":2},{"damage":44,"enemies":"Hexaghost","floor":16,"turns":11}],"seed_played":"-4472515718572533131","potions_obtained":[{"floor":6,"key":"SkillPotion"},{"floor":13,"key":"EssenceOfSteel"}],"is_trial":false,"path_per_floor":["M","?","?","?","T","E","R","E","T","E","M","$","M","M","R","B"],"character_chosen":"THE_SILENT","items_purchased":["PiercingWail","FearPotion"],"campfire_rested":1,"item_purchase_floors":[12,12],"current_hp_per_floor":[59,59,59,52,52,54,54,54,54,27,25,25,25,24,44,0],"gold":229,"neow_bonus":"THREE_ENEMY_KILL","is_prod":false,"is_daily":false,"chose_seed":false,"campfire_upgraded":1,"win_rate":0,"timestamp":1560018692,"path_taken":["M","?","?","?","?","E","R","E","T","E","M","$","M","M","R","BOSS"],"build_version":"2019-01-23","purchased_purges":1,"victory":false,"max_hp_per_floor":[66,66,66,66,66,68,68,68,68,68,68,68,68,68,68,68],"card_choices":[{"not_picked":["Sucker Punch","Bane"],"picked":"Dagger Throw","floor":1},{"not_picked":["Finisher","Dagger Throw","Doppelganger"],"picked":"Singing Bowl","floor":6},{"not_picked":["Doppelganger","Cloak And Dagger"],"picked":"Dagger Spray","floor":8},{"not_picked":["Deadly Poison","Riddle With Holes"],"picked":"Endless Agony","floor":10},{"not_picked":["Blade Dance","Underhanded Strike"],"picked":"Backflip","floor":11},{"not_picked":["Predator","Venomology"],"picked":"Cloak And Dagger","floor":13},{"not_picked":["Backflip","Poisoned Stab"],"picked":"Terror","floor":14}],"player_experience":601147,"relics_obtained":[{"floor":5,"key":"Bronze Scales"},{"floor":6,"key":"Singing Bowl"},{"floor":8,"key":"Unceasing Top"},{"floor":9,"key":"Darkstone Periapt"},{"floor":10,"key":"Ninja Scroll"}],"event_choices":[{"damage_healed":0,"gold_gain":0,"player_choice":"Grow","damage_taken":0,"max_hp_gain":0,"max_hp_loss":0,"event_name":"Living Wall","floor":2,"gold_loss":0,"cards_upgraded":["Neutralize"]},{"damage_healed":0,"gold_gain":150,"player_choice":"AGREE","damage_taken":0,"max_hp_gain":0,"max_hp_loss":0,"event_name":"Liars Game","floor":3,"gold_loss":0,"cards_obtained":["Doubt"]},{"cards_removed":["Doubt"],"damage_healed":0,"gold_gain":0,"player_choice":"Card Removal","damage_taken":7,"max_hp_gain":0,"max_hp_loss":0,"event_name":"Golden Wing","floor":4,"gold_loss":0}],"is_beta":false,"boss_relics":[],"items_purged_floors":[12],"is_endless":false,"potions_floor_spawned":[6,13,14],"killed_by":"Hexaghost","ascension_level":19}