{"gold_per_floor":[214,234,309,329,21,56,56,56,56,71,88,88,88,118,118,219,219,233,96,113,21,36,36,70,81,108,125,150,176,176,186,186,290,290,301,301,301,301,650,650,664,675,675,675],"floor_reached":44,"playtime":3915,"items_purged":["Strike_R"],"score":531,"play_id":"bc5a1e7f-d4a0-49c9-bce9-e5f51beca8e6","local_time":"20190610021306","is_ascension_mode":true,"campfire_choices":[{"floor":7,"key":"REST"},{"floor":12,"key":"REST"},{"floor":15,"key":"REST"},{"floor":23,"key":"REST"},{"floor":30,"key":"REST"},{"floor":32,"key":"REST"},{"floor":40,"key":"REST"}],"neow_cost":"NONE","seed_source_timestamp":12048163930104,"circlet_count":0,"master_deck":["Strike_R","Strike_R","Strike_R","Strike_R","Defend_R","Defend_R","Defend_R","Defend_R","Bash","Fire Breathing","Headbutt","Spot Weakness","Searing Blow+1","Armaments","Fire Breathing","Shockwave","Sentinel","Rupture","Limit Break","Burning Pact","Reaper","Ghostly Armor","Shrug It Off","Carnage","Inflame","Thunderclap","Feel No Pain","Flame Barrier","Juggernaut","Corruption","Decay","Hemokinesis","Second Wind","Flame Barrier+1","Whirlwind","Berserk","Reckless Charge+1","Juggernaut","Clash","Madness","Madness","Burning Pact+1","Ghostly Armor+1","Hemokinesis","Sever Soul","Writhe"],"relics":["Burning Blood","Membership Card","Magic Flower","Blue Candle","Dream Catcher","Cursed Key","Question Card","Girya","Orichalcum","Boot","Red Mask","Busted Crown","Old Coin","Mercury Hourglass"],"potions_floor_usage":[14,16,24,24,28,29,44],"damage_taken":[{"damage":5,"enemies":"Jaw Worm","floor":1,"turns":4},{"damage":5,"enemies":"Cultist","floor":2,"turns":4},{"damage":5,"enemies":"Small Slimes","floor":4,"turns":3},{"damage":42,"enemies":"Lagavulin","floor":6,"turns":7},{"damage":5,"enemies":"3 Louse","floor":10,"turns":3},{"damage":16,"enemies":"Looter","floor":11,"turns":4},{"damage":39,"enemies":"Gremlin Nob","floor":14,"turns":6},{"damage":67,"enemies":"Hexaghost","floor":16,"turns":10},{"damage":30,"enemies":"Chosen","floor":18,"turns":7},{"damage":33,"enemies":"Spheric Guardian","floor":20,"turns":6},{"damage":18,"enemies":"Snecko","floor":22,"turns":5},{"damage":49,"enemies":"Book of Stabbing","floor":24,"turns":8},{"damage":15,"enemies":"Cultist and Chosen","floor":25,"turns":6},{"damage":29,"enemies":"Centurion and Healer","floor":27,"turns":7},{"damage":41,"enemies":"Slavers","floor":28,"turns":6},{"damage":55,"enemies":"Masked Bandits","floor":29,"turns":6},{"damage":12,"enemies":"Snecko","floor":31,"turns":5},{"damage":77,"enemies":"Champ","floor":33,"turns":11},{"damage":12,"enemies":"Orb Walker","floor":35,"turns":4},{"damage":49,"enemies":"2 Orb Walkers","floor":39,"turns":5},{"damage":20,"enemies":"3 Shapes","floor":41,"turns":3},{"damage":44,"enemies":"Spire Growth","floor":42,"turns":5},{"damage":50,"enemies":"Reptomancer","floor":44,"turns":2}],"seed_played":"510324697806579814","potions_obtained":[{"floor":1,"key":"Dexterity Potion"},{"floor":4,"key":"FairyPotion"},{"floor":8,"key":"EssenceOfSteel"},{"floor":14,"key":"GamblersBrew"},{"floor":22,"key":"PowerPotion"},{"floor":25,"key":"GamblersBrew"},{"floor":27,"key":"SkillPotion"},{"floor":28,"key":"FairyPotion"},{"floor":33,"key":"Weak Potion"},{"floor":41,"key":"Regen Potion"}],"is_trial":false,"path_per_floor":["M","M","?","M","$","E","R","?","T","M","M","R","?","E","R","B",null,"M","$","M","$","M","R","E","M","T","M","E","?","R","M","R","B",null,"M","$","?","?","?","R","M","M","T","E"],"character_chosen":"IRONCLAD","items_purchased":["Membership Card","Searing Blow","Anger","Armaments","Fire Breathing","Question Card","Shrug It Off","Inflame","Thunderclap"],"campfire_rested":7,"item_purchase_floors":[5,5,5,5,5,19,19,21,21],"current_hp_per_floor":[80,80,69,70,70,34,58,58,58,62,55,79,79,49,73,15,80,59,59,35,35,32,56,34,49,49,47,15,15,39,36,60,13,80,77,77,67,67,48,72,61,26,26,0],"gold":675,"neow_bonus":"HUNDRED_GOLD","is_prod":false,"is_daily":false,"chose_seed":false,"campfire_upgraded":0,"win_rate":0,"timestamp":1560150786,"path_taken":["M","M","?","M","$","E","R","?","T","?","M","R","?","E","R","BOSS","M","$","M","$","M","R","E","M","T","M","E","?","R","M","R","BOSS","M","$","?","?","?","R","M","M","T","E"],"build_version":"2019-01-23","purchased_purges":1,"victory":false,"max_hp_per_floor":[80,80,80,80,80,80,80,80,80,80,80,80,80,80,80,80,80,80,80,80,80,80,80,80,80,80,80,80,80,80,80,80,80,80,80,80,80,80,80,80,80,80,80,80],"card_choices":[{"not_picked":["Corruption","Hemokinesis"],"picked":"Fire Breathing","floor":1},{"not_picked":["Pummel","Sword Boomerang"],"picked":"Headbutt","floor":2},{"not_picked":["Pommel Strike","Dropkick"],"picked":"Spot Weakness","floor":4},{"not_picked":["Intimidate","Headbutt"],"picked":"Shockwave","floor":6},{"not_picked":["Dual Wield","Perfected Strike"],"picked":"Sentinel","floor":10},{"not_picked":["Anger","Flex"],"picked":"Rupture","floor":11},{"not_picked":["Iron Wave","Cleave"],"picked":"Limit Break","floor":14},{"not_picked":["Thunderclap","Twin Strike"],"picked":"Burning Pact","floor":15},{"not_picked":["Brutality","Exhume"],"picked":"Reaper","floor":16},{"not_picked":["Shrug It Off","Perfected Strike"],"picked":"Ghostly Armor","floor":18},{"not_picked":["Entrench","Shrug It Off","Perfected Strike+1"],"picked":"Carnage","floor":20},{"not_picked":["Clash","Bloodletting","Wild Strike+1"],"picked":"Feel No Pain","floor":22},{"not_picked":["Fire Breathing","Warcry","Body Slam"],"picked":"Flame Barrier","floor":23},{"not_picked":["Sever Soul","Clash","Second Wind"],"picked":"Juggernaut","floor":24},{"not_picked":["Pommel Strike","Sword Boomerang+1","Rupture"],"picked":"Corruption","floor":25},{"not_picked":["Entrench","Cleave","Clothesline"],"picked":"Hemokinesis","floor":27},{"not_picked":["Heavy Blade","Intimidate","Warcry"],"picked":"Second Wind","floor":28},{"not_picked":["Evolve","Corruption+1","Shockwave"],"picked":"Flame Barrier+1","floor":29},{"not_picked":["Fire Breathing+1","Twin Strike+1","Headbutt+1"],"picked":"Whirlwind","floor":30},{"not_picked":["Clothesline","Iron Wave","Thunderclap"],"picked":"Berserk","floor":31},{"not_picked":["Flex","Wild Strike+1","Intimidate+1"],"picked":"Reckless Charge+1","floor":32},{"not_picked":["Fiend Fire","Offering","Berserk"],"picked":"Juggernaut","floor":33},{"not_picked":["Rampage+1"],"picked":"Clash","floor":35},{"not_picked":["Flex+1"],"picked":"Burning Pact+1","floor":39},{"not_picked":["Disarm+1"],"picked":"Ghostly Armor+1","floor":40},{"not_picked":["Headbutt"],"picked":"Hemokinesis","floor":41},{"not_picked":["Shockwave"],"picked":"Sever Soul","floor":42}],"player_experience":85118,"relics_obtained":[{"floor":6,"key":"Magic Flower"},{"floor":9,"key":"Blue Candle"},{"floor":14,"key":"Dream Catcher"},{"floor":24,"key":"Girya"},{"floor":26,"key":"Orichalcum"},{"floor":28,"key":"Boot"},{"floor":29,"key":"Red Mask"},{"floor":39,"key":"Old Coin"},{"floor":43,"key":"Mercury Hourglass"}],"event_choices":[{"damage_healed":0,"gold_gain":75,"player_choice":"Gather Gold","damage_taken":11,"max_hp_gain":0,"max_hp_loss":0,"event_name":"World of Goop","floor":3,"gold_loss":0},{"damage_healed":0,"gold_gain":0,"player_choice":"Got Potions","damage_taken":0,"max_hp_gain":0,"max_hp_loss":0,"event_name":"Lab","floor":8,"gold_loss":0},{"damage_healed":0,"gold_gain":0,"player_choice":"Grow","damage_taken":0,"max_hp_gain":0,"max_hp_loss":0,"event_name":"Living Wall","floor":13,"gold_loss":0,"cards_upgraded":["Searing Blow"]},{"damage_healed":0,"gold_gain":0,"player_choice":"Fought Bandits","damage_taken":0,"max_hp_gain":0,"max_hp_loss":0,"event_name":"Masked Bandits","floor":29,"gold_loss":0},{"damage_healed":0,"gold_gain":0,"player_choice":"Embrace Madness","damage_taken":10,"max_hp_gain":0,"max_hp_loss":0,"event_name":"Winding Halls","floor":37,"gold_loss":0,"cards_obtained":["Madness","Madness"]},{"cards_removed":["Anger"],"damage_healed":0,"gold_gain":0,"player_choice":"Removed Attack","damage_taken":0,"max_hp_gain":0,"max_hp_loss":0,"event_name":"Falling","floor":38,"gold_loss":0},{"damage_healed":0,"gold_gain":0,"player_choice":"Fight","damage_taken":0,"max_hp_gain":0,"max_hp_loss":0,"event_name":"Mysterious Sphere","floor":39,"gold_loss":0}],"is_beta":false,"boss_relics":[{"not_picked":["Black Blood","Fusion Hammer"],"picked":"Cursed Key"},{"not_picked":["Snecko Eye","Runic Cube"],"picked":"Busted Crown"}],"items_purged_floors":[21],"is_endless":false,"potions_floor_spawned":[1,4,10,14,22,25,27,28,33,41],"killed_by":"Reptomancer","ascension_level":1}