{"gold_per_floor":[13,13,33,33,51,84,84,108,108,108,131,131,149,149,149,149],"floor_reached":16,"playtime":1006,"items_purged":[],"score":102,"play_id":"cc22bd1a-9e68-40ae-a1f6-ee8ad749f1fc","local_time":"20190524223909","is_ascension_mode":false,"campfire_choices":[{"data":"All Out Attack","floor":7,"key":"SMITH"},{"data":"Deadly Poison","floor":10,"key":"SMITH"},{"data":"Bouncing Flask","floor":12,"key":"SMITH"},{"data":"Burst","floor":15,"key":"SMITH"}],"neow_cost":"NO_GOLD","seed_source_timestamp":770447356407100,"circlet_count":0,"master_deck":["Defend_G","Defend_G","Defend_G","Defend_G","Defend_G","Strike_G","Strike_G","Strike_G","Survivor","Neutralize","Deadly Poison+1","Well Laid Plans","All Out Attack+1","Outmaneuver","Backflip","Bouncing Flask+1","Burst+1"],"relics":["Ring of the Snake","Golden Idol","Question Card","Kunai"],"potions_floor_usage":[6],"damage_taken":[{"damage":2,"enemies":"2 Louse","floor":1,"turns":6},{"damage":0,"enemies":"Small Slimes","floor":3,"turns":6},{"damage":0,"enemies":"Cultist","floor":5,"turns":4},{"damage":15,"enemies":"3 Sentries","floor":6,"turns":6},{"damage":2,"enemies":"Looter","floor":8,"turns":3},{"damage":0,"enemies":"Exordium Wildlife","floor":11,"turns":1},{"damage":0,"enemies":"Lots of Slimes","floor":13,"turns":1},{"damage":41,"enemies":"Slime Boss","floor":16,"turns":9}],"seed_played":"6140732547318245874","potions_obtained":[{"floor":5,"key":"AttackPotion"},{"floor":8,"key":"SteroidPotion"},{"floor":11,"key":"Swift Potion"}],"is_trial":false,"path_per_floor":["M","$","M","?","M","E","R","M","T","R","M","R","M","?","R","B"],"character_chosen":"THE_SILENT","items_purchased":[],"campfire_rested":0,"item_purchase_floors":[],"current_hp_per_floor":[68,68,68,51,51,36,36,34,34,34,34,34,34,39,39,0],"gold":149,"neow_bonus":"REMOVE_TWO","is_prod":false,"is_daily":false,"chose_seed":false,"campfire_upgraded":4,"win_rate":0,"timestamp":1558751949,"path_taken":["M","$","M","?","M","E","R","M","T","R","M","R","M","?","R","BOSS"],"build_version":"2019-01-23","purchased_purges":0,"victory":false,"max_hp_per_floor":[70,70,70,70,70,70,70,70,70,70,70,70,70,75,75,75],"card_choices":[{"not_picked":["Sucker Punch","Dagger Throw"],"picked":"Deadly Poison","floor":1},{"not_picked":["Finisher","Dodge and Roll"],"picked":"Well Laid Plans","floor":3},{"not_picked":["Skewer","Endless Agony"],"picked":"All Out Attack","floor":5},{"not_picked":["Underhanded Strike","Cloak And Dagger"],"picked":"Outmaneuver","floor":6},{"not_picked":["PiercingWail","Masterful Stab","Cloak And Dagger"],"picked":"Backflip","floor":8},{"not_picked":["Blade Dance","Underhanded Strike","Riddle With Holes"],"picked":"Bouncing Flask","floor":11},{"not_picked":["Distraction","Deflect","Sucker Punch"],"picked":"Burst","floor":13}],"player_experience":907459,"relics_obtained":[{"floor":6,"key":"Question Card"},{"floor":9,"key":"Kunai"}],"event_choices":[{"damage_healed":0,"gold_gain":0,"player_choice":"Take Damage","damage_taken":17,"relics_obtained":["Golden Idol"],"max_hp_gain":0,"max_hp_loss":0,"event_name":"Golden Idol","floor":4,"gold_loss":0},{"damage_healed":0,"gold_gain":0,"player_choice":"Donut","damage_taken":0,"max_hp_gain":5,"max_hp_loss":0,"event_name":"Big Fish","floor":14,"gold_loss":0}],"is_beta":false,"boss_relics":[],"items_purged_floors":[],"is_endless":false,"potions_floor_spawned":[5,8,11],"killed_by":"Slime Boss","ascension_level":0}