{"gold_per_floor":[109,109,121,121,134,166,166,196,287,34,34,63,73,88,88,192,192,204,49,68,81,180,180,213,213,213,71,90,90,90,104,104,201,251,267,178,178,178],"floor_reached":38,"playtime":3238,"items_purged":[],"score":437,"play_id":"0080399c-4f46-4961-b91a-5cfedbdd8ce6","local_time":"20190602010217","is_ascension_mode":false,"campfire_choices":[{"floor":11,"key":"REST"},{"floor":15,"key":"REST"},{"floor":23,"key":"REST"},{"floor":25,"key":"REST"},{"floor":30,"key":"REST"},{"floor":32,"key":"REST"}],"neow_cost":"NONE","seed_source_timestamp":16651436871013,"circlet_count":0,"master_deck":["Defend_G+1","Defend_G+1","Defend_G+1","Defend_G+1","Defend_G+1","Strike_G+1","Strike_G+1","Strike_G+1","Strike_G+1","Strike_G+1","Survivor","Neutralize","Unload+1","Bane","Dagger Spray","Backstab","Backflip","Crippling Poison+1","Caltrops","Bandage Up","Riddle With Holes","Terror","Dagger Spray","PiercingWail+1","Glass Knife","Backflip+1","Acrobatics+1","Flying Knee","Predator","Choke+1","Dagger Throw","Prepared","Noxious Fumes","Prepared","Bane","Outmaneuver+1","Sucker Punch+1","Tools of the Trade","All Out Attack","Crippling Poison+1","Noxious Fumes","Deadly Poison"],"relics":["Ring of the Snake","Bottled Lightning","Matryoshka","MawBank","Omamori","Gremlin Horn","Vajra","Black Star","War Paint","FossilizedHelix","PreservedInsect","Snake Skull","Tiny House","FaceOfCleric"],"potions_floor_usage":[16,24,24,33],"damage_taken":[{"damage":0,"enemies":"Cultist","floor":1,"turns":4},{"damage":2,"enemies":"Small Slimes","floor":3,"turns":4},{"damage":9,"enemies":"Jaw Worm","floor":5,"turns":5},{"damage":29,"enemies":"Gremlin Nob","floor":6,"turns":5},{"damage":33,"enemies":"Lagavulin","floor":8,"turns":7},{"damage":23,"enemies":"3 Sentries","floor":12,"turns":6},{"damage":0,"enemies":"Exordium Thugs","floor":13,"turns":2},{"damage":0,"enemies":"2 Fungi Beasts","floor":14,"turns":2},{"damage":32,"enemies":"Hexaghost","floor":16,"turns":8},{"damage":3,"enemies":"3 Byrds","floor":18,"turns":3},{"damage":2,"enemies":"Chosen","floor":20,"turns":3},{"damage":15,"enemies":"Snake Plant","floor":21,"turns":4},{"damage":58,"enemies":"Gremlin Leader","floor":24,"turns":5},{"damage":11,"enemies":"Snecko","floor":28,"turns":4},{"damage":1,"enemies":"Chosen and Byrds","floor":31,"turns":4},{"damage":70,"enemies":"Collector","floor":33,"turns":8},{"damage":44,"enemies":"3 Darklings","floor":35,"turns":6}],"seed_played":"6614562568967151311","potions_obtained":[{"floor":1,"key":"AttackPotion"},{"floor":6,"key":"EssenceOfSteel"},{"floor":12,"key":"Energy Potion"},{"floor":14,"key":"Fire Potion"},{"floor":16,"key":"Weak Potion"},{"floor":18,"key":"Ancient Potion"},{"floor":21,"key":"Strength Potion"},{"floor":31,"key":"Explosive Potion"},{"floor":34,"key":"Dexterity Potion"}],"is_trial":false,"path_per_floor":["M","T","M","?","M","E","?","E","T","$","R","E","M","M","R","B",null,"M","$","M","M","?","R","E","R","T","$","M","?","R","M","R","B",null,"M","$","?","M"],"character_chosen":"THE_SILENT","items_purchased":["Crippling Poison","Caltrops","Bandage Up","Riddle With Holes","Acrobatics","Flying Knee","Predator","Noxious Fumes","Prepared","Bane","Noxious Fumes","Deadly Poison"],"campfire_rested":6,"item_purchase_floors":[10,10,10,10,19,19,19,27,27,27,36,36],"current_hp_per_floor":[70,70,68,68,59,30,70,37,37,37,58,39,39,43,64,36,70,67,67,65,50,50,70,12,33,33,33,22,22,43,46,67,1,75,35,35,35,0],"gold":178,"neow_bonus":"ONE_RANDOM_RARE_CARD","is_prod":false,"is_daily":false,"chose_seed":false,"campfire_upgraded":0,"win_rate":0.0,"timestamp":1559455337,"path_taken":["M","?","M","?","M","E","?","E","T","$","R","E","M","M","R","BOSS","M","$","M","M","?","R","E","R","T","$","M","?","R","M","R","BOSS","M","$","?","?"],"build_version":"2019-01-23","purchased_purges":0,"victory":false,"max_hp_per_floor":[70,70,70,70,70,70,70,70,70,70,70,70,70,70,70,70,70,70,70,70,70,70,70,70,70,70,70,70,70,70,70,70,70,75,75,75,75,75],"card_choices":[{"not_picked":["Well Laid Plans","Dagger Throw"],"picked":"Bane","floor":1},{"not_picked":["Well Laid Plans","Dash"],"picked":"Eviscerate","floor":3},{"not_picked":["Deflect","Underhanded Strike"],"picked":"Dagger Spray","floor":5},{"not_picked":["Catalyst","Deflect"],"picked":"Backstab","floor":6},{"not_picked":["Blur","Dash"],"picked":"Backflip","floor":8},{"not_picked":["Slice","Predator"],"picked":"Terror","floor":12},{"not_picked":["Dagger Throw","Outmaneuver"],"picked":"Dagger Spray","floor":13},{"not_picked":["Dodge and Roll","Leg Sweep"],"picked":"PiercingWail","floor":14},{"not_picked":["Burst","Tools of the Trade"],"picked":"Glass Knife","floor":16},{"not_picked":["Slice","Distraction"],"picked":"Backflip+1","floor":18},{"not_picked":["Blur","Predator+1"],"picked":"Choke+1","floor":20},{"not_picked":["Acrobatics","Footwork"],"picked":"Dagger Throw","floor":21},{"not_picked":["Finisher","Malaise"],"picked":"Prepared","floor":24},{"not_picked":["Leg Sweep","Poisoned Stab"],"picked":"Outmaneuver+1","floor":28},{"not_picked":["Tactician","Underhanded Strike"],"picked":"Sucker Punch+1","floor":31},{"not_picked":["Wraith Form v2","Night Terror"],"picked":"Tools of the Trade","floor":33},{"not_picked":["Predator+1","Choke"],"picked":"All Out Attack","floor":34},{"not_picked":["Skewer","Blade Dance"],"picked":"Crippling Poison+1","floor":35}],"player_experience":19587,"relics_obtained":[{"floor":2,"key":"Bottled Lightning"},{"floor":6,"key":"Matryoshka"},{"floor":8,"key":"MawBank"},{"floor":9,"key":"Omamori"},{"floor":9,"key":"Gremlin Horn"},{"floor":12,"key":"Vajra"},{"floor":24,"key":"War Paint"},{"floor":24,"key":"FossilizedHelix"},{"floor":26,"key":"PreservedInsect"},{"floor":26,"key":"Snake Skull"}],"event_choices":[{"damage_healed":0,"gold_gain":0,"player_choice":"Grow","damage_taken":0,"max_hp_gain":0,"max_hp_loss":0,"event_name":"Living Wall","floor":4,"gold_loss":0,"cards_upgraded":["Unload"]},{"cards_removed":["Eviscerate"],"damage_healed":40,"gold_gain":0,"player_choice":"Offered Uncommon","damage_taken":0,"max_hp_gain":0,"max_hp_loss":0,"event_name":"Bonfire Elementals","floor":7,"gold_loss":0},{"damage_healed":0,"gold_gain":99,"player_choice":"Stole From Cult","damage_taken":0,"max_hp_gain":0,"max_hp_loss":0,"event_name":"Nest","floor":22,"gold_loss":0},{"damage_healed":0,"gold_gain":0,"player_choice":"Simplicity","damage_taken":0,"max_hp_gain":0,"max_hp_loss":0,"event_name":"Back to Basics","floor":29,"gold_loss":0,"cards_upgraded":["Defend_G","Defend_G","Defend_G","Defend_G","Defend_G","Strike_G","Strike_G","Strike_G","Strike_G","Strike_G"]},{"damage_healed":0,"gold_gain":0,"player_choice":"Trade","damage_taken":0,"relics_obtained":["FaceOfCleric"],"max_hp_gain":0,"max_hp_loss":0,"event_name":"FaceTrader","floor":37,"gold_loss":0}],"is_beta":false,"boss_relics":[{"not_picked":["Coffee Dripper","Calling Bell"],"picked":"Black Star"},{"not_picked":["Astrolabe","Snecko Eye"],"picked":"Tiny House"}],"items_purged_floors":[],"is_endless":false,"potions_floor_spawned":[1,6,12,14,16,18,20,21,31],"killed_by":"3 Shapes","ascension_level":0}