{"gold_per_floor":[117,128,145,106,106,106,131,143,180,205,217,241,287,316,328,435,447,478,405,430,442,471,508,520,532,544,573,614,639,370,384,384,384],"floor_reached":33,"playtime":1763,"items_purged":["Strike_R"],"score":301,"play_id":"917613e6-67b7-493e-8663-71be5b47d522","local_time":"20181106173453","is_ascension_mode":false,"campfire_choices":[{"data":"Searing Blow","floor":6,"key":"SMITH"},{"floor":8,"key":"REST"},{"floor":15,"key":"REST"},{"floor":25,"key":"REST"},{"floor":32,"key":"REST"}],"neow_cost":"NONE","seed_source_timestamp":327230652975580,"circlet_count":0,"master_deck":["Strike_R","Strike_R","Strike_R+1","Strike_R","Defend_R","Defend_R","Defend_R","Defend_R+1","Bash","Inflame","Pommel Strike","Searing Blow+1","Thunderclap","Shrug It Off","Anger","Flex","Metallicize","Impervious","Heavy Blade","Heavy Blade+1","Body Slam","Iron Wave"],"relics":["Burning Blood","NeowsBlessing","MawBank","Red Skull","Mango","Bag of Preparation","Lizard Tail","Anchor","Enchiridion","Bottled Tornado","Bottled Flame","Magic Flower","Regal Pillow"],"potions_floor_usage":[7,13,14,16,23,23,23,24,24,31,31,33,33],"damage_taken":[{"damage":0,"enemies":"2 Louse","floor":1,"turns":1},{"damage":0,"enemies":"Small Slimes","floor":2,"turns":1},{"damage":0,"enemies":"Jaw Worm","floor":3,"turns":1},{"damage":26,"enemies":"3 Sentries","floor":7,"turns":6},{"damage":17,"enemies":"Exordium Wildlife","floor":10,"turns":5},{"damage":11,"enemies":"Large Slime","floor":12,"turns":6},{"damage":18,"enemies":"Lagavulin","floor":13,"turns":5},{"damage":1,"enemies":"2 Fungi Beasts","floor":14,"turns":2},{"damage":42,"enemies":"The Guardian","floor":16,"turns":9},{"damage":22,"enemies":"Spheric Guardian","floor":18,"turns":6},{"damage":24,"enemies":"2 Thieves","floor":20,"turns":5},{"damage":2,"enemies":"Cultist and Chosen","floor":22,"turns":6},{"damage":36,"enemies":"Gremlin Leader","floor":23,"turns":6},{"damage":0,"enemies":"Shelled Parasite and Fungi","floor":24,"turns":2},{"damage":28,"enemies":"Centurion and Healer","floor":27,"turns":4},{"damage":56,"enemies":"Book of Stabbing","floor":28,"turns":7},{"damage":12,"enemies":"Snake Plant","floor":29,"turns":4},{"damage":22,"enemies":"Shelled Parasite and Fungi","floor":31,"turns":4},{"damage":85,"enemies":"Collector","floor":33,"turns":9}],"seed_played":"8754237642161736480","potions_obtained":[{"floor":1,"key":"Energy Potion"},{"floor":2,"key":"Swift Potion"},{"floor":10,"key":"Explosive Potion"},{"floor":13,"key":"Weak Potion"},{"floor":16,"key":"GamblersBrew"},{"floor":18,"key":"EntropicBrew"},{"floor":23,"key":"SmokeBomb"},{"floor":29,"key":"SneckoOil"},{"floor":31,"key":"Regen Potion"}],"is_trial":false,"path_per_floor":["M","M","M","$","?","R","E","R","T","M","?","M","E","M","R","B",null,"M","?","M","?","M","E","M","R","T","M","E","M","$","M","R","B"],"character_chosen":"IRONCLAD","items_purchased":["Searing Blow","Regal Pillow","PowerPotion"],"campfire_rested":4,"item_purchase_floors":[4,30,30],"current_hp_per_floor":[80,80,80,80,64,64,44,68,68,57,53,48,36,41,69,33,94,78,78,60,44,48,18,24,52,52,30,31,28,28,15,58,0],"gold":384,"neow_bonus":"THREE_ENEMY_KILL","is_prod":false,"is_daily":false,"chose_seed":false,"campfire_upgraded":1,"win_rate":0,"timestamp":1541514893,"path_taken":["M","M","M","$","?","R","E","R","T","M","?","M","E","M","R","BOSS","M","?","M","?","M","E","M","R","T","M","E","M","$","M","R","BOSS"],"build_version":"2018-11-01","purchased_purges":1,"victory":false,"max_hp_per_floor":[80,80,80,80,80,80,80,80,80,80,94,94,94,94,94,94,94,94,94,94,94,94,94,94,94,94,94,94,94,94,94,94,94],"card_choices":[{"not_picked":["Rupture","Sever Soul"],"picked":"Inflame","floor":1},{"not_picked":["Disarm","Whirlwind"],"picked":"Pommel Strike","floor":2},{"not_picked":["Rupture","Dropkick","Evolve"],"picked":"SKIP","floor":3},{"not_picked":["Havoc","Wild Strike"],"picked":"Thunderclap","floor":7},{"not_picked":["Flex","Armaments"],"picked":"Shrug It Off","floor":10},{"not_picked":["Hemokinesis","Infernal Blade"],"picked":"Anger","floor":12},{"not_picked":["Anger","Warcry"],"picked":"Flex","floor":13},{"not_picked":["Flex","Entrench"],"picked":"Metallicize","floor":14},{"not_picked":["Brutality","Exhume"],"picked":"Impervious","floor":16},{"not_picked":["Cleave","Havoc"],"picked":"Heavy Blade","floor":18},{"not_picked":["Perfected Strike","Disarm"],"picked":"Heavy Blade+1","floor":20},{"not_picked":["Perfected Strike+1","Wild Strike"],"picked":"Body Slam","floor":22},{"not_picked":["Warcry","Thunderclap+1","True Grit"],"picked":"SKIP","floor":23},{"not_picked":["Bloodletting+1","Combust","True Grit"],"picked":"SKIP","floor":27},{"not_picked":["Fiend Fire","Demon Form"],"picked":"Iron Wave","floor":28},{"not_picked":["Flex","Warcry","Shockwave"],"picked":"SKIP","floor":29},{"not_picked":["Warcry","True Grit","Carnage+1"],"picked":"SKIP","floor":31}],"player_experience":279235,"relics_obtained":[{"floor":7,"key":"MawBank"},{"floor":9,"key":"Red Skull"},{"floor":13,"key":"Bag of Preparation"},{"floor":21,"key":"Enchiridion"},{"floor":23,"key":"Bottled Tornado"},{"floor":26,"key":"Bottled Flame"},{"floor":28,"key":"Magic Flower"}],"event_choices":[{"damage_healed":0,"gold_gain":0,"player_choice":"Entered Light","damage_taken":16,"max_hp_gain":0,"max_hp_loss":0,"event_name":"Shining Light","floor":5,"gold_loss":0,"cards_upgraded":["Defend_R","Strike_R"]},{"damage_healed":0,"gold_gain":0,"player_choice":"Success","damage_taken":18,"relics_obtained":["Mango"],"max_hp_gain":0,"max_hp_loss":0,"event_name":"Scrap Ooze","floor":11,"gold_loss":0},{"damage_healed":0,"gold_gain":0,"player_choice":"Obtained Relic","damage_taken":0,"relics_obtained":["Anchor"],"max_hp_gain":0,"max_hp_loss":0,"event_name":"Addict","floor":19,"gold_loss":85},{"damage_healed":0,"gold_gain":0,"player_choice":"Obtained Book","damage_taken":16,"max_hp_gain":0,"max_hp_loss":0,"event_name":"Cursed Tome","floor":21,"gold_loss":0}],"is_beta":false,"boss_relics":[{"not_picked":["Runic Cube","Empty Cage"],"picked":"Lizard Tail"}],"items_purged_floors":[30],"is_endless":false,"potions_floor_spawned":[1,2,10,13,16,18,23,29,31],"killed_by":"Collector","ascension_level":0}