{"gold_per_floor":[116,191,201,91,91,134,134,159,211,211,211,223,256,282,294,429,441,474,504,516,169,187,221,234,234,234,32,32,32,32,32,32,32],"floor_reached":33,"playtime":5823,"items_purged":["Strike_B","Defend_B","Strike_B"],"score":313,"play_id":"f1622345-8544-4b7a-b78e-c77aff05f2c7","local_time":"20190602211423","is_ascension_mode":false,"campfire_choices":[{"data":"Zap","floor":7,"key":"SMITH"},{"data":"Redo","floor":10,"key":"SMITH"},{"data":"Self Repair","floor":12,"key":"SMITH"},{"data":"Rip and Tear","floor":15,"key":"SMITH"},{"data":"FTL","floor":25,"key":"SMITH"},{"data":"Defragment","floor":28,"key":"SMITH"},{"data":"Hologram","floor":32,"key":"SMITH"}],"neow_cost":"NONE","seed_source_timestamp":1538146645559300,"circlet_count":0,"master_deck":["Strike_B","Defend_B+1","Defend_B","Zap+1","Dualcast","Ball Lightning","Rip and Tear+1","Self Repair+1","Redo+1","FTL+1","Hologram+1","Coolheaded","Coolheaded+1","Coolheaded","Thunder Strike","Cold Snap","Double Energy+1","FTL+1","Defragment+1","Amplify","BootSequence","Shame"],"relics":["Cracked Core","NeowsBlessing","Golden Idol","Bag of Preparation","Strawberry","MawBank","Orrery","Bottled Flame","Molten Egg 2","Thread and Needle","War Paint"],"potions_floor_usage":[16,23,23,33],"damage_taken":[{"damage":0,"enemies":"Small Slimes","floor":1,"turns":1},{"damage":0,"enemies":"Jaw Worm","floor":3,"turns":1},{"damage":0,"enemies":"Gremlin Nob","floor":6,"turns":1},{"damage":1,"enemies":"Cultist","floor":8,"turns":3},{"damage":0,"enemies":"Large Slime","floor":13,"turns":4},{"damage":26,"enemies":"Exordium Thugs","floor":14,"turns":3},{"damage":15,"enemies":"Hexaghost","floor":16,"turns":7},{"damage":14,"enemies":"Chosen","floor":18,"turns":4},{"damage":22,"enemies":"Shell Parasite","floor":19,"turns":5},{"damage":30,"enemies":"Centurion and Healer","floor":22,"turns":11},{"damage":41,"enemies":"Gremlin Leader","floor":23,"turns":7},{"damage":2,"enemies":"Chosen and Byrds","floor":24,"turns":5},{"damage":54,"enemies":"Champ","floor":33,"turns":12}],"seed_played":"836046333344624654","potions_obtained":[{"floor":1,"key":"LiquidBronze"},{"floor":3,"key":"Strength Potion"},{"floor":14,"key":"PowerPotion"},{"floor":19,"key":"SteroidPotion"},{"floor":24,"key":"LiquidBronze"}],"is_trial":false,"path_per_floor":["M","?","M","$","?","E","R","M","T","R","?","R","M","M","R","B",null,"M","M","?","$","M","E","M","R","T","$","R","$","?","?","R","B"],"character_chosen":"DEFECT","items_purchased":["Self Repair","Bottled Flame","Defragment"],"campfire_rested":0,"item_purchase_floors":[4,21,27],"current_hp_per_floor":[75,64,64,64,46,46,46,52,59,59,41,41,51,35,35,20,82,78,76,92,92,72,41,49,49,49,49,49,49,49,49,49,0],"gold":32,"neow_bonus":"THREE_ENEMY_KILL","is_prod":false,"is_daily":false,"chose_seed":false,"campfire_upgraded":7,"win_rate":0.0,"timestamp":1559524463,"path_taken":["M","?","M","$","?","E","R","M","T","R","?","R","M","M","R","BOSS","M","M","?","$","M","E","M","R","T","$","R","?","?","?","R","BOSS"],"build_version":"2019-01-23","purchased_purges":3,"victory":false,"max_hp_per_floor":[75,75,75,75,75,75,75,75,82,82,82,82,82,82,82,82,82,82,82,92,92,92,92,92,92,92,92,92,92,92,92,92,92],"card_choices":[{"not_picked":["Steam Power","Rebound"],"picked":"Ball Lightning","floor":1},{"not_picked":["Sweeping Beam","Compile Driver"],"picked":"Rip and Tear","floor":3},{"not_picked":["Streamline","Chaos"],"picked":"Redo","floor":6},{"not_picked":["Recycle","Turbo"],"picked":"FTL","floor":8},{"not_picked":["Rip and Tear","Aggregate","Compile Driver"],"picked":"SKIP","floor":13},{"not_picked":["Steam","Stack","Compile Driver"],"picked":"SKIP","floor":14},{"not_picked":["Buffer","Amplify"],"picked":"Echo Form","floor":16},{"not_picked":["Consume","Ball Lightning"],"picked":"Hologram","floor":17},{"not_picked":["Capacitor","Self Repair"],"picked":"Coolheaded","floor":17},{"not_picked":["Double Energy","Gash"],"picked":"Coolheaded","floor":17},{"not_picked":["Stack","Beam Cell"],"picked":"Coolheaded","floor":17},{"not_picked":["Gash","Lockon"],"picked":"Thunder Strike","floor":18},{"not_picked":["Beam Cell","Gash+1"],"picked":"Cold Snap","floor":19},{"not_picked":["Lockon","Coolheaded"],"picked":"Double Energy+1","floor":22},{"not_picked":["Beam Cell+1","Conserve Battery+1"],"picked":"FTL","floor":23},{"not_picked":["Go for the Eyes+1","Aggregate+1","Leap+1"],"picked":"SKIP","floor":24}],"player_experience":1042946,"relics_obtained":[{"floor":6,"key":"Bag of Preparation"},{"floor":9,"key":"Strawberry"},{"floor":23,"key":"Molten Egg 2"},{"floor":26,"key":"Thread and Needle"}],"event_choices":[{"damage_healed":0,"gold_gain":75,"player_choice":"Gather Gold","damage_taken":11,"max_hp_gain":0,"max_hp_loss":0,"event_name":"World of Goop","floor":2,"gold_loss":0},{"damage_healed":0,"gold_gain":0,"player_choice":"Take Damage","damage_taken":18,"relics_obtained":["Golden Idol"],"max_hp_gain":0,"max_hp_loss":0,"event_name":"Golden Idol","floor":5,"gold_loss":0},{"damage_healed":0,"gold_gain":0,"player_choice":"Success","damage_taken":18,"relics_obtained":["MawBank"],"max_hp_gain":0,"max_hp_loss":0,"event_name":"Scrap Ooze","floor":11,"gold_loss":0},{"cards_removed":["Echo Form"],"damage_healed":6,"gold_gain":0,"player_choice":"Offered Rare","damage_taken":0,"max_hp_gain":10,"max_hp_loss":0,"event_name":"Bonfire Elementals","floor":20,"gold_loss":0},{"damage_healed":0,"gold_gain":0,"cards_transformed":["Defend_B","Strike_B"],"player_choice":"Became Test Subject","damage_taken":0,"max_hp_gain":0,"max_hp_loss":0,"event_name":"Drug Dealer","floor":30,"gold_loss":0,"cards_obtained":["Amplify","BootSequence"]},{"damage_healed":0,"gold_gain":0,"player_choice":"Stole Relic","damage_taken":0,"relics_obtained":["War Paint"],"max_hp_gain":0,"max_hp_loss":0,"event_name":"Addict","floor":31,"gold_loss":0,"cards_obtained":["Shame"]}],"is_beta":false,"boss_relics":[{"not_picked":["Runic Pyramid","Inserter"],"picked":"Orrery"}],"items_purged_floors":[4,21,27],"is_endless":false,"potions_floor_spawned":[1,3,14,19,24],"killed_by":"Champ","ascension_level":0}