{"gold_per_floor":[117,192,204,214,214,214,244,257,280,293,304],"floor_reached":11,"playtime":830,"items_purged":[],"score":85,"play_id":"28b5215f-d735-4ecf-8a86-b60a5b195e75","local_time":"20190608151607","is_ascension_mode":true,"campfire_choices":[{"data":"Bash","floor":6,"key":"SMITH"}],"neow_cost":"NONE","seed_source_timestamp":15170746691918,"circlet_count":0,"master_deck":["Strike_R","Strike_R","Strike_R","Strike_R+1","Defend_R","Defend_R","Defend_R","Defend_R","Bash+1","Reckless Charge","Sword Boomerang+1","Feel No Pain","Power Through","True Grit"],"relics":["Burning Blood","Strawberry","Whetstone"],"potions_floor_usage":[10,11],"damage_taken":[{"damage":6,"enemies":"2 Louse","floor":1,"turns":3},{"damage":4,"enemies":"Small Slimes","floor":3,"turns":3},{"damage":1,"enemies":"Cultist","floor":4,"turns":3},{"damage":49,"enemies":"Lagavulin","floor":7,"turns":6},{"damage":5,"enemies":"Red Slaver","floor":8,"turns":5},{"damage":9,"enemies":"Exordium Thugs","floor":10,"turns":5},{"damage":18,"enemies":"Exordium Wildlife","floor":11,"turns":6}],"seed_played":"-4243055193983833226","potions_obtained":[{"floor":7,"key":"Energy Potion"},{"floor":8,"key":"SkillPotion"},{"floor":11,"key":"Fire Potion"}],"is_trial":false,"path_per_floor":["M","?","M","M","?","R","E","M","T","M","M"],"character_chosen":"IRONCLAD","items_purchased":[],"campfire_rested":0,"item_purchase_floors":[],"current_hp_per_floor":[80,69,71,76,76,76,40,41,41,38,26],"gold":304,"neow_bonus":"THREE_CARDS","is_prod":false,"is_daily":false,"chose_seed":false,"campfire_upgraded":1,"win_rate":0,"timestamp":1559996167,"path_taken":["M","?","M","M","?","R","E","M","T","?","M"],"build_version":"2019-01-23","purchased_purges":0,"victory":false,"max_hp_per_floor":[80,80,80,80,80,80,87,87,87,87,87],"card_choices":[{"not_picked":["Pommel Strike","Clothesline"],"picked":"Reckless Charge","floor":0},{"not_picked":["Clothesline","Dual Wield"],"picked":"Sword Boomerang","floor":1},{"not_picked":["Clothesline","Infernal Blade","Twin Strike"],"picked":"SKIP","floor":3},{"not_picked":["Shockwave","Sword Boomerang"],"picked":"Feel No Pain","floor":4},{"not_picked":["Burning Pact","Ghostly Armor"],"picked":"Power Through","floor":7},{"not_picked":["Blood for Blood","Body Slam"],"picked":"True Grit","floor":8},{"not_picked":["Combust","Warcry","Body Slam"],"picked":"SKIP","floor":10}],"player_experience":887483,"relics_obtained":[{"floor":7,"key":"Strawberry"},{"floor":9,"key":"Whetstone"}],"event_choices":[{"damage_healed":0,"gold_gain":75,"player_choice":"Gather Gold","damage_taken":11,"max_hp_gain":0,"max_hp_loss":0,"event_name":"World of Goop","floor":2,"gold_loss":0},{"cards_removed":["Strike_R"],"damage_healed":0,"gold_gain":0,"player_choice":"Offered Basic","damage_taken":0,"max_hp_gain":0,"max_hp_loss":0,"event_name":"Bonfire Elementals","floor":5,"gold_loss":0}],"is_beta":false,"boss_relics":[],"items_purged_floors":[],"is_endless":false,"potions_floor_spawned":[7,8,11],"killed_by":"Exordium Wildlife","ascension_level":2}