{"gold_per_floor":[112,112,127,137,14,24,24,24,24,52,52,71,97,116,116,212,212,229,241,258,80,97,97],"floor_reached":23,"playtime":1891,"items_purged":["Strike_B","Strike_B"],"score":297,"play_id":"c5511ee2-2096-4444-a081-06197a7918c7","local_time":"20190520203455","is_ascension_mode":true,"campfire_choices":[{"data":"Coolheaded","floor":8,"key":"SMITH"},{"data":"Self Repair","floor":11,"key":"SMITH"},{"data":"Storm","floor":15,"key":"SMITH"}],"neow_cost":"TEN_PERCENT_HP_LOSS","seed_source_timestamp":192884216978193,"circlet_count":0,"master_deck":["Strike_B","Defend_B","Defend_B","Defend_B","Defend_B","Zap+1","Dualcast","Swift Strike","Finesse","Self Repair+1","Ball Lightning","Coolheaded+1","Cold Snap","Chill","Storm+1","Auto Shields","Creative AI","Defragment","Rebound+1","Coolheaded","Steam Power","Go for the Eyes"],"relics":["Cracked Core","Shuriken","Ice Cream","Dream Catcher","Sozu"],"potions_floor_usage":[10,12,18],"damage_taken":[{"damage":0,"enemies":"Jaw Worm","floor":1,"turns":4},{"damage":0,"enemies":"Cultist","floor":3,"turns":3},{"damage":0,"enemies":"Small Slimes","floor":4,"turns":2},{"damage":4,"enemies":"Blue Slaver","floor":6,"turns":3},{"damage":14,"enemies":"3 Sentries","floor":10,"turns":7},{"damage":5,"enemies":"Exordium Thugs","floor":12,"turns":4},{"damage":9,"enemies":"Gremlin Nob","floor":13,"turns":3},{"damage":0,"enemies":"Red Slaver","floor":14,"turns":3},{"damage":22,"enemies":"The Guardian","floor":16,"turns":12},{"damage":15,"enemies":"3 Byrds","floor":18,"turns":5},{"damage":13,"enemies":"Spheric Guardian","floor":19,"turns":4},{"damage":30,"enemies":"Snecko","floor":20,"turns":6},{"damage":0,"enemies":"Sentry and Sphere","floor":22,"turns":4},{"damage":58,"enemies":"Gremlin Leader","floor":23,"turns":8}],"seed_played":"-2924286546889623401","potions_obtained":[{"floor":3,"key":"Block Potion"},{"floor":4,"key":"GamblersBrew"},{"floor":10,"key":"Regen Potion"}],"is_trial":false,"path_per_floor":["M","?","M","M","$","M","?","R","T","E","R","M","E","M","R","B",null,"M","M","M","$","M","E"],"character_chosen":"DEFECT","items_purchased":["Coolheaded","Steam Power"],"campfire_rested":0,"item_purchase_floors":[5,21],"current_hp_per_floor":[68,68,68,68,68,68,61,61,61,54,54,68,68,68,68,56,65,60,57,37,37,47,0],"gold":97,"neow_bonus":"RANDOM_COLORLESS_2","is_prod":false,"is_daily":false,"chose_seed":false,"campfire_upgraded":3,"win_rate":0,"timestamp":1558398895,"path_taken":["M","?","M","?","$","M","?","R","T","E","R","M","E","M","R","BOSS","M","M","M","$","M","E"],"build_version":"2019-01-23","purchased_purges":2,"victory":false,"max_hp_per_floor":[68,68,68,68,68,68,68,68,68,68,68,68,68,68,68,68,68,68,68,68,68,68,68],"card_choices":[{"not_picked":["Skim","Loop","Stack"],"picked":"SKIP","floor":1},{"not_picked":["Steam","Go for the Eyes"],"picked":"Self Repair","floor":3},{"not_picked":["Conserve Battery","Force Field"],"picked":"Ball Lightning","floor":4},{"not_picked":["Aggregate","Doom and Gloom"],"picked":"Cold Snap","floor":6},{"not_picked":["Redo","Barrage"],"picked":"Chill","floor":10},{"not_picked":["Conserve Battery","Cold Snap"],"picked":"Storm","floor":12},{"not_picked":["Reprogram","Loop","Recycle"],"picked":"SKIP","floor":13},{"not_picked":["Electrodynamics","Leap"],"picked":"Auto Shields","floor":14},{"not_picked":["Rainbow","All For One"],"picked":"Creative AI","floor":16},{"not_picked":["FTL+1","Rebound+1"],"picked":"Defragment","floor":18},{"not_picked":["Hello World","Redo"],"picked":"Rebound+1","floor":19},{"not_picked":["Redo","Barrage"],"picked":"Coolheaded","floor":20},{"not_picked":["Aggregate","Steam+1"],"picked":"Go for the Eyes","floor":22}],"player_experience":366063,"relics_obtained":[{"floor":9,"key":"Shuriken"},{"floor":10,"key":"Ice Cream"},{"floor":13,"key":"Dream Catcher"}],"event_choices":[{"damage_healed":0,"gold_gain":0,"player_choice":"Upgraded","damage_taken":0,"max_hp_gain":0,"max_hp_loss":0,"event_name":"Upgrade Shrine","floor":2,"gold_loss":0,"cards_upgraded":["Zap"]},{"cards_removed":["Strike_B"],"damage_healed":0,"gold_gain":0,"player_choice":"Card Removal","damage_taken":7,"max_hp_gain":0,"max_hp_loss":0,"event_name":"Golden Wing","floor":7,"gold_loss":0}],"is_beta":false,"boss_relics":[{"not_picked":["Tiny House","Fusion Hammer"],"picked":"Sozu"}],"items_purged_floors":[5,21],"is_endless":false,"potions_floor_spawned":[3,4,10,18,20],"killed_by":"Gremlin Leader","ascension_level":9}