{"gold_per_floor":[117,66,66,66,12,12,40,40,63,81,94,71,100,120,120,225,225,236,253,178,197,216,216,251,251,251,277,297,397,415,415,415,415],"floor_reached":33,"playtime":2438,"items_purged":["Underhanded Strike"],"score":295,"play_id":"06b3c8f9-60e7-4746-a2a8-519e2af55b9d","local_time":"20181019222454","is_ascension_mode":false,"campfire_choices":[{"data":"Backflip","floor":6,"key":"SMITH"},{"floor":15,"key":"REST"},{"floor":23,"key":"REST"},{"floor":25,"key":"REST"},{"floor":32,"key":"REST"}],"neow_cost":"NONE","seed_source_timestamp":292844237439552,"circlet_count":0,"master_deck":["Defend_G","Defend_G","Defend_G","Defend_G","Defend_G","Strike_G","Strike_G","Strike_G","Survivor","Neutralize+1","Dagger Throw+1","Dagger Throw","Backflip+1","Backflip+1","Finisher","Blade Dance","Noxious Fumes","Bane","Dagger Throw","Envenom","Riddle With Holes+1","Dash+1","Leg Sweep+1","Flying Knee","Finisher+1","Glass Knife+1","Endless Agony+1","Flying Knee+1","Deflect"],"relics":["Ring of the Snake","Meat on the Bone","Lantern","Question Card","Black Star","Shuriken","Molten Egg 2","Centennial Puzzle","Pear","Frozen Egg 2","Nunchaku","Mercury Hourglass"],"potions_floor_usage":[21,24,27,27,29,29],"damage_taken":[{"damage":0,"enemies":"Small Slimes","floor":1,"turns":4},{"damage":18,"enemies":"Gremlin Nob","floor":7,"turns":5},{"damage":0,"enemies":"2 Louse","floor":10,"turns":1},{"damage":0,"enemies":"Cultist","floor":11,"turns":1},{"damage":13,"enemies":"3 Sentries","floor":13,"turns":7},{"damage":5,"enemies":"Red Slaver","floor":14,"turns":2},{"damage":20,"enemies":"Slime Boss","floor":16,"turns":9},{"damage":2,"enemies":"Chosen","floor":18,"turns":4},{"damage":26,"enemies":"Spheric Guardian","floor":19,"turns":5},{"damage":14,"enemies":"Centurion and Healer","floor":21,"turns":6},{"damage":13,"enemies":"Snake Plant","floor":22,"turns":6},{"damage":32,"enemies":"Book of Stabbing","floor":24,"turns":7},{"damage":40,"enemies":"Slavers","floor":27,"turns":6},{"damage":22,"enemies":"Sentry and Sphere","floor":28,"turns":5},{"damage":10,"enemies":"Colosseum Slavers","floor":29,"turns":5},{"damage":22,"enemies":"Colosseum Nobs","floor":29,"turns":3},{"damage":0,"enemies":"Snecko","floor":30,"turns":3},{"damage":71,"enemies":"Champ","floor":33,"turns":6}],"seed_played":"5186958071628487629","potions_obtained":[{"floor":10,"key":"SpeedPotion"},{"floor":16,"key":"Dexterity Potion"},{"floor":19,"key":"Explosive Potion"},{"floor":22,"key":"Ancient Potion"},{"floor":24,"key":"SkillPotion"},{"floor":27,"key":"SkillPotion"}],"is_trial":false,"path_per_floor":["M","$","?","?","$","R","E","?","T","M","M","$","E","M","R","B",null,"M","M","$","M","M","R","E","R","T","E","M","?","M","?","R"],"character_chosen":"THE_SILENT","items_purchased":["Backflip","Backflip","Underhanded Strike"],"campfire_rested":4,"item_purchase_floors":[2,5,12],"current_hp_per_floor":[70,70,70,70,70,70,52,38,38,38,38,38,37,44,65,45,70,68,42,42,40,39,60,40,61,61,43,33,25,37,37,61,0],"gold":415,"neow_bonus":"TRANSFORM_CARD","is_prod":false,"is_daily":false,"chose_seed":false,"campfire_upgraded":1,"win_rate":0,"timestamp":1539977094,"path_taken":["M","$","?","?","$","R","E","?","T","M","?","$","E","M","R","BOSS","M","M","$","M","M","R","E","R","T","E","M","?","M","?","R","BOSS"],"build_version":"2018-10-18","purchased_purges":1,"victory":false,"max_hp_per_floor":[70,70,70,70,70,70,70,70,70,70,70,70,70,70,70,70,70,70,70,70,70,70,70,70,70,70,80,80,80,80,80,80,80],"card_choices":[{"not_picked":["Prepared","Escape Plan"],"picked":"Dagger Throw","floor":1},{"not_picked":["Backflip","Slice"],"picked":"Finisher","floor":7},{"not_picked":["Acrobatics","Deadly Poison"],"picked":"Blade Dance","floor":10},{"not_picked":["Cloak And Dagger","Deadly Poison"],"picked":"Noxious Fumes","floor":11},{"not_picked":["Reflex","Deadly Poison"],"picked":"Bane","floor":13},{"not_picked":["Flying Knee","Heel Hook","Dodge and Roll"],"picked":"Dagger Throw","floor":14},{"not_picked":["Bullet Time","Wraith Form v2","Tools of the Trade"],"picked":"Envenom","floor":16},{"not_picked":["All Out Attack","Outmaneuver+1","Blur"],"picked":"Riddle With Holes+1","floor":18},{"not_picked":["Expertise","Slice+1","Prepared"],"picked":"Dash+1","floor":19},{"not_picked":["Terror","Infinite Blades","Dagger Spray"],"picked":"Leg Sweep+1","floor":21},{"not_picked":["Prepared","Accuracy+1","Terror"],"picked":"Flying Knee","floor":22},{"not_picked":["PiercingWail","Flying Knee","Sucker Punch"],"picked":"Finisher+1","floor":24},{"not_picked":["Well Laid Plans","Blade Dance","Phantasmal Killer"],"picked":"Glass Knife+1","floor":27},{"not_picked":["All Out Attack+1","Well Laid Plans+1","Dagger Spray+1"],"picked":"Endless Agony+1","floor":28},{"not_picked":["Masterful Stab+1","Acrobatics","Quick Slash+1"],"picked":"Flying Knee+1","floor":29},{"not_picked":["Backflip","Concentrate","Prepared"],"picked":"Deflect","floor":30}],"player_experience":166880,"relics_obtained":[{"floor":7,"key":"Meat on the Bone"},{"floor":9,"key":"Lantern"},{"floor":13,"key":"Question Card"},{"floor":24,"key":"Shuriken"},{"floor":24,"key":"Molten Egg 2"},{"floor":26,"key":"Centennial Puzzle"},{"floor":27,"key":"Pear"},{"floor":27,"key":"Frozen Egg 2"},{"floor":29,"key":"Nunchaku"},{"floor":29,"key":"Mercury Hourglass"}],"event_choices":[{"damage_healed":0,"gold_gain":0,"player_choice":"Grow","damage_taken":0,"max_hp_gain":0,"max_hp_loss":0,"event_name":"Living Wall","floor":3,"gold_loss":0,"cards_upgraded":["Dagger Throw"]},{"cards_removed":["Strike_G"],"damage_healed":0,"gold_gain":0,"player_choice":"Card Removal","damage_taken":0,"max_hp_gain":0,"max_hp_loss":0,"event_name":"Wheel of Change","floor":4,"gold_loss":0},{"damage_healed":0,"gold_gain":0,"player_choice":"Entered Light","damage_taken":14,"max_hp_gain":0,"max_hp_loss":0,"event_name":"Shining Light","floor":8,"gold_loss":0,"cards_upgraded":["Neutralize","Backflip"]},{"damage_healed":0,"gold_gain":0,"player_choice":"Fight","damage_taken":0,"max_hp_gain":0,"max_hp_loss":0,"event_name":"Colosseum","floor":29,"gold_loss":0},{"damage_healed":0,"gold_gain":0,"player_choice":"Fought Nobs","damage_taken":0,"max_hp_gain":0,"max_hp_loss":0,"event_name":"Colosseum","floor":29,"gold_loss":0},{"damage_healed":0,"gold_gain":0,"player_choice":"Ignored","damage_taken":0,"max_hp_gain":0,"max_hp_loss":0,"event_name":"Ghosts","floor":31,"gold_loss":0}],"is_beta":false,"boss_relics":[{"not_picked":["Coffee Dripper","Velvet Choker"],"picked":"Black Star"}],"items_purged_floors":[20],"is_endless":false,"potions_floor_spawned":[10,16,19,22,24,27],"killed_by":"Champ","ascension_level":0}