{"gold_per_floor":[109,184,201,218,218,218,229,229,254,318,335,435,435,145,145,145],"floor_reached":16,"playtime":645,"items_purged":["Decay"],"score":115,"play_id":"8c0b4404-7971-4346-95b3-bd6079c8d53d","local_time":"20190421111135","is_ascension_mode":true,"campfire_choices":[{"data":"Coolheaded","floor":6,"key":"SMITH"},{"data":"Loop","floor":8,"key":"SMITH"},{"data":"Coolheaded","floor":13,"key":"SMITH"},{"floor":15,"key":"REST"}],"neow_cost":"NONE","seed_source_timestamp":370298154337173,"circlet_count":0,"master_deck":["Strike_B","Strike_B","Strike_B","Strike_B","Defend_B","Defend_B","Defend_B","Defend_B","Zap","Dualcast","Loop+1","Coolheaded+1","Hologram","Coolheaded+1","Compile Driver","Sunder","Master of Strategy"],"relics":["Cracked Core","PreservedInsect","Tiny Chest"],"potions_floor_usage":[10,10,11,16],"damage_taken":[{"damage":0,"enemies":"Small Slimes","floor":1,"turns":3},{"damage":0,"enemies":"2 Louse","floor":3,"turns":1},{"damage":0,"enemies":"Cultist","floor":4,"turns":4},{"damage":17,"enemies":"2 Fungi Beasts","floor":7,"turns":3},{"damage":6,"enemies":"3 Sentries","floor":10,"turns":7},{"damage":14,"enemies":"Exordium Thugs","floor":11,"turns":5},{"damage":60,"enemies":"Slime Boss","floor":16,"turns":12}],"seed_played":"-8975465506719767980","potions_obtained":[{"floor":1,"key":"Strength Potion"},{"floor":3,"key":"Block Potion"},{"floor":7,"key":"Energy Potion"},{"floor":10,"key":"GamblersBrew"}],"is_trial":false,"path_per_floor":["M","?","M","M","?","R","M","R","T","E","M","?","R","$","R","B"],"character_chosen":"DEFECT","items_purchased":["Sunder","Master of Strategy"],"campfire_rested":1,"item_purchase_floors":[14,14],"current_hp_per_floor":[82,71,71,71,71,71,54,54,54,48,34,34,34,34,58,0],"gold":145,"neow_bonus":"TEN_PERCENT_HP_BONUS","is_prod":false,"is_daily":false,"chose_seed":false,"campfire_upgraded":3,"win_rate":0,"timestamp":1555859495,"path_taken":["M","?","M","M","?","R","?","R","T","E","M","?","R","$","R","BOSS"],"build_version":"2019-01-23","purchased_purges":1,"victory":false,"max_hp_per_floor":[82,82,82,82,82,82,82,82,82,82,82,82,82,82,82,82],"card_choices":[{"not_picked":["Undo","Barrage"],"picked":"Loop","floor":1},{"not_picked":["Melter","Reinforced Body","Leap"],"picked":"SKIP","floor":3},{"not_picked":["Cold Snap","Turbo"],"picked":"Coolheaded","floor":4},{"not_picked":["Chaos","Reprogram"],"picked":"Hologram","floor":7},{"not_picked":["Rebound","Fission"],"picked":"Coolheaded","floor":10},{"not_picked":["Cold Snap","Leap"],"picked":"Compile Driver","floor":11}],"player_experience":249676,"relics_obtained":[{"floor":9,"key":"PreservedInsect"},{"floor":10,"key":"Tiny Chest"}],"event_choices":[{"damage_healed":0,"gold_gain":75,"player_choice":"Gather Gold","damage_taken":11,"max_hp_gain":0,"max_hp_loss":0,"event_name":"World of Goop","floor":2,"gold_loss":0},{"damage_healed":0,"gold_gain":0,"player_choice":"Cursed","damage_taken":0,"max_hp_gain":0,"max_hp_loss":0,"event_name":"Wheel of Change","floor":5,"gold_loss":0,"cards_obtained":["Decay"]},{"damage_healed":0,"gold_gain":100,"player_choice":"Pray","damage_taken":0,"max_hp_gain":0,"max_hp_loss":0,"event_name":"Golden Shrine","floor":12,"gold_loss":0}],"is_beta":false,"boss_relics":[],"items_purged_floors":[14],"is_endless":false,"potions_floor_spawned":[1,3,7,10],"killed_by":"Slime Boss","ascension_level":3}