{"gold_per_floor":[110,110,110,127,50,83,83,83,108,119,119,131,145,145,145,249,249,265,180,105,105,121,121,155,166,166,176,0,0,0,19,19,116,116,134,134,134,153,153,170,170,190,216,216,67,86,118,135,135,135],"floor_reached":51,"playtime":3801,"items_purged":["Strike_R"],"score":697,"play_id":"b21b9087-7544-4754-a4b9-7006fe6d4591","local_time":"20190525224537","is_ascension_mode":false,"campfire_choices":[{"data":"Heavy Blade","floor":7,"key":"SMITH"},{"data":"Inflame","floor":11,"key":"SMITH"},{"data":"Cleave","floor":15,"key":"SMITH"},{"data":"Demon Form","floor":23,"key":"SMITH"},{"data":"Metallicize","floor":29,"key":"SMITH"},{"floor":32,"key":"REST"},{"data":"Flex","floor":41,"key":"SMITH"},{"floor":44,"key":"REST"},{"floor":49,"key":"REST"}],"neow_cost":"NONE","seed_source_timestamp":854412232339500,"circlet_count":0,"master_deck":["Strike_R+1","Strike_R+1","Strike_R+1","Defend_R+1","Defend_R+1","Defend_R+1","Defend_R+1","Bash+1","Cleave+1","Inflame+1","Heavy Blade+1","Flex+1","Seeing Red+1","Spot Weakness+1","Demon Form+1","Metallicize+1","Shrug It Off+1","Headbutt+1","Limit Break+1","Seeing Red+1"],"relics":["Black Blood","NeowsBlessing","Kunai","Art of War","Regal Pillow","Velvet Choker","Blue Candle","War Paint","Ancient Tea Set","Juzu Bracelet","Bag of Preparation","Oddly Smooth Stone"],"potions_floor_usage":[22,24,24,27,33,50,50],"damage_taken":[{"damage":0,"enemies":"2 Louse","floor":1,"turns":1},{"damage":0,"enemies":"Small Slimes","floor":4,"turns":1},{"damage":0,"enemies":"Lagavulin","floor":6,"turns":1},{"damage":6,"enemies":"Cultist","floor":10,"turns":3},{"damage":1,"enemies":"Large Slime","floor":12,"turns":5},{"damage":10,"enemies":"Looter","floor":13,"turns":3},{"damage":8,"enemies":"The Guardian","floor":16,"turns":10},{"damage":5,"enemies":"Chosen","floor":18,"turns":4},{"damage":6,"enemies":"Spheric Guardian","floor":22,"turns":4},{"damage":24,"enemies":"Gremlin Leader","floor":24,"turns":6},{"damage":21,"enemies":"Snake Plant","floor":25,"turns":4},{"damage":27,"enemies":"3 Cultists","floor":27,"turns":4},{"damage":7,"enemies":"Centurion and Healer","floor":31,"turns":4},{"damage":68,"enemies":"Champ","floor":33,"turns":7},{"damage":22,"enemies":"3 Darklings","floor":35,"turns":4},{"damage":8,"enemies":"3 Shapes","floor":38,"turns":5},{"damage":27,"enemies":"Spire Growth","floor":40,"turns":5},{"damage":31,"enemies":"Writhing Mass","floor":42,"turns":5},{"damage":17,"enemies":"Jaw Worm Horde","floor":46,"turns":4},{"damage":4,"enemies":"Giant Head","floor":47,"turns":5},{"damage":20,"enemies":"Spire Growth","floor":48,"turns":4},{"damage":80,"enemies":"Awakened One","floor":50,"turns":11}],"seed_played":"1140188003696908901","potions_obtained":[{"floor":12,"key":"GamblersBrew"},{"floor":13,"key":"Swift Potion"},{"floor":16,"key":"Explosive Potion"},{"floor":22,"key":"Swift Potion"},{"floor":24,"key":"BloodPotion"},{"floor":27,"key":"FairyPotion"},{"floor":33,"key":"Poison Potion"},{"floor":35,"key":"Explosive Potion"},{"floor":39,"key":"Dexterity Potion"},{"floor":39,"key":"Dexterity Potion"}],"is_trial":false,"path_per_floor":["M","?","?","M","$","E","R","?","T","M","R","M","M","?","R","B",null,"M","?","$","?","M","R","E","M","T","M","?","R","T","M","R","B",null,"M","?","?","M","?","M","R","M","T","R","$","M","E","M","R","B",null],"character_chosen":"IRONCLAD","items_purchased":["Inflame","Oddly Smooth Stone"],"campfire_rested":3,"item_purchase_floors":[5,45],"current_hp_per_floor":[80,64,69,75,75,81,81,81,81,81,81,85,81,81,81,79,85,85,85,85,85,85,85,67,52,52,39,39,39,39,38,78,16,85,73,73,73,75,75,58,58,37,37,77,77,70,76,66,85,15],"gold":135,"neow_bonus":"THREE_ENEMY_KILL","is_prod":false,"is_daily":false,"chose_seed":false,"campfire_upgraded":6,"win_rate":0,"timestamp":1558838737,"path_taken":["M","?","?","M","$","E","R","?","T","M","R","?","M","?","R","BOSS","M","?","$","?","M","R","E","M","T","M","?","R","?","M","R","BOSS","M","?","?","M","?","M","R","M","T","R","$","M","E","M","R","BOSS"],"build_version":"2019-01-23","purchased_purges":1,"victory":true,"max_hp_per_floor":[80,80,85,85,85,85,85,85,85,85,85,85,85,85,85,85,85,85,85,85,85,85,85,85,85,85,85,85,85,85,85,85,85,85,85,85,85,85,85,85,85,85,85,85,85,85,85,85,85,85],"card_choices":[{"not_picked":["Perfected Strike","Anger"],"picked":"Flex","floor":1},{"not_picked":["Perfected Strike","Iron Wave"],"picked":"Cleave","floor":4},{"not_picked":["Second Wind","Brutality"],"picked":"Heavy Blade","floor":6},{"not_picked":["True Grit","Blood for Blood"],"picked":"Flex","floor":10},{"not_picked":["Battle Trance","Wild Strike"],"picked":"Seeing Red","floor":12},{"not_picked":["Reckless Charge","Carnage"],"picked":"Spot Weakness","floor":13},{"not_picked":["Reaper","Dark Embrace"],"picked":"Demon Form","floor":16},{"not_picked":["True Grit","Heavy Blade"],"picked":"Metallicize","floor":18},{"not_picked":["Perfected Strike","Clothesline"],"picked":"Shrug It Off","floor":22},{"not_picked":["Immolate","Perfected Strike","Iron Wave+1"],"picked":"SKIP","floor":24},{"not_picked":["Perfected Strike","Flame Barrier","Body Slam+1"],"picked":"SKIP","floor":25},{"not_picked":["Blood for Blood","Shrug It Off"],"picked":"Headbutt+1","floor":27},{"not_picked":["Bloodletting+1","Clash","Berserk"],"picked":"SKIP","floor":31},{"not_picked":["Feed","Demon Form"],"picked":"Limit Break","floor":33},{"not_picked":["Headbutt","Clash","Cleave+1"],"picked":"SKIP","floor":35},{"not_picked":["Rupture","Anger+1","Pommel Strike+1"],"picked":"SKIP","floor":38},{"not_picked":["Headbutt","Thunderclap+1","Power Through"],"picked":"SKIP","floor":40},{"not_picked":["Shockwave+1","Cleave","Rage+1"],"picked":"SKIP","floor":42},{"not_picked":["Uppercut+1","Reckless Charge","Hemokinesis"],"picked":"SKIP","floor":46},{"not_picked":["Armaments","Rupture+1","Shockwave"],"picked":"SKIP","floor":47},{"not_picked":["Anger+1","Clothesline"],"picked":"Seeing Red+1","floor":48}],"player_experience":908465,"relics_obtained":[{"floor":6,"key":"Kunai"},{"floor":9,"key":"Regal Pillow"},{"floor":24,"key":"War Paint"},{"floor":26,"key":"Ancient Tea Set"},{"floor":30,"key":"Juzu Bracelet"},{"floor":43,"key":"Bag of Preparation"}],"event_choices":[{"damage_healed":0,"gold_gain":0,"player_choice":"Entered Light","damage_taken":16,"max_hp_gain":0,"max_hp_loss":0,"event_name":"Shining Light","floor":2,"gold_loss":0,"cards_upgraded":["Defend_R","Bash"]},{"damage_healed":0,"gold_gain":0,"player_choice":"Donut","damage_taken":0,"max_hp_gain":5,"max_hp_loss":0,"event_name":"Big Fish","floor":3,"gold_loss":0},{"cards_removed":["Flex"],"damage_healed":0,"gold_gain":0,"player_choice":"Gave Card","damage_taken":0,"relics_obtained":["Art of War"],"max_hp_gain":0,"max_hp_loss":0,"event_name":"WeMeetAgain","floor":8,"gold_loss":0},{"damage_healed":0,"gold_gain":0,"player_choice":"Grow","damage_taken":0,"max_hp_gain":0,"max_hp_loss":0,"event_name":"Living Wall","floor":14,"gold_loss":0,"cards_upgraded":["Spot Weakness"]},{"damage_healed":0,"gold_gain":0,"player_choice":"Obtained Relic","damage_taken":0,"relics_obtained":["Blue Candle"],"max_hp_gain":0,"max_hp_loss":0,"event_name":"Addict","floor":19,"gold_loss":85},{"damage_healed":0,"gold_gain":0,"player_choice":"Simplicity","damage_taken":0,"max_hp_gain":0,"max_hp_loss":0,"event_name":"Back to Basics","floor":21,"gold_loss":0,"cards_upgraded":["Strike_R","Strike_R","Strike_R","Strike_R","Defend_R","Defend_R","Defend_R"]},{"damage_healed":0,"gold_gain":0,"player_choice":"Paid Fearfully","damage_taken":0,"max_hp_gain":0,"max_hp_loss":0,"event_name":"Masked Bandits","floor":28,"gold_loss":176},{"cards_removed":["Strike_R"],"damage_healed":0,"gold_gain":0,"player_choice":"Removed Attack","damage_taken":0,"max_hp_gain":0,"max_hp_loss":0,"event_name":"Falling","floor":36,"gold_loss":0},{"damage_healed":0,"gold_gain":0,"player_choice":"Upgraded","damage_taken":0,"max_hp_gain":0,"max_hp_loss":0,"event_name":"Upgrade Shrine","floor":37,"gold_loss":0,"cards_upgraded":["Limit Break"]},{"damage_healed":0,"gold_gain":0,"player_choice":"Got Potions","damage_taken":0,"max_hp_gain":0,"max_hp_loss":0,"event_name":"Lab","floor":39,"gold_loss":0}],"is_beta":false,"boss_relics":[{"not_picked":["Pandora\u0027s Box","Lizard Tail"],"picked":"Velvet Choker"},{"not_picked":["Fusion Hammer","Runic Dome"],"picked":"Black Blood"}],"items_purged_floors":[20],"is_endless":false,"potions_floor_spawned":[12,13,16,22,24,27,33,35,46,47],"ascension_level":0}