{"gold_per_floor":[111,126,51,64,74,107,107,140,140,157,157,171,171,206,206,206],"floor_reached":16,"playtime":710,"items_purged":[],"score":244,"play_id":"397e03bf-d689-4187-816a-ee0a5fbe86e2","local_time":"20190608131547","is_ascension_mode":true,"campfire_choices":[{"data":"Carnage","floor":7.0,"key":"SMITH"},{"floor":11.0,"key":"REST"},{"data":"Uppercut","floor":13.0,"key":"SMITH"},{"floor":15,"key":"REST"}],"neow_cost":"NONE","seed_source_timestamp":32284714603048,"circlet_count":0,"master_deck":["AscendersBane","Strike_R","Strike_R","Strike_R","Strike_R","Strike_R","Defend_R","Defend_R","Defend_R","Defend_R","Bash","Ghostly Armor","Iron Wave","Uppercut+1","Shockwave","Shockwave","Carnage+1","Juggernaut"],"special_seed":0,"relics":["Burning Blood","Oddly Smooth Stone","Juzu Bracelet","Nunchaku","Unceasing Top","Girya"],"potions_floor_usage":[14,16],"damage_taken":[{"damage":0.0,"enemies":"Cultist","floor":1.0,"turns":4.0},{"damage":1.0,"enemies":"2 Louse","floor":2.0,"turns":4.0},{"damage":7.0,"enemies":"Small Slimes","floor":4.0,"turns":4.0},{"damage":3.0,"enemies":"Blue Slaver","floor":5.0,"turns":4.0},{"damage":50.0,"enemies":"3 Sentries","floor":6.0,"turns":14.0},{"damage":18.0,"enemies":"Lagavulin","floor":8.0,"turns":5.0},{"damage":0.0,"enemies":"Looter","floor":10.0,"turns":3.0},{"damage":19.0,"enemies":"Gremlin Gang","floor":12.0,"turns":6.0},{"damage":29,"enemies":"Gremlin Nob","floor":14,"turns":5},{"damage":38,"enemies":"Slime Boss","floor":16,"turns":9}],"seed_played":"-6678419871777480683","potions_obtained":[{"floor":1.0,"key":"Explosive Potion"},{"floor":4.0,"key":"SpeedPotion"},{"floor":6.0,"key":"Poison Potion"},{"floor":12.0,"key":"LiquidBronze"}],"is_trial":false,"path_per_floor":["M","M","$","M","M","E","R","E","T","M","R","M","R","E","R","B"],"character_chosen":"IRONCLAD","items_purchased":["Uppercut"],"campfire_rested":2,"item_purchase_floors":[3],"current_hp_per_floor":[74,75,75,74,75,31,31,19,19,25,47,34,34,11,33,0],"gold":206,"neow_bonus":"RANDOM_COMMON_RELIC","is_prod":false,"is_daily":false,"chose_seed":false,"campfire_upgraded":2,"win_rate":0,"timestamp":1560014147,"path_taken":["M","?","?","M","M","E","R","E","T","M","R","M","R","E","R","BOSS"],"build_version":"2019-01-23","purchased_purges":0,"victory":false,"max_hp_per_floor":[75,75,75,75,75,75,75,75,75,75,75,75,75,75,75,75],"card_choices":[{"not_picked":["Body Slam","Thunderclap"],"picked":"Ghostly Armor","floor":1.0},{"not_picked":["Reckless Charge","Flex"],"picked":"Iron Wave","floor":2.0},{"not_picked":["Clash","Pommel Strike"],"picked":"Shockwave","floor":4.0},{"not_picked":["Havoc","Clash"],"picked":"Shockwave","floor":5.0},{"not_picked":["Clothesline","Spot Weakness"],"picked":"Carnage","floor":6.0},{"not_picked":["Sword Boomerang","Sever Soul","Dark Embrace"],"picked":"SKIP","floor":8.0},{"not_picked":["Armaments","Fire Breathing","Pommel Strike"],"picked":"SKIP","floor":10.0},{"not_picked":["Warcry","Body Slam","Armaments"],"picked":"SKIP","floor":12.0},{"not_picked":["Sever Soul","Clothesline"],"picked":"Juggernaut","floor":14}],"player_experience":597697,"relics_obtained":[{"floor":6.0,"key":"Juzu Bracelet"},{"floor":8.0,"key":"Nunchaku"},{"floor":9.0,"key":"Unceasing Top"},{"floor":14,"key":"Girya"}],"event_choices":[],"is_beta":false,"boss_relics":[],"items_purged_floors":[],"is_endless":false,"potions_floor_spawned":[1,4,6,12],"killed_by":"Slime Boss","ascension_level":20}