{"gold_per_floor":[112,112,112,23,36,36,61,78,78,111,111,111,127,139,139,215,215,233,249,262,282,9,44,44,44,44,77,97,97,108,158,158,158],"floor_reached":33,"playtime":1031,"items_purged":[],"score":644,"play_id":"cc2fd887-c942-44dc-b9aa-47c0adb527e7","local_time":"20190607205216","is_ascension_mode":true,"campfire_choices":[{"data":"Flex","floor":6,"key":"SMITH"},{"data":"Rage","floor":11,"key":"SMITH"},{"data":"Bash","floor":15,"key":"SMITH"},{"floor":25,"key":"REST"},{"data":"Bloodletting","floor":29,"key":"SMITH"},{"floor":32,"key":"REST"}],"neow_cost":"NONE","seed_source_timestamp":129096036633200,"circlet_count":0,"master_deck":["AscendersBane","Bash+1","Flex+1","Whirlwind","Shrug It Off","Rage+1","Bludgeon","Anger+1","Headbutt+1","Immolate+1","Corruption","Spot Weakness","Searing Blow+1","Bludgeon+1","Bloodletting+1","Carnage+1","Wild Strike+1","Shrug It Off","Sword Boomerang+1","Pommel Strike+1","Dropkick+1","Spot Weakness+1","Impervious","Sword Boomerang+1"],"relics":["Burning Blood","NeowsBlessing","Meat on the Bone","Smiling Mask","Omamori","Molten Egg 2","Pandora\u0027s Box","Shuriken","Darkstone Periapt","Pocketwatch","Blood Vial"],"potions_floor_usage":[16,21,23,33,33],"damage_taken":[{"damage":0,"enemies":"2 Louse","floor":1,"turns":1},{"damage":0,"enemies":"Small Slimes","floor":5,"turns":1},{"damage":0,"enemies":"3 Sentries","floor":7,"turns":2},{"damage":6,"enemies":"Cultist","floor":8,"turns":4},{"damage":62,"enemies":"Gremlin Nob","floor":10,"turns":6},{"damage":6,"enemies":"Looter","floor":13,"turns":3},{"damage":0,"enemies":"Large Slime","floor":14,"turns":2},{"damage":37,"enemies":"Hexaghost","floor":16,"turns":9},{"damage":28,"enemies":"Shell Parasite","floor":18,"turns":4},{"damage":11,"enemies":"Spheric Guardian","floor":19,"turns":3},{"damage":7,"enemies":"3 Cultists","floor":20,"turns":4},{"damage":21,"enemies":"Chosen and Byrds","floor":21,"turns":4},{"damage":39,"enemies":"Book of Stabbing","floor":23,"turns":4},{"damage":28,"enemies":"Gremlin Leader","floor":27,"turns":4},{"damage":30,"enemies":"Shelled Parasite and Fungi","floor":28,"turns":4},{"damage":16,"enemies":"Snake Plant","floor":30,"turns":4},{"damage":68,"enemies":"Automaton","floor":33,"turns":6}],"seed_played":"2014469568141046416","potions_obtained":[{"floor":8,"key":"LiquidBronze"},{"floor":10,"key":"SteroidPotion"},{"floor":13,"key":"FearPotion"},{"floor":16,"key":"Dexterity Potion"},{"floor":21,"key":"Swift Potion"},{"floor":23,"key":"Explosive Potion"}],"is_trial":false,"path_per_floor":["M","?","?","$","M","R","E","M","T","E","R","?","M","M","R","B",null,"M","M","M","M","$","E","?","R","T","E","M","R","M","?","R","B"],"character_chosen":"IRONCLAD","items_purchased":["Whirlwind","Shuriken"],"campfire_rested":2,"item_purchase_floors":[4,22],"current_hp_per_floor":[74,63,63,63,69,69,75,75,75,31,31,31,43,49,49,30,64,54,49,48,45,45,24,24,46,46,36,26,26,30,30,52,0],"gold":158,"neow_bonus":"THREE_ENEMY_KILL","is_prod":false,"is_daily":false,"chose_seed":false,"campfire_upgraded":4,"win_rate":0,"timestamp":1559933536,"path_taken":["M","?","?","$","M","R","E","?","T","E","R","?","M","M","R","BOSS","M","M","M","M","$","E","?","R","T","E","M","R","M","?","R","BOSS"],"build_version":"2019-01-23","purchased_purges":0,"victory":false,"max_hp_per_floor":[75,75,75,75,75,75,75,75,75,75,75,75,75,75,75,75,75,75,75,75,75,75,75,75,75,75,75,75,75,75,75,75,75],"card_choices":[{"not_picked":["Dual Wield","Shockwave"],"picked":"Flex","floor":1},{"not_picked":["True Grit","Entrench"],"picked":"Shrug It Off","floor":5},{"not_picked":["Headbutt","Iron Wave"],"picked":"Rage","floor":7},{"not_picked":["Carnage","Feel No Pain"],"picked":"Bludgeon","floor":8},{"not_picked":["Warcry","Flex"],"picked":"Anger","floor":10},{"not_picked":["Corruption","Second Wind"],"picked":"Headbutt+1","floor":13},{"not_picked":["Heavy Blade+1","Pummel+1","Twin Strike+1"],"picked":"SKIP","floor":14},{"not_picked":["Bludgeon+1","Dark Embrace"],"picked":"Immolate+1","floor":16},{"not_picked":["Ghostly Armor","Searing Blow+1"],"picked":"Sword Boomerang+1","floor":18},{"not_picked":["Corruption","Wild Strike+1"],"picked":"Pommel Strike+1","floor":19},{"not_picked":["Corruption+1","Shockwave"],"picked":"Dropkick+1","floor":20},{"not_picked":["Pummel+1","Rupture"],"picked":"Spot Weakness+1","floor":21},{"not_picked":["Intimidate+1","Clothesline+1","Wild Strike+1"],"picked":"SKIP","floor":23},{"not_picked":["Havoc","Whirlwind+1"],"picked":"Impervious","floor":27},{"not_picked":["Thunderclap+1","Searing Blow+1"],"picked":"Sword Boomerang+1","floor":28},{"not_picked":["Sentinel","Thunderclap+1","Twin Strike+1"],"picked":"SKIP","floor":30}],"player_experience":680866,"relics_obtained":[{"floor":7,"key":"Smiling Mask"},{"floor":9,"key":"Omamori"},{"floor":10,"key":"Molten Egg 2"},{"floor":23,"key":"Darkstone Periapt"},{"floor":26,"key":"Pocketwatch"},{"floor":27,"key":"Blood Vial"}],"event_choices":[{"damage_healed":0,"gold_gain":0,"player_choice":"Success","damage_taken":11,"relics_obtained":["Meat on the Bone"],"max_hp_gain":0,"max_hp_loss":0,"event_name":"Scrap Ooze","floor":2,"gold_loss":0},{"cards_removed":["Strike_R"],"damage_healed":0,"gold_gain":0,"player_choice":"Purged","damage_taken":0,"max_hp_gain":0,"max_hp_loss":0,"event_name":"Purifier","floor":3,"gold_loss":0},{"damage_healed":0,"gold_gain":0,"player_choice":"Ignored","damage_taken":0,"max_hp_gain":0,"max_hp_loss":0,"event_name":"Shining Light","floor":12,"gold_loss":0},{"damage_healed":0,"gold_gain":0,"player_choice":"Smashed Altar","damage_taken":0,"max_hp_gain":0,"max_hp_loss":0,"event_name":"Forgotten Altar","floor":24,"gold_loss":0,"cards_obtained":["Decay"]},{"damage_healed":0,"gold_gain":50,"player_choice":"Stole From Cult","damage_taken":0,"max_hp_gain":0,"max_hp_loss":0,"event_name":"Nest","floor":31,"gold_loss":0}],"is_beta":false,"boss_relics":[{"not_picked":["Empty Cage","Philosopher\u0027s Stone"],"picked":"Pandora\u0027s Box"}],"items_purged_floors":[],"is_endless":false,"potions_floor_spawned":[8,10,13,14,16,18,19,21,23,28],"killed_by":"Automaton","ascension_level":20}