{"gold_per_floor":[119,65,140,151,151,151,181,146,172,200,39,39,51,71,71,143,143,162,0,12,12,12,12],"floor_reached":23,"playtime":1211,"items_purged":["Strike_B"],"score":394,"play_id":"9f91f2bd-5edd-4b9b-86f2-778b7921c50f","local_time":"20190609161014","is_ascension_mode":true,"campfire_choices":[{"data":"Static Discharge","floor":6.0,"key":"SMITH"},{"floor":12.0,"key":"REST"},{"data":"Capacitor","floor":15.0,"key":"SMITH"}],"neow_cost":"NONE","seed_source_timestamp":948116046904493,"circlet_count":0,"master_deck":["AscendersBane","Strike_B","Strike_B","Strike_B","Defend_B","Defend_B","Defend_B","Defend_B+1","Zap","Dualcast","Static Discharge+1","Glacier+1","Sweeping Beam","Reinforced Body+1","Leap","Capacitor+1","Core Surge","Streamline+1"],"special_seed":0,"relics":["Inserter","Bottled Lightning","Bronze Scales","War Paint","Nuclear Battery","Happy Flower"],"potions_floor_usage":[21],"damage_taken":[{"damage":4.0,"enemies":"Small Slimes","floor":1.0,"turns":4.0},{"damage":8.0,"enemies":"2 Louse","floor":4.0,"turns":2.0},{"damage":23.0,"enemies":"3 Sentries","floor":7.0,"turns":9.0},{"damage":21.0,"enemies":"Lagavulin","floor":10.0,"turns":8.0},{"damage":0.0,"enemies":"Jaw Worm","floor":13.0,"turns":6.0},{"damage":12.0,"enemies":"Exordium Thugs","floor":14.0,"turns":5.0},{"damage":18.0,"enemies":"The Guardian","floor":16.0,"turns":10.0},{"damage":18.0,"enemies":"2 Thieves","floor":18.0,"turns":5.0},{"damage":23.0,"enemies":"Spheric Guardian","floor":20.0,"turns":6.0},{"damage":12,"enemies":"Colosseum Slavers","floor":21,"turns":5},{"damage":4,"enemies":"Book of Stabbing","floor":23,"turns":3}],"seed_played":"6518349985718275808","potions_obtained":[{"floor":1.0,"key":"FearPotion"},{"floor":20.0,"key":"Strength Potion"}],"is_trial":false,"path_per_floor":["M","$","?","M","?","R","E","?","T","E","$","R","M","M","R","B",null,"M","$","M","?","?","E"],"character_chosen":"DEFECT","items_purchased":["Strength Potion","FocusPotion","Happy Flower"],"campfire_rested":1,"item_purchase_floors":[2,11,19],"current_hp_per_floor":[60,60,49,41,41,41,18,35,35,14,14,35,35,23,23,5,55,37,37,14,2,2,0],"gold":12,"neow_bonus":"BOSS_RELIC","is_prod":false,"is_daily":false,"chose_seed":false,"campfire_upgraded":2,"win_rate":0,"timestamp":1560121814,"path_taken":["M","$","?","M","?","R","E","?","T","E","?","R","M","M","R","BOSS","M","$","M","?","?","E"],"build_version":"2019-06-07","purchased_purges":1,"victory":false,"max_hp_per_floor":[71,71,71,71,71,71,71,71,71,71,71,71,71,71,71,71,71,71,71,71,71,71,71],"card_choices":[{"not_picked":["Gash","Scrape"],"picked":"Static Discharge","floor":1.0},{"not_picked":["Auto Shields","Redo"],"picked":"Glacier","floor":4.0},{"not_picked":["Leap","Rebound"],"picked":"Sweeping Beam","floor":7.0},{"not_picked":["Skim","White Noise"],"picked":"Reinforced Body","floor":10.0},{"not_picked":["Steam","Redo"],"picked":"Leap","floor":13.0},{"not_picked":["Consume","Leap"],"picked":"Capacitor","floor":14.0},{"not_picked":["Buffer","Seek"],"picked":"Core Surge","floor":16.0},{"not_picked":["Redo","Gash","Stack"],"picked":"SKIP","floor":18.0},{"not_picked":["Capacitor","Turbo"],"picked":"Streamline+1","floor":20.0}],"player_experience":1641121,"relics_obtained":[{"floor":7.0,"key":"Bottled Lightning"},{"floor":9.0,"key":"Bronze Scales"},{"floor":10.0,"key":"War Paint"}],"event_choices":[{"damage_healed":0.0,"max_hp_gain":0.0,"max_hp_loss":0.0,"gold_gain":75.0,"event_name":"World of Goop","player_choice":"Gather Gold","floor":3.0,"gold_loss":0.0,"damage_taken":11.0},{"damage_healed":0.0,"max_hp_gain":0.0,"max_hp_loss":0.0,"gold_gain":0.0,"event_name":"Liars Game","player_choice":"Ignored","floor":5.0,"gold_loss":0.0,"damage_taken":0.0},{"damage_healed":17.0,"max_hp_gain":0.0,"max_hp_loss":0.0,"gold_gain":0.0,"event_name":"The Cleric","player_choice":"Healed","floor":8.0,"gold_loss":35.0,"damage_taken":0.0},{"damage_healed":0,"gold_gain":0,"player_choice":"Fight","damage_taken":0,"max_hp_gain":0,"max_hp_loss":0,"event_name":"Colosseum","floor":21,"gold_loss":0},{"damage_healed":0,"gold_gain":0,"player_choice":"Fled From Nobs","damage_taken":0,"max_hp_gain":0,"max_hp_loss":0,"event_name":"Colosseum","floor":21,"gold_loss":0},{"damage_healed":0,"gold_gain":0,"player_choice":"Forge","damage_taken":0,"max_hp_gain":0,"max_hp_loss":0,"event_name":"Accursed Blacksmith","floor":22,"gold_loss":0,"cards_upgraded":["Reinforced Body"]}],"is_beta":true,"boss_relics":[{"not_picked":["Ectoplasm","Astrolabe"],"picked":"Nuclear Battery"}],"items_purged_floors":[11],"is_endless":false,"potions_floor_spawned":[1,13,14,20,21],"killed_by":"Book of Stabbing","ascension_level":20}