{"gold_per_floor":[111,111,121,134,149,181,195,195,195,215,215,12,12,75,75,170,170,183,233,283,64,130,130,180],"floor_reached":24,"playtime":1468,"items_purged":["Strike_B"],"score":198,"play_id":"df87a997-eed9-432c-9fe7-4a8593ab0203","local_time":"20190530025536","is_ascension_mode":false,"campfire_choices":[{"floor":8,"key":"REST"},{"floor":11,"key":"REST"},{"floor":15,"key":"REST"},{"floor":23,"key":"REST"}],"neow_cost":"NONE","seed_source_timestamp":895258418527300,"circlet_count":0,"master_deck":["Strike_B","Strike_B","Strike_B","Defend_B","Defend_B","Defend_B","Defend_B","Zap","Dualcast","Redo","Zap","Meteor Strike","Buffer","Conserve Battery","Skim","Self Repair","Tempest","Cold Snap","Coolheaded","Loop+1","Reinforced Body","Rainbow","Conserve Battery","Melter","Self Repair+1","Scrape+1"],"relics":["Cracked Core","Vajra","Frozen Egg 2","SsserpentHead","Sozu","Enchiridion","Blood Vial"],"potions_floor_usage":[6,24,24],"damage_taken":[{"damage":7,"enemies":"Small Slimes","floor":1,"turns":4},{"damage":1,"enemies":"Cultist","floor":3,"turns":3},{"damage":5,"enemies":"2 Louse","floor":4,"turns":3},{"damage":21,"enemies":"Exordium Thugs","floor":5,"turns":6},{"damage":38,"enemies":"Lagavulin","floor":6,"turns":7},{"damage":15,"enemies":"2 Fungi Beasts","floor":7,"turns":4},{"damage":2,"enemies":"Blue Slaver","floor":10,"turns":4},{"damage":0,"enemies":"Exordium Wildlife","floor":14,"turns":3},{"damage":26,"enemies":"The Guardian","floor":16,"turns":20},{"damage":7,"enemies":"Shell Parasite","floor":18,"turns":9},{"damage":33,"enemies":"2 Thieves","floor":22,"turns":4},{"damage":29,"enemies":"Colosseum Slavers","floor":24,"turns":5},{"damage":74,"enemies":"Colosseum Nobs","floor":24,"turns":6}],"seed_played":"7916276964604062904","potions_obtained":[{"floor":3,"key":"SpeedPotion"},{"floor":4,"key":"Regen Potion"},{"floor":14,"key":"Block Potion"}],"is_trial":false,"path_per_floor":["M","?","M","M","M","E","M","R","T","M","R","$","?","M","R","B",null,"M","?","?","$","M","R","?"],"character_chosen":"DEFECT","items_purchased":["Coolheaded","Loop+1","Blood Vial","Self Repair+1"],"campfire_rested":4,"item_purchase_floors":[12,12,21,21],"current_hp_per_floor":[75,75,74,69,48,25,17,41,41,46,70,70,70,70,82,63,82,82,82,66,66,42,66,0],"gold":180,"neow_bonus":"TEN_PERCENT_HP_BONUS","is_prod":false,"is_daily":false,"chose_seed":false,"campfire_upgraded":0,"win_rate":0.0,"timestamp":1559199336,"path_taken":["M","?","M","M","M","E","?","R","T","M","R","$","?","?","R","BOSS","M","?","?","$","?","R","?"],"build_version":"2019-01-23","purchased_purges":1,"victory":false,"max_hp_per_floor":[82,82,82,82,82,82,82,82,82,82,82,82,82,82,82,82,82,82,82,82,82,82,82,82],"card_choices":[{"not_picked":["Turbo","Static Discharge"],"picked":"Redo","floor":1},{"not_picked":["Stack","Steam"],"picked":"Buffer","floor":3},{"not_picked":["Hologram","Gash"],"picked":"Conserve Battery","floor":4},{"not_picked":["Heatsinks","Beam Cell"],"picked":"Skim","floor":5},{"not_picked":["Beam Cell","Aggregate"],"picked":"Self Repair","floor":6},{"not_picked":["Turbo","Coolheaded"],"picked":"Tempest","floor":7},{"not_picked":["Barrage","Streamline"],"picked":"Cold Snap","floor":10},{"not_picked":["Ball Lightning","Darkness"],"picked":"Reinforced Body","floor":14},{"not_picked":["Hyperbeam","Seek"],"picked":"Rainbow","floor":16},{"not_picked":["Blizzard+1","Turbo"],"picked":"Conserve Battery","floor":18},{"not_picked":["Streamline","Stack"],"picked":"Scrape+1","floor":22}],"player_experience":51785,"relics_obtained":[{"floor":6,"key":"Vajra"},{"floor":9,"key":"Frozen Egg 2"},{"floor":20,"key":"Enchiridion"}],"event_choices":[{"damage_healed":0,"gold_gain":0,"player_choice":"2 cards matched","damage_taken":0,"max_hp_gain":0,"max_hp_loss":0,"event_name":"Match and Keep!","floor":2,"gold_loss":0,"cards_obtained":["Zap","Meteor Strike"]},{"damage_healed":0,"gold_gain":0,"player_choice":"Trade","damage_taken":0,"relics_obtained":["SsserpentHead"],"max_hp_gain":0,"max_hp_loss":0,"event_name":"FaceTrader","floor":13,"gold_loss":0},{"damage_healed":0,"gold_gain":0,"player_choice":"Read","damage_taken":0,"max_hp_gain":0,"max_hp_loss":0,"event_name":"The Library","floor":19,"gold_loss":0,"cards_obtained":["Melter"]},{"damage_healed":0,"gold_gain":0,"player_choice":"Obtained Book","damage_taken":16,"max_hp_gain":0,"max_hp_loss":0,"event_name":"Cursed Tome","floor":20,"gold_loss":0},{"damage_healed":0,"gold_gain":0,"player_choice":"Fight","damage_taken":0,"max_hp_gain":0,"max_hp_loss":0,"event_name":"Colosseum","floor":24,"gold_loss":0},{"damage_healed":0,"gold_gain":0,"player_choice":"Fought Nobs","damage_taken":0,"max_hp_gain":0,"max_hp_loss":0,"event_name":"Colosseum","floor":24,"gold_loss":0}],"is_beta":false,"boss_relics":[{"not_picked":["Cursed Key","Philosopher\u0027s Stone"],"picked":"Sozu"}],"items_purged_floors":[12],"is_endless":false,"potions_floor_spawned":[3,4,14,22],"killed_by":"Colosseum Nobs","ascension_level":0}