{"gold_per_floor":[115,67,84,49,69,69,69,83,107,107],"floor_reached":10,"playtime":1119,"items_purged":[],"score":116,"play_id":"31b38be2-17b8-4455-b55c-08d97797b31c","local_time":"20190605084307","is_ascension_mode":true,"campfire_choices":[{"data":"Bash","floor":6,"key":"SMITH"}],"neow_cost":"PERCENT_DAMAGE","seed_source_timestamp":1885685651996818,"circlet_count":0,"master_deck":["AscendersBane","Strike_R","Strike_R","Strike_R","Strike_R","Strike_R","Defend_R","Defend_R","Defend_R","Defend_R","Bash+1","Reaper","Cleave","Ghostly Armor","Shrug It Off"],"relics":["Burning Blood","Golden Idol","Pen Nib"],"potions_floor_usage":[8],"damage_taken":[{"damage":3,"enemies":"2 Louse","floor":1,"turns":6},{"damage":14,"enemies":"Jaw Worm","floor":3,"turns":4},{"damage":1,"enemies":"Cultist","floor":5,"turns":4},{"damage":26,"enemies":"Large Slime","floor":8,"turns":8},{"damage":40,"enemies":"Exordium Wildlife","floor":10,"turns":6}],"seed_played":"-6087311766092472057","potions_obtained":[{"floor":1,"key":"PowerPotion"},{"floor":8,"key":"SteroidPotion"}],"is_trial":false,"path_per_floor":["M","?","M","?","M","R","?","M","T","M"],"character_chosen":"IRONCLAD","items_purchased":[],"campfire_rested":0,"item_purchase_floors":[],"current_hp_per_floor":[57,57,53,71,75,75,49,33,33,0],"gold":107,"neow_bonus":"THREE_RARE_CARDS","is_prod":false,"is_daily":false,"chose_seed":false,"campfire_upgraded":1,"win_rate":0,"timestamp":1559738587,"path_taken":["M","?","M","?","M","R","?","M","T","M"],"build_version":"2019-01-23","purchased_purges":0,"victory":false,"max_hp_per_floor":[75,75,75,75,75,75,75,75,75,75],"card_choices":[{"not_picked":["Fiend Fire","Berserk"],"picked":"Reaper","floor":0},{"not_picked":["Sentinel","Twin Strike"],"picked":"Cleave","floor":1},{"not_picked":["Twin Strike","Thunderclap"],"picked":"Ghostly Armor","floor":3},{"not_picked":["Body Slam","Rage"],"picked":"Shrug It Off","floor":5},{"not_picked":["Clash","Thunderclap","Reckless Charge"],"picked":"SKIP","floor":8}],"player_experience":562523,"relics_obtained":[{"floor":9,"key":"Pen Nib"}],"event_choices":[{"damage_healed":0,"gold_gain":0,"player_choice":"Left Gold","damage_taken":0,"max_hp_gain":0,"max_hp_loss":0,"event_name":"World of Goop","floor":2,"gold_loss":48},{"damage_healed":18,"gold_gain":0,"player_choice":"Healed","damage_taken":0,"max_hp_gain":0,"max_hp_loss":0,"event_name":"The Cleric","floor":4,"gold_loss":35},{"damage_healed":0,"gold_gain":0,"player_choice":"Take Damage","damage_taken":26,"relics_obtained":["Golden Idol"],"max_hp_gain":0,"max_hp_loss":0,"event_name":"Golden Idol","floor":7,"gold_loss":0}],"is_beta":false,"boss_relics":[],"items_purged_floors":[],"is_endless":false,"potions_floor_spawned":[1,8],"killed_by":"Exordium Wildlife","ascension_level":20}