{"gold_per_floor":[363,381,456,381,381,410,410,428,498,498,509,520,520,537,537,639,639,639],"floor_reached":18,"playtime":1219,"items_purged":["Strike_R"],"score":162,"play_id":"0bbbc713-9677-42bc-9e87-d4746b226cb3","local_time":"20190521235650","is_ascension_mode":false,"campfire_choices":[{"data":"Uppercut","floor":7,"key":"SMITH"},{"data":"Bash","floor":10,"key":"SMITH"},{"data":"Body Slam","floor":13,"key":"SMITH"},{"data":"Headbutt","floor":15,"key":"SMITH"}],"neow_cost":"TEN_PERCENT_HP_LOSS","seed_source_timestamp":515695115158700,"circlet_count":0,"master_deck":["Strike_R","Strike_R","Strike_R","Defend_R","Defend_R","Defend_R","Defend_R","Bash+1","Shrug It Off","Uppercut+1","Pommel Strike","Headbutt+1","Body Slam+1","Limit Break"],"relics":["Burning Blood","Bronze Scales","Ornamental Fan","Cursed Key"],"potions_floor_usage":[12],"damage_taken":[{"damage":0,"enemies":"Small Slimes","floor":1,"turns":3},{"damage":0,"enemies":"Cultist","floor":2,"turns":3},{"damage":40,"enemies":"Lagavulin","floor":6,"turns":8},{"damage":0,"enemies":"Jaw Worm","floor":8,"turns":4},{"damage":9,"enemies":"Exordium Wildlife","floor":11,"turns":4},{"damage":4,"enemies":"Exordium Thugs","floor":12,"turns":4},{"damage":4,"enemies":"Large Slime","floor":14,"turns":4},{"damage":8,"enemies":"Hexaghost","floor":16,"turns":9},{"damage":80,"enemies":"Chosen","floor":18,"turns":8}],"seed_played":"7702267887101282793","potions_obtained":[{"floor":11,"key":"Fire Potion"},{"floor":14,"key":"Regen Potion"}],"is_trial":false,"path_per_floor":["M","M","?","$","?","E","R","M","T","R","M","M","R","M","R","B",null,"M"],"character_chosen":"IRONCLAD","items_purchased":[],"campfire_rested":0,"item_purchase_floors":[],"current_hp_per_floor":[72,72,61,61,61,27,27,33,33,33,30,32,32,34,34,32,72,0],"gold":639,"neow_bonus":"TWO_FIFTY_GOLD","is_prod":false,"is_daily":false,"chose_seed":false,"campfire_upgraded":4,"win_rate":0,"timestamp":1558497410,"path_taken":["M","M","?","$","?","E","R","M","T","R","?","M","R","M","R","BOSS","M"],"build_version":"2019-01-23","purchased_purges":1,"victory":false,"max_hp_per_floor":[72,72,72,72,72,72,72,72,72,72,72,72,72,72,72,72,72,72],"card_choices":[{"not_picked":["Clash","Rupture"],"picked":"Shrug It Off","floor":1},{"not_picked":["Perfected Strike","Corruption"],"picked":"Uppercut","floor":2},{"not_picked":["Armaments","Thunderclap"],"picked":"Pommel Strike","floor":6},{"not_picked":["Iron Wave","Flex"],"picked":"Headbutt","floor":8},{"not_picked":["Berserk","True Grit","Flex"],"picked":"SKIP","floor":11},{"not_picked":["Warcry","Wild Strike"],"picked":"Body Slam","floor":12},{"not_picked":["Iron Wave","Whirlwind","Reckless Charge"],"picked":"SKIP","floor":14},{"not_picked":["Exhume","Dark Embrace"],"picked":"Limit Break","floor":16}],"player_experience":832426,"relics_obtained":[{"floor":6,"key":"Bronze Scales"},{"floor":9,"key":"Ornamental Fan"}],"event_choices":[{"damage_healed":0,"gold_gain":75,"player_choice":"Gather Gold","damage_taken":11,"max_hp_gain":0,"max_hp_loss":0,"event_name":"World of Goop","floor":3,"gold_loss":0},{"cards_removed":["Strike_R"],"damage_healed":0,"gold_gain":0,"player_choice":"Purged","damage_taken":0,"max_hp_gain":0,"max_hp_loss":0,"event_name":"Purifier","floor":5,"gold_loss":0}],"is_beta":false,"boss_relics":[{"not_picked":["Runic Cube","Black Star"],"picked":"Cursed Key"}],"items_purged_floors":[4],"is_endless":false,"potions_floor_spawned":[11,14],"killed_by":"Chosen","ascension_level":0}