{"gold_per_floor":[112,62,62,78,92,92,104,104,104,104,137,212,212,31,31,151,151,171,202,221,68,68,68,109,109,156,170,184,41,41,66,66,185,185,208,233,249,263,276,276],"floor_reached":40,"playtime":9207,"items_purged":["Strike_G"],"score":433,"play_id":"a8ce020f-59e9-4ba0-8244-8be7602c85ac","local_time":"20190525174816","is_ascension_mode":false,"campfire_choices":[{"data":"Bouncing Flask","floor":6.0,"key":"SMITH"},{"data":"Backflip","floor":10.0,"key":"SMITH"},{"floor":13.0,"key":"REST"},{"data":"Apotheosis","floor":15.0,"key":"SMITH"},{"data":"Catalyst","floor":23.0,"key":"SMITH"},{"floor":25.0,"key":"REST"},{"floor":32.0,"key":"REST"}],"neow_cost":"NONE","seed_source_timestamp":0,"circlet_count":0,"master_deck":["Defend_G","Defend_G","Defend_G+1","Defend_G+1","Defend_G","Strike_G","Strike_G","Survivor","Neutralize+1","Escape Plan","Bouncing Flask+1","Backstab","Backflip+1","Leg Sweep+1","Apotheosis+1","PiercingWail+1","Catalyst+1","Well Laid Plans","Writhe","Skewer+1","Catalyst","Footwork+1","Malaise","Poisoned Stab+1"],"special_seed":0,"relics":["Ring of the Snake","Golden Idol","Molten Egg 2","Ice Cream","Cursed Key","Red Mask","War Paint","Runic Dome"],"potions_floor_usage":[],"damage_taken":[{"damage":0.0,"enemies":"2 Louse","floor":1.0,"turns":3.0},{"damage":2.0,"enemies":"Jaw Worm","floor":4.0,"turns":6.0},{"damage":1.0,"enemies":"Small Slimes","floor":5.0,"turns":3.0},{"damage":0.0,"enemies":"2 Fungi Beasts","floor":7.0,"turns":4.0},{"damage":12.0,"enemies":"Gremlin Nob","floor":11.0,"turns":4.0},{"damage":26.0,"enemies":"Slime Boss","floor":16.0,"turns":14.0},{"damage":0.0,"enemies":"Spheric Guardian","floor":18.0,"turns":3.0},{"damage":10.0,"enemies":"Masked Bandits","floor":19.0,"turns":6.0},{"damage":13.0,"enemies":"2 Thieves","floor":20.0,"turns":4.0},{"damage":26.0,"enemies":"Slavers","floor":24.0,"turns":8.0},{"damage":0.0,"enemies":"Centurion and Healer","floor":27.0,"turns":7.0},{"damage":13.0,"enemies":"Cultist and Chosen","floor":28.0,"turns":6.0},{"damage":0.0,"enemies":"Snecko","floor":31.0,"turns":4.0},{"damage":19.0,"enemies":"Automaton","floor":33.0,"turns":11.0},{"damage":9,"enemies":"3 Darklings","floor":35,"turns":6},{"damage":0,"enemies":"Orb Walker","floor":36,"turns":5},{"damage":7,"enemies":"3 Darklings","floor":37,"turns":13},{"damage":16,"enemies":"Jaw Worm Horde","floor":38,"turns":5},{"damage":0,"enemies":"Writhing Mass","floor":39,"turns":4},{"damage":52,"enemies":"Reptomancer","floor":40,"turns":4}],"seed_played":"3246775186156445426","potions_obtained":[{"floor":5.0,"key":"PowerPotion"},{"floor":7.0,"key":"SpeedPotion"},{"floor":19.0,"key":"PowerPotion"},{"floor":27.0,"key":"Explosive Potion"},{"floor":31.0,"key":"FearPotion"},{"floor":36,"key":"SpeedPotion"},{"floor":39,"key":"AttackPotion"}],"is_trial":false,"path_per_floor":["M","?","?","M","M","R","M","?","T","R","E","?","R","$","R","B",null,"M","?","M","$","?","R","E","R","T","M","M","$","?","M","R","B",null,"M","M","M","M","M","E"],"character_chosen":"THE_SILENT","items_purchased":["Apotheosis","Well Laid Plans","Catalyst","Footwork"],"campfire_rested":3,"item_purchase_floors":[14,21,29,29],"current_hp_per_floor":[70,70,56,54,53,53,53,36,36,36,24,13,34,34,34,8,70,70,60,47,47,47,47,21,42,42,42,29,29,29,29,50,31,70,61,61,54,38,38,0],"gold":276,"neow_bonus":"REMOVE_CARD","is_prod":false,"is_daily":false,"chose_seed":false,"campfire_upgraded":4,"win_rate":0,"timestamp":1558820896,"path_taken":["M","?","?","M","M","R","M","?","T","R","E","?","R","$","R","BOSS","M","?","M","$","?","R","E","R","T","M","M","$","?","M","R","BOSS","M","M","?","M","M","E"],"build_version":"2019-01-23","purchased_purges":1,"victory":false,"max_hp_per_floor":[70,70,70,70,70,70,70,70,70,70,70,70,70,70,70,70,70,70,70,70,70,70,70,70,70,70,70,70,70,70,70,70,70,70,70,70,70,70,70,70],"card_choices":[{"not_picked":["Prepared","Tactician"],"picked":"Escape Plan","floor":1.0},{"not_picked":["Flying Knee","Slice"],"picked":"Bouncing Flask","floor":4.0},{"not_picked":["A Thousand Cuts","Underhanded Strike"],"picked":"Backstab","floor":5.0},{"not_picked":["Skewer","Riddle With Holes"],"picked":"Backflip","floor":7.0},{"not_picked":["Dagger Spray+1","Prepared"],"picked":"Leg Sweep","floor":11.0},{"not_picked":["Finisher+1","Prepared"],"picked":"PiercingWail+1","floor":18.0},{"not_picked":["Cloak And Dagger+1","All Out Attack+1"],"picked":"Catalyst","floor":20.0},{"not_picked":["Slice+1","Doppelganger","Finisher+1"],"picked":"SKIP","floor":24.0},{"not_picked":["PiercingWail","Dagger Throw+1"],"picked":"Skewer+1","floor":27.0},{"not_picked":["Dagger Spray+1","Bouncing Flask","Outmaneuver+1"],"picked":"SKIP","floor":28.0},{"not_picked":["Poisoned Stab+1","Blade Dance+1","Tactician"],"picked":"SKIP","floor":31.0},{"not_picked":["Burst","Bullet Time"],"picked":"Malaise","floor":33.0},{"not_picked":["Leg Sweep+1","Choke+1","Prepared+1"],"picked":"SKIP","floor":35},{"not_picked":["Cloak And Dagger+1","Backflip"],"picked":"Poisoned Stab+1","floor":36},{"not_picked":["Choke+1","Predator+1","Dodge and Roll+1"],"picked":"SKIP","floor":37},{"not_picked":["Prepared","Poisoned Stab+1","Deflect"],"picked":"SKIP","floor":38},{"not_picked":["Venomology","Reflex","Dagger Throw+1"],"picked":"SKIP","floor":39}],"player_experience":504007,"relics_obtained":[{"floor":9.0,"key":"Molten Egg 2"},{"floor":11.0,"key":"Ice Cream"},{"floor":19.0,"key":"Red Mask"},{"floor":24.0,"key":"War Paint"}],"event_choices":[{"cards_removed":["Strike_G"],"damage_healed":0.0,"max_hp_gain":0.0,"max_hp_loss":0.0,"gold_gain":0.0,"event_name":"The Cleric","player_choice":"Card Removal","floor":2.0,"gold_loss":50.0,"damage_taken":0.0},{"damage_healed":0.0,"max_hp_gain":0.0,"max_hp_loss":0.0,"gold_gain":0.0,"event_name":"Shining Light","player_choice":"Entered Light","floor":3.0,"gold_loss":0.0,"damage_taken":14.0,"cards_upgraded":["Defend_G","Neutralize"]},{"damage_healed":0.0,"max_hp_gain":0.0,"max_hp_loss":0.0,"gold_gain":0.0,"event_name":"Golden Idol","player_choice":"Take Damage","floor":8.0,"gold_loss":0.0,"damage_taken":17.0,"relics_obtained":["Golden Idol"]},{"damage_healed":0.0,"max_hp_gain":0.0,"max_hp_loss":0.0,"gold_gain":75.0,"event_name":"World of Goop","player_choice":"Gather Gold","floor":12.0,"gold_loss":0.0,"damage_taken":11.0},{"damage_healed":0.0,"max_hp_gain":0.0,"max_hp_loss":0.0,"gold_gain":0.0,"event_name":"Masked Bandits","player_choice":"Fought Bandits","floor":19.0,"gold_loss":0.0,"damage_taken":0.0},{"damage_healed":0.0,"max_hp_gain":0.0,"max_hp_loss":0.0,"gold_gain":0.0,"event_name":"Accursed Blacksmith","player_choice":"Forge","floor":30.0,"gold_loss":0.0,"damage_taken":0.0,"cards_upgraded":["Footwork"]}],"is_beta":false,"boss_relics":[{"not_picked":["Black Star","Snecko Eye"],"picked":"Cursed Key"},{"not_picked":["HoveringKite","Calling Bell"],"picked":"Runic Dome"}],"items_purged_floors":[21],"is_endless":false,"potions_floor_spawned":[5,7,19,27,31,36,39],"killed_by":"Reptomancer","ascension_level":0}