{"gold_per_floor":[117,128,128,138,138,138,166,27,27,38,38,56,2,2],"floor_reached":14,"playtime":446,"items_purged":["Strike_G"],"score":176,"play_id":"b09e7921-b0e8-4813-9187-ed97730e79d2","local_time":"20190608161920","is_ascension_mode":true,"campfire_choices":[{"data":"Dagger Spray","floor":6.0,"key":"SMITH"},{"data":"Deadly Poison","floor":11.0,"key":"SMITH"}],"neow_cost":"NONE","seed_source_timestamp":43567962734242,"circlet_count":0,"master_deck":["AscendersBane","Defend_G","Defend_G","Defend_G","Defend_G","Defend_G","Strike_G","Strike_G","Strike_G","Strike_G","Survivor","Neutralize","Dagger Spray+1","Deadly Poison+1","Dodge and Roll","Predator","PiercingWail","Cloak And Dagger"],"special_seed":0,"relics":["Ring of the Snake","Smiling Mask"],"potions_floor_usage":[14],"damage_taken":[{"damage":1.0,"enemies":"Small Slimes","floor":1.0,"turns":4.0},{"damage":1.0,"enemies":"Jaw Worm","floor":2.0,"turns":5.0},{"damage":0.0,"enemies":"2 Louse","floor":4.0,"turns":2.0},{"damage":39.0,"enemies":"Lagavulin","floor":7.0,"turns":9.0},{"damage":0.0,"enemies":"Gremlin Gang","floor":10.0,"turns":3.0},{"damage":8.0,"enemies":"Blue Slaver","floor":12.0,"turns":5.0},{"damage":8,"enemies":"Gremlin Nob","floor":14,"turns":3}],"seed_played":"-694671734796882530","potions_obtained":[{"floor":4.0,"key":"Weak Potion"},{"floor":7.0,"key":"Regen Potion"}],"is_trial":false,"path_per_floor":["M","M","?","M","?","R","E","$","T","M","R","M","$","E"],"character_chosen":"THE_SILENT","items_purchased":["Predator","Cloak And Dagger"],"campfire_rested":0,"item_purchase_floors":[8,13],"current_hp_per_floor":[64,63,68,68,68,68,29,29,29,29,29,21,21,22],"gold":2,"neow_bonus":"TEN_PERCENT_HP_BONUS","is_prod":false,"is_daily":false,"chose_seed":false,"campfire_upgraded":2,"win_rate":0,"timestamp":1560025160,"path_taken":["M","M","?","M","?","R","E","$","T","M","R","M","?","E"],"build_version":"2019-01-23","purchased_purges":1,"victory":false,"max_hp_per_floor":[72,72,77,77,77,77,77,77,77,77,77,77,77,77],"card_choices":[{"not_picked":["Finisher","Dagger Throw"],"picked":"Dagger Spray","floor":1.0},{"not_picked":["Blade Dance","Expertise"],"picked":"Deadly Poison","floor":2.0},{"not_picked":["Reflex","Skewer"],"picked":"Dodge and Roll","floor":4.0},{"not_picked":["Storm of Steel","Acrobatics","Deadly Poison"],"picked":"SKIP","floor":7.0},{"not_picked":["Acrobatics","Flying Knee","Prepared"],"picked":"SKIP","floor":10.0},{"not_picked":["Sucker Punch","Well Laid Plans"],"picked":"PiercingWail","floor":12.0}],"player_experience":601917,"relics_obtained":[{"floor":7.0,"key":"Smiling Mask"}],"event_choices":[{"damage_healed":0.0,"max_hp_gain":5.0,"max_hp_loss":0.0,"gold_gain":0.0,"event_name":"Big Fish","player_choice":"Donut","floor":3.0,"gold_loss":0.0,"damage_taken":0.0},{"damage_healed":0.0,"max_hp_gain":0.0,"max_hp_loss":0.0,"gold_gain":0.0,"event_name":"Liars Game","player_choice":"Ignored","floor":5.0,"gold_loss":0.0,"damage_taken":0.0}],"is_beta":false,"boss_relics":[],"items_purged_floors":[8],"is_endless":false,"potions_floor_spawned":[4,7],"killed_by":"Gremlin Nob","ascension_level":19}