{"gold_per_floor":[111,127,145,157,168,193,193,193,216,216,231,206,220,235,235,335,335,351,450,55,67,87,87,87,101,128,148,148,163,163,88,88,192,192,212,267,367,367],"floor_reached":38,"playtime":2652,"items_purged":["Writhe"],"score":380,"play_id":"99a3bd9c-f2f8-4246-9334-4335f319912c","local_time":"20190318221910","is_ascension_mode":false,"campfire_choices":[{"data":"Chaos","floor":8,"key":"SMITH"},{"data":"Genetic Algorithm","floor":10,"key":"SMITH"},{"floor":15,"key":"REST"},{"floor":23,"key":"REST"},{"floor":28,"key":"REST"},{"floor":30,"key":"REST"},{"data":"Heatsinks","floor":32,"key":"SMITH"}],"neow_cost":"NONE","seed_source_timestamp":68074211701111,"circlet_count":0,"master_deck":["Strike_B","Strike_B","Strike_B","Defend_B","Defend_B","Defend_B","Zap","Dualcast","Compile Driver","Glacier","Redo","Genetic Algorithm+1","FTL","Chaos+1","Parasite","Barrage","Blizzard","Aggregate","Seek","Static Discharge+1","Secret Technique","Static Discharge","Loop+1","Heatsinks+1","Ball Lightning","Rainbow","Redo+1","Lockon+1"],"relics":["Empty Cage","PreservedInsect","Pen Nib","Inserter","Bag of Preparation","Juzu Bracelet","Happy Flower","Velvet Choker","StoneCalendar","Calipers"],"potions_floor_usage":[6,16,16,27,33,33,36],"damage_taken":[{"damage":1,"enemies":"2 Louse","floor":1,"turns":4},{"damage":0,"enemies":"Small Slimes","floor":2,"turns":3},{"damage":1,"enemies":"Jaw Worm","floor":3,"turns":5},{"damage":3,"enemies":"Blue Slaver","floor":4,"turns":5},{"damage":11,"enemies":"Exordium Wildlife","floor":5,"turns":9},{"damage":43,"enemies":"Gremlin Nob","floor":6,"turns":7},{"damage":0,"enemies":"2 Fungi Beasts","floor":11,"turns":4},{"damage":14,"enemies":"Lots of Slimes","floor":13,"turns":6},{"damage":0,"enemies":"3 Louse","floor":14,"turns":4},{"damage":34,"enemies":"Hexaghost","floor":16,"turns":12},{"damage":12,"enemies":"Shell Parasite","floor":18,"turns":6},{"damage":13,"enemies":"Spheric Guardian","floor":21,"turns":4},{"damage":28,"enemies":"Snecko","floor":22,"turns":6},{"damage":7,"enemies":"Snake Plant","floor":25,"turns":5},{"damage":22,"enemies":"3 Cultists","floor":27,"turns":4},{"damage":11,"enemies":"Cultist and Chosen","floor":29,"turns":7},{"damage":39,"enemies":"Champ","floor":33,"turns":14},{"damage":13,"enemies":"Orb Walker","floor":35,"turns":4},{"damage":54,"enemies":"2 Orb Walkers","floor":36,"turns":5},{"damage":0,"enemies":"Mind Bloom Boss Battle","floor":37,"turns":7},{"damage":11,"enemies":"3 Darklings","floor":38,"turns":2}],"seed_played":"2046266304809842514","potions_obtained":[{"floor":1,"key":"Regen Potion"},{"floor":4,"key":"Swift Potion"},{"floor":6,"key":"Dexterity Potion"},{"floor":11,"key":"SpeedPotion"},{"floor":21,"key":"Fire Potion"},{"floor":22,"key":"Explosive Potion"},{"floor":27,"key":"Dexterity Potion"},{"floor":35,"key":"SkillPotion"}],"is_trial":false,"path_per_floor":["M","M","M","M","M","E","?","R","T","R","M","?","M","M","R","B",null,"M","?","$","M","M","R","?","M","T","M","R","M","R","$","R","B",null,"M","?","?","M"],"character_chosen":"DEFECT","items_purchased":["Secret Technique","Static Discharge","Bag of Preparation"],"campfire_rested":4,"item_purchase_floors":[20,20,20],"current_hp_per_floor":[74,74,73,70,59,28,46,46,46,46,46,46,32,32,54,20,75,63,63,63,50,22,44,44,37,37,15,37,26,48,48,48,9,75,62,8,8,0],"gold":367,"neow_bonus":"BOSS_RELIC","is_prod":false,"is_daily":false,"chose_seed":false,"campfire_upgraded":3,"win_rate":0,"timestamp":1552961950,"path_taken":["M","M","M","M","M","E","?","R","T","R","M","?","M","M","R","BOSS","M","?","$","M","M","R","?","M","T","M","R","M","R","$","R","BOSS","M","?","?","M"],"build_version":"2019-01-23","purchased_purges":1,"victory":false,"max_hp_per_floor":[75,75,75,75,75,75,75,75,75,75,75,75,75,75,75,75,75,75,75,75,75,75,75,75,75,75,75,75,75,75,75,75,75,75,75,75,75,75],"card_choices":[{"not_picked":["Rip and Tear","Leap"],"picked":"Compile Driver","floor":1},{"not_picked":["Stack","Steam"],"picked":"Glacier","floor":2},{"not_picked":["Leap","Conserve Battery"],"picked":"Redo","floor":3},{"not_picked":["Redo","Multi-Cast"],"picked":"Genetic Algorithm","floor":4},{"not_picked":["Hologram","Steam"],"picked":"FTL","floor":5},{"not_picked":["Turbo","Melter"],"picked":"Chaos","floor":6},{"not_picked":["Fusion","Beam Cell"],"picked":"Barrage","floor":11},{"not_picked":["Steam","Sweeping Beam"],"picked":"Blizzard","floor":13},{"not_picked":["Conserve Battery","Skim"],"picked":"Aggregate","floor":14},{"not_picked":["Meteor Strike","Biased Cognition"],"picked":"Seek","floor":16},{"not_picked":["Stack+1","Turbo"],"picked":"Static Discharge+1","floor":18},{"not_picked":["Rebound","Reinforced Body+1"],"picked":"Loop+1","floor":21},{"not_picked":["Sweeping Beam+1","Hello World"],"picked":"Heatsinks","floor":22},{"not_picked":["Barrage","Compile Driver","Sweeping Beam"],"picked":"SKIP","floor":25},{"not_picked":["Steam+1","Barrage"],"picked":"Ball Lightning","floor":27},{"not_picked":["Sweeping Beam","Auto Shields+1"],"picked":"Rainbow","floor":29},{"not_picked":["Coolheaded","Hologram"],"picked":"Redo+1","floor":35},{"not_picked":["Leap","Beam Cell+1"],"picked":"Lockon+1","floor":37}],"player_experience":47219,"relics_obtained":[{"floor":6,"key":"PreservedInsect"},{"floor":9,"key":"Pen Nib"},{"floor":26,"key":"Happy Flower"},{"floor":36,"key":"StoneCalendar"},{"floor":37,"key":"Calipers"}],"event_choices":[{"damage_healed":18,"gold_gain":0,"player_choice":"Healed and dodged fight","damage_taken":0,"max_hp_gain":0,"max_hp_loss":0,"event_name":"Mushrooms","floor":7,"gold_loss":0,"cards_obtained":["Parasite"]},{"damage_healed":0,"gold_gain":0,"player_choice":"Left Gold","damage_taken":0,"max_hp_gain":0,"max_hp_loss":0,"event_name":"World of Goop","floor":12,"gold_loss":25},{"damage_healed":0,"gold_gain":99,"player_choice":"Stole From Cult","damage_taken":0,"max_hp_gain":0,"max_hp_loss":0,"event_name":"Nest","floor":19,"gold_loss":0},{"damage_healed":0,"gold_gain":0,"player_choice":"Opened","damage_taken":0,"relics_obtained":["Juzu Bracelet"],"max_hp_gain":0,"max_hp_loss":0,"event_name":"The Mausoleum","floor":24,"gold_loss":0,"cards_obtained":["Writhe"]},{"damage_healed":0,"gold_gain":0,"player_choice":"Fight","damage_taken":0,"max_hp_gain":0,"max_hp_loss":0,"event_name":"Mysterious Sphere","floor":36,"gold_loss":0},{"damage_healed":0,"gold_gain":0,"player_choice":"Fight","damage_taken":0,"max_hp_gain":0,"max_hp_loss":0,"event_name":"MindBloom","floor":37,"gold_loss":0}],"is_beta":false,"boss_relics":[{"not_picked":["Runic Pyramid","Orrery"],"picked":"Inserter"},{"not_picked":["White Beast Statue","Eternal Feather"],"picked":"Velvet Choker"}],"items_purged_floors":[31],"is_endless":false,"potions_floor_spawned":[1,4,6,11,21,22,27,35],"killed_by":"3 Darklings","ascension_level":0}