{"gold_per_floor":[116,131,143,143,143,143,156,156,179,179,179,189,199,227,227,332,332,352,271,290,290,310,310,329,329,329,341,368,383,353,363,363,363],"floor_reached":33,"playtime":1563,"items_purged":[],"score":310,"play_id":"27630c47-4473-41bb-9053-10820ff35094","local_time":"20190411212852","is_ascension_mode":true,"campfire_choices":[{"data":"Armaments","floor":6,"key":"SMITH"},{"data":"Fire Breathing","floor":8,"key":"SMITH"},{"floor":10,"key":"RECALL"},{"data":"Bash","floor":15,"key":"SMITH"},{"floor":23,"key":"REST"},{"floor":25,"key":"REST"},{"floor":32,"key":"REST"}],"neow_cost":"CURSE","seed_source_timestamp":39791268909968,"circlet_count":0,"master_deck":["Strike_R","Strike_R","Strike_R","Strike_R","Strike_R","Defend_R","Defend_R","Defend_R","Defend_R","Bash+1","Rampage","Havoc","Armaments+1","Fire Breathing+1","Flex","Reaper","Battle Trance","Reaper","Pommel Strike","Rampage","Armaments+1","Flex","Heavy Blade","Cleave","Blood for Blood","Battle Trance"],"relics":["Burning Blood","Art of War","Mark of Pain","Pantograph","Champion Belt"],"potions_floor_usage":[14,20,20,27,29,29,31,33,33,33,33,33,33],"damage_taken":[{"damage":3,"enemies":"Small Slimes","floor":1,"turns":4},{"damage":6,"enemies":"Cultist","floor":2,"turns":3},{"damage":5,"enemies":"2 Louse","floor":3,"turns":3},{"damage":6,"enemies":"Red Slaver","floor":7,"turns":5},{"damage":5,"enemies":"Looter","floor":12,"turns":5},{"damage":11,"enemies":"Large Slime","floor":13,"turns":5},{"damage":29,"enemies":"Lagavulin","floor":14,"turns":9},{"damage":49,"enemies":"The Guardian","floor":16,"turns":11},{"damage":30,"enemies":"2 Thieves","floor":18,"turns":5},{"damage":33,"enemies":"Shell Parasite","floor":20,"turns":6},{"damage":40,"enemies":"Chosen and Byrds","floor":22,"turns":8},{"damage":33,"enemies":"Snake Plant","floor":24,"turns":5},{"damage":14,"enemies":"Snecko","floor":27,"turns":5},{"damage":58,"enemies":"Slavers","floor":28,"turns":7},{"damage":20,"enemies":"3 Cultists","floor":29,"turns":5},{"damage":32,"enemies":"Centurion and Healer","floor":31,"turns":6},{"damage":99,"enemies":"Automaton","floor":33,"turns":10}],"seed_played":"4521771457122682061","potions_obtained":[{"floor":2,"key":"Weak Potion"},{"floor":11,"key":"BloodPotion"},{"floor":11,"key":"Energy Potion"},{"floor":12,"key":"Swift Potion"},{"floor":16,"key":"GamblersBrew"},{"floor":22,"key":"FearPotion"},{"floor":28,"key":"SpeedPotion"},{"floor":29,"key":"FearPotion"},{"floor":30,"key":"Block Potion"},{"floor":30,"key":"EntropicBrew"},{"floor":31,"key":"LiquidBronze"}],"is_trial":false,"path_per_floor":["M","M","M","?","?","R","M","R","T","R","?","M","M","E","R","B",null,"M","$","M","?","M","R","M","R","T","M","E","M","?","M","R","B"],"character_chosen":"IRONCLAD","items_purchased":["Rampage"],"campfire_rested":3,"item_purchase_floors":[19],"current_hp_per_floor":[96,96,96,96,96,96,96,96,96,96,96,96,91,83,83,40,96,78,78,55,36,11,41,17,47,47,50,21,46,46,28,58,0],"gold":363,"neow_bonus":"TWENTY_PERCENT_HP_BONUS","is_prod":false,"is_daily":false,"chose_seed":false,"campfire_upgraded":3,"win_rate":0,"timestamp":1555032532,"path_taken":["M","M","M","?","?","R","M","R","T","R","?","M","?","E","R","BOSS","M","$","M","?","M","R","M","R","T","M","E","M","?","M","R","BOSS"],"build_version":"2019-01-23","purchased_purges":0,"victory":false,"max_hp_per_floor":[96,96,96,96,96,96,96,96,96,96,96,96,96,96,96,96,96,96,96,96,101,101,101,101,101,101,101,101,101,101,101,101,101],"card_choices":[{"not_picked":["Thunderclap","Heavy Blade"],"picked":"Rampage","floor":1},{"not_picked":["Dual Wield","Warcry"],"picked":"Havoc","floor":2},{"not_picked":["Clothesline","Havoc"],"picked":"Armaments","floor":3},{"not_picked":["Second Wind","Iron Wave"],"picked":"Fire Breathing","floor":7},{"not_picked":["Sword Boomerang","Thunderclap"],"picked":"Flex","floor":12},{"not_picked":["Thunderclap","Searing Blow"],"picked":"Reaper","floor":13},{"not_picked":["Clothesline","Corruption"],"picked":"Battle Trance","floor":14},{"not_picked":["Berserk","Bludgeon"],"picked":"Reaper","floor":16},{"not_picked":["Hemokinesis","Wild Strike+1"],"picked":"Pommel Strike","floor":18},{"not_picked":["Twin Strike","Entrench"],"picked":"Armaments+1","floor":20},{"not_picked":["Clothesline+1","Bloodletting+1"],"picked":"Flex","floor":22},{"not_picked":["Bloodletting+1","Body Slam"],"picked":"Heavy Blade","floor":24},{"not_picked":["Impervious","Flex"],"picked":"Cleave","floor":27},{"not_picked":["Warcry","Sword Boomerang"],"picked":"Blood for Blood","floor":28},{"not_picked":["Twin Strike","Cleave","Rupture+1"],"picked":"SKIP","floor":29},{"not_picked":["Armaments","Pummel"],"picked":"Battle Trance","floor":31}],"player_experience":125430,"relics_obtained":[{"floor":14,"key":"Art of War"},{"floor":26,"key":"Pantograph"},{"floor":28,"key":"Champion Belt"}],"event_choices":[{"damage_healed":0,"gold_gain":0,"player_choice":"Ignored","damage_taken":0,"max_hp_gain":0,"max_hp_loss":0,"event_name":"Liars Game","floor":4,"gold_loss":0},{"cards_removed":["Writhe"],"damage_healed":0,"gold_gain":0,"player_choice":"Forget","damage_taken":0,"max_hp_gain":0,"max_hp_loss":0,"event_name":"Living Wall","floor":5,"gold_loss":0},{"damage_healed":0,"gold_gain":0,"player_choice":"Got Potions","damage_taken":0,"max_hp_gain":0,"max_hp_loss":0,"event_name":"Lab","floor":11,"gold_loss":0},{"damage_healed":0,"gold_gain":0,"player_choice":"Shed Blood","damage_taken":24,"max_hp_gain":5,"max_hp_loss":0,"event_name":"Forgotten Altar","floor":21,"gold_loss":0},{"damage_healed":0,"gold_gain":0,"player_choice":"Bought 2 Potions","damage_taken":0,"max_hp_gain":0,"max_hp_loss":0,"event_name":"The Woman in Blue","floor":30,"gold_loss":0}],"is_beta":false,"boss_relics":[{"not_picked":["Velvet Choker","Calling Bell"],"picked":"Mark of Pain"}],"items_purged_floors":[],"is_endless":false,"potions_floor_spawned":[2,12,16,22,28,29,31],"killed_by":"Automaton","ascension_level":1}