{"gold_per_floor":[109,126,142,158,3,3,28,203,203,213,138,138,138,138,138,267,267,286,310,328,349,349],"floor_reached":22,"playtime":1837,"items_purged":["Doubt"],"score":263,"play_id":"46606c3b-502e-4eea-b8d0-250f564e69b9","local_time":"20190603214206","is_ascension_mode":true,"campfire_choices":[{"data":"Barricade","floor":6.0,"key":"SMITH"},{"data":"Seeing Red","floor":13.0,"key":"SMITH"},{"data":"True Grit","floor":15.0,"key":"SMITH"}],"neow_cost":"PERCENT_DAMAGE","seed_source_timestamp":0,"circlet_count":0,"master_deck":["Strike_R","Strike_R","Strike_R","Strike_R","Strike_R","Defend_R","Defend_R","Defend_R","Defend_R","Bash","Demon Form","Shrug It Off","Seeing Red+1","True Grit+1","Barricade+1","Limit Break","Impervious","Corruption","Burning Pact","Shrug It Off","Heavy Blade"],"special_seed":0,"relics":["Burning Blood","Pocketwatch","Golden Idol","Runic Dome"],"potions_floor_usage":[22],"damage_taken":[{"damage":4.0,"enemies":"Cultist","floor":1.0,"turns":5.0},{"damage":3.0,"enemies":"Jaw Worm","floor":2.0,"turns":7.0},{"damage":4.0,"enemies":"2 Louse","floor":3.0,"turns":3.0},{"damage":8.0,"enemies":"Exordium Wildlife","floor":4.0,"turns":4.0},{"damage":10.0,"enemies":"Lagavulin","floor":7.0,"turns":7.0},{"damage":25.0,"enemies":"Exordium Thugs","floor":10.0,"turns":5.0},{"damage":1.0,"enemies":"The Mushroom Lair","floor":12.0,"turns":4.0},{"damage":15.0,"enemies":"Hexaghost","floor":16.0,"turns":10.0},{"damage":0.0,"enemies":"Spheric Guardian","floor":18.0,"turns":5.0},{"damage":8.0,"enemies":"Shell Parasite","floor":19.0,"turns":6.0},{"damage":61,"enemies":"Shelled Parasite and Fungi","floor":20,"turns":8},{"damage":0,"enemies":"Snecko","floor":21,"turns":5},{"damage":19,"enemies":"Chosen and Byrds","floor":22,"turns":3}],"seed_played":"8583694540150993076","potions_obtained":[{"floor":1.0,"key":"SmokeBomb"},{"floor":2.0,"key":"Swift Potion"},{"floor":4.0,"key":"SteroidPotion"},{"floor":18.0,"key":"Fire Potion"}],"is_trial":false,"path_per_floor":["M","M","M","M","$","R","E","?","T","M","$","?","R","?","R","B",null,"M","M","M","M","M"],"character_chosen":"IRONCLAD","items_purchased":["Limit Break"],"campfire_rested":0,"item_purchase_floors":[5],"current_hp_per_floor":[53,56,58,56,56,56,52,52,52,33,33,38,38,38,38,29,63,69,67,12,18,0],"gold":349,"neow_bonus":"THREE_RARE_CARDS","is_prod":false,"is_daily":false,"chose_seed":false,"campfire_upgraded":3,"win_rate":0,"timestamp":1559612526,"path_taken":["M","M","M","?","$","R","E","?","T","M","$","?","R","?","R","BOSS","M","M","M","M","M"],"build_version":"2019-01-23","purchased_purges":1,"victory":false,"max_hp_per_floor":[80,80,80,80,80,80,80,80,80,80,80,80,80,74,74,74,74,74,74,74,74,74],"card_choices":[{"not_picked":["Dark Embrace","Double Tap"],"picked":"Demon Form","floor":0.0},{"not_picked":["Fire Breathing","Havoc"],"picked":"Shrug It Off","floor":1.0},{"not_picked":["Evolve","Flex"],"picked":"Seeing Red","floor":2.0},{"not_picked":["Whirlwind","Carnage"],"picked":"True Grit","floor":3.0},{"not_picked":["Perfected Strike","True Grit"],"picked":"Barricade","floor":4.0},{"not_picked":["Searing Blow","Clothesline","Pommel Strike"],"picked":"SKIP","floor":7.0},{"not_picked":["Sword Boomerang","Clothesline","Armaments"],"picked":"SKIP","floor":10.0},{"not_picked":["Dark Embrace","Berserk"],"picked":"Impervious","floor":16.0},{"not_picked":["Anger","Cleave"],"picked":"Corruption","floor":18.0},{"not_picked":["Armaments+1","Hemokinesis+1"],"picked":"Burning Pact","floor":19.0},{"not_picked":["Armaments","Sever Soul+1"],"picked":"Shrug It Off","floor":20},{"not_picked":["Clash","Ghostly Armor"],"picked":"Heavy Blade","floor":21}],"player_experience":396989,"relics_obtained":[{"floor":7.0,"key":"Pocketwatch"}],"event_choices":[{"damage_healed":0.0,"max_hp_gain":0.0,"max_hp_loss":0.0,"gold_gain":175.0,"event_name":"Liars Game","player_choice":"AGREE","floor":8.0,"gold_loss":0.0,"damage_taken":0.0,"cards_obtained":["Doubt"]},{"damage_healed":0.0,"max_hp_gain":0.0,"max_hp_loss":0.0,"gold_gain":0.0,"event_name":"Mushrooms","player_choice":"Fought Mushrooms","floor":12.0,"gold_loss":0.0,"damage_taken":0.0},{"damage_healed":0.0,"max_hp_gain":0.0,"max_hp_loss":6.0,"gold_gain":0.0,"event_name":"Golden Idol","player_choice":"Lose Max HP","floor":14.0,"gold_loss":0.0,"damage_taken":0.0,"relics_obtained":["Golden Idol"]}],"is_beta":false,"boss_relics":[{"not_picked":["Sozu","Orrery"],"picked":"Runic Dome"}],"items_purged_floors":[11],"is_endless":false,"potions_floor_spawned":[1,2,4,12,18],"killed_by":"Chosen and Byrds","ascension_level":8}