{"gold_per_floor":[115,115,190,115,115,115,128,128,207,224,224,239,269,269,269,269],"floor_reached":16,"playtime":394,"items_purged":["Strike_R"],"score":196,"play_id":"2cdc9e9f-3a3a-45e1-9873-375ea4e969f2","local_time":"20190522180419","is_ascension_mode":true,"campfire_choices":[{"data":"Bash","floor":6,"key":"SMITH"},{"data":"Heavy Blade","floor":8,"key":"SMITH"},{"data":"Carnage","floor":11,"key":"SMITH"},{"data":"Metallicize","floor":15,"key":"SMITH"}],"neow_cost":"NONE","seed_source_timestamp":1363527342091315,"circlet_count":0,"master_deck":["AscendersBane","Strike_R","Strike_R","Defend_R","Defend_R","Defend_R","Defend_R","Bash+1","Pommel Strike+1","Heavy Blade+1","Carnage+1","True Grit","Metallicize+1"],"relics":["Burning Blood","Meat on the Bone","Strawberry"],"potions_floor_usage":[13,16],"damage_taken":[{"damage":8,"enemies":"Cultist","floor":1,"turns":5},{"damage":7,"enemies":"2 Louse","floor":7,"turns":3},{"damage":7,"enemies":"Jaw Worm","floor":10,"turns":2},{"damage":7,"enemies":"Looter","floor":12,"turns":3},{"damage":20,"enemies":"Lagavulin","floor":13,"turns":3},{"damage":62,"enemies":"Hexaghost","floor":16,"turns":9}],"seed_played":"-5533651011588173689","potions_obtained":[{"floor":7,"key":"Fire Potion"},{"floor":10,"key":"Poison Potion"},{"floor":13,"key":"Block Potion"}],"is_trial":false,"path_per_floor":["M","?","?","$","?","R","M","R","T","M","R","M","E","?","R","B"],"character_chosen":"IRONCLAD","items_purchased":[],"campfire_rested":0,"item_purchase_floors":[],"current_hp_per_floor":[66,66,55,55,55,55,54,54,54,53,53,52,57,57,57,0],"gold":269,"neow_bonus":"REMOVE_CARD","is_prod":false,"is_daily":false,"chose_seed":false,"campfire_upgraded":4,"win_rate":0,"timestamp":1558562659,"path_taken":["M","?","?","?","?","R","M","R","T","M","R","M","E","?","R","BOSS"],"build_version":"2019-01-23","purchased_purges":1,"victory":false,"max_hp_per_floor":[75,75,75,75,75,75,75,75,75,75,75,75,82,82,82,82],"card_choices":[{"not_picked":["Anger","Flex"],"picked":"Pommel Strike","floor":1},{"not_picked":["Blood for Blood","Sword Boomerang"],"picked":"Heavy Blade","floor":7},{"not_picked":["Disarm","Rupture"],"picked":"Carnage","floor":10},{"not_picked":["Anger","Wild Strike"],"picked":"True Grit","floor":12},{"not_picked":["Searing Blow","Shrug It Off"],"picked":"Metallicize","floor":13}],"player_experience":482848,"relics_obtained":[{"floor":9,"key":"Meat on the Bone"},{"floor":13,"key":"Strawberry"}],"event_choices":[{"damage_healed":0,"gold_gain":0,"player_choice":"Ignored","damage_taken":0,"max_hp_gain":0,"max_hp_loss":0,"event_name":"Liars Game","floor":2,"gold_loss":0},{"damage_healed":0,"gold_gain":75,"player_choice":"Gather Gold","damage_taken":11,"max_hp_gain":0,"max_hp_loss":0,"event_name":"World of Goop","floor":3,"gold_loss":0},{"damage_healed":0,"gold_gain":0,"player_choice":"Grow","damage_taken":0,"max_hp_gain":0,"max_hp_loss":0,"event_name":"Living Wall","floor":5,"gold_loss":0,"cards_upgraded":["Pommel Strike"]},{"cards_removed":["Strike_R"],"damage_healed":0,"gold_gain":0,"player_choice":"Offered Basic","damage_taken":0,"max_hp_gain":0,"max_hp_loss":0,"event_name":"Bonfire Elementals","floor":14,"gold_loss":0}],"is_beta":false,"boss_relics":[],"items_purged_floors":[4],"is_endless":false,"potions_floor_spawned":[7,10,13],"killed_by":"Hexaghost","ascension_level":20}