{"gold_per_floor":[116,116,132,11,30,64,64,94,121,139,170,170,42,62,62,62],"floor_reached":16,"playtime":923,"items_purged":["Strike_B","Strike_B"],"score":156,"play_id":"f543807c-fa48-4e84-865b-bc6d229e8c96","local_time":"20190516182835","is_ascension_mode":true,"campfire_choices":[{"data":"Redo","floor":7,"key":"SMITH"},{"floor":15,"key":"REST"}],"neow_cost":"NONE","seed_source_timestamp":97992539443983,"circlet_count":0,"master_deck":["Strike_B","Strike_B","Defend_B","Defend_B","Defend_B","Defend_B","Zap","Dualcast","Redo+1","Steam Power","Beam Cell","Melter","Coolheaded","Chill","Storm","Compile Driver"],"relics":["Cracked Core","Orichalcum","PreservedInsect","Smiling Mask","Bag of Marbles"],"potions_floor_usage":[6,6,10,16],"damage_taken":[{"damage":12,"enemies":"Small Slimes","floor":1,"turns":3},{"damage":1,"enemies":"Cultist","floor":3,"turns":3},{"damage":7,"enemies":"Jaw Worm","floor":5,"turns":3},{"damage":10,"enemies":"3 Sentries","floor":6,"turns":5},{"damage":14,"enemies":"Gremlin Nob","floor":8,"turns":3},{"damage":4,"enemies":"Exordium Thugs","floor":10,"turns":3},{"damage":4,"enemies":"3 Sentries","floor":11,"turns":7},{"damage":4,"enemies":"Large Slime","floor":14,"turns":4},{"damage":45,"enemies":"Hexaghost","floor":16,"turns":9}],"seed_played":"3050145601507334774","potions_obtained":[{"floor":2,"key":"Ancient Potion"},{"floor":2,"key":"SpeedPotion"},{"floor":2,"key":"Fire Potion"},{"floor":3,"key":"FearPotion"},{"floor":5,"key":"AttackPotion"},{"floor":8,"key":"SteroidPotion"}],"is_trial":false,"path_per_floor":["M","?","M","$","M","E","R","E","T","M","E","?","$","M","R","B"],"character_chosen":"DEFECT","items_purchased":["Beam Cell","Storm"],"campfire_rested":1,"item_purchase_floors":[4,13],"current_hp_per_floor":[63,63,62,62,55,45,45,31,31,27,23,23,23,19,43,0],"gold":62,"neow_bonus":"TEN_PERCENT_HP_BONUS","is_prod":false,"is_daily":false,"chose_seed":false,"campfire_upgraded":1,"win_rate":0,"timestamp":1558045715,"path_taken":["M","?","M","$","M","E","R","E","T","?","E","?","$","M","R","BOSS"],"build_version":"2019-01-23","purchased_purges":2,"victory":false,"max_hp_per_floor":[82,82,82,82,82,82,82,82,82,82,82,82,82,82,82,82],"card_choices":[{"not_picked":["Reinforced Body","Auto Shields"],"picked":"Redo","floor":1},{"not_picked":["White Noise","Sweeping Beam"],"picked":"Steam Power","floor":3},{"not_picked":["Force Field","Redo"],"picked":"Melter","floor":5},{"not_picked":["Heatsinks","Scrape","Thunder Strike"],"picked":"SKIP","floor":6},{"not_picked":["Compile Driver","Stack"],"picked":"Coolheaded","floor":8},{"not_picked":["Barrage","Beam Cell"],"picked":"Chill","floor":10},{"not_picked":["Aggregate","Static Discharge","Hologram"],"picked":"SKIP","floor":11},{"not_picked":["Gash","Cold Snap"],"picked":"Compile Driver","floor":14}],"player_experience":326246,"relics_obtained":[{"floor":6,"key":"Orichalcum"},{"floor":8,"key":"PreservedInsect"},{"floor":11,"key":"Smiling Mask"},{"floor":12,"key":"Bag of Marbles"}],"event_choices":[{"damage_healed":0,"gold_gain":0,"player_choice":"Got Potions","damage_taken":0,"max_hp_gain":0,"max_hp_loss":0,"event_name":"Lab","floor":2,"gold_loss":0},{"damage_healed":0,"gold_gain":0,"player_choice":"Relic","damage_taken":0,"max_hp_gain":0,"max_hp_loss":0,"event_name":"Wheel of Change","floor":12,"gold_loss":0}],"is_beta":false,"boss_relics":[],"items_purged_floors":[4,13],"is_endless":false,"potions_floor_spawned":[3,5,8],"killed_by":"Hexaghost","ascension_level":6}