{"gold_per_floor":[16,16,16,32,32,32,49,81,134,148,148,177,187,212,212,283,283,300,300,300,300,12,12,45,57,57,57,69,69,88,88,88,166,166,185,165,185,1184,1184,1184,1213,223,223,234,234,251,251,268,268,268,268,268,268,82,107,107],"floor_reached":56,"playtime":4753,"items_purged":["Strike_B","Strike_B"],"score":2005,"play_id":"8e99579b-fd08-4f53-a19b-bc21b7efbff0","local_time":"20190603205706","is_ascension_mode":true,"campfire_choices":[{"data":"Streamline","floor":6.0,"key":"SMITH"},{"data":"Cold Snap","floor":11.0,"key":"SMITH"},{"data":"Compile Driver","floor":15.0,"key":"SMITH"},{"data":"Leap","floor":23.0,"key":"SMITH"},{"floor":29.0,"key":"REST"},{"data":"Defragment","floor":32.0,"key":"SMITH"},{"floor":40.0,"key":"RECALL"},{"data":"Defragment","floor":45.0,"key":"SMITH"},{"data":"Defragment","floor":47.0,"key":"SMITH"},{"data":"Self Repair","floor":49.0,"key":"SMITH"},{"floor":53.0,"key":"REST"}],"neow_cost":"NO_GOLD","seed_source_timestamp":442604568821156,"circlet_count":0,"master_deck":["AscendersBane","Strike_B","Defend_B+1","Defend_B","Defend_B","Defend_B","Zap+1","Dualcast","Streamline+1","Cold Snap+1","Self Repair+1","Leap+1","Hologram+1","Genetic Algorithm+1","Compile Driver+1","Echo Form","Conserve Battery+1","Hologram+1","Coolheaded+1","Darkness+1","Redo+1","Defragment+1","Seek+1","Conserve Battery+1","Master of Strategy+1","Defragment+1","Defragment+1","Force Field+1","Master of Strategy+1","Turbo+1","Skim+1","Go for the Eyes+1","Steam+1","Go for the Eyes","Redo+1"],"special_seed":0,"relics":["Cracked Core","War Paint","Tiny Chest","Toxic Egg 2","Omamori","Philosopher\u0027s Stone","Regal Pillow","Bronze Scales","Letter Opener","Nilry\u0027s Codex","Sozu","Bottled Tornado","Bird Faced Urn","Anchor","DataDisk","Bag of Marbles"],"potions_floor_usage":[],"damage_taken":[{"damage":3.0,"enemies":"2 Louse","floor":1.0,"turns":3.0},{"damage":0.0,"enemies":"Small Slimes","floor":4.0,"turns":2.0},{"damage":7.0,"enemies":"Jaw Worm","floor":7.0,"turns":4.0},{"damage":5.0,"enemies":"Lagavulin","floor":8.0,"turns":5.0},{"damage":8.0,"enemies":"Exordium Wildlife","floor":10.0,"turns":3.0},{"damage":47.0,"enemies":"Gremlin Nob","floor":12.0,"turns":6.0},{"damage":1.0,"enemies":"Exordium Thugs","floor":13.0,"turns":4.0},{"damage":8.0,"enemies":"3 Sentries","floor":14.0,"turns":5.0},{"damage":24.0,"enemies":"Hexaghost","floor":16.0,"turns":9.0},{"damage":17.0,"enemies":"Spheric Guardian","floor":18.0,"turns":4.0},{"damage":0.0,"enemies":"Shell Parasite","floor":21.0,"turns":1.0},{"damage":40.0,"enemies":"Book of Stabbing","floor":24.0,"turns":6.0},{"damage":6.0,"enemies":"Sentry and Sphere","floor":25.0,"turns":6.0},{"damage":8.0,"enemies":"Snake Plant","floor":28.0,"turns":4.0},{"damage":16.0,"enemies":"3 Cultists","floor":30.0,"turns":4.0},{"damage":24.0,"enemies":"Champ","floor":33.0,"turns":17.0},{"damage":14.0,"enemies":"3 Darklings","floor":35.0,"turns":4.0},{"damage":0.0,"enemies":"Orb Walker","floor":37.0,"turns":6.0},{"damage":6.0,"enemies":"Nemesis","floor":41.0,"turns":9.0},{"damage":0.0,"enemies":"Maw","floor":44.0,"turns":7.0},{"damage":7.0,"enemies":"4 Shapes","floor":46.0,"turns":6.0},{"damage":11.0,"enemies":"Transient","floor":48.0,"turns":6.0},{"damage":0.0,"enemies":"Donu and Deca","floor":50.0,"turns":9.0},{"damage":53.0,"enemies":"Awakened One","floor":51.0,"turns":15.0},{"damage":64.0,"enemies":"Shield and Spear","floor":55.0,"turns":20.0},{"damage":89,"enemies":"The Heart","floor":56,"turns":3}],"seed_played":"2585022371209832078","potions_obtained":[{"floor":1.0,"key":"PowerPotion"},{"floor":12.0,"key":"Explosive Potion"},{"floor":14.0,"key":"PowerPotion"},{"floor":19.0,"key":"SmokeBomb"},{"floor":19.0,"key":"Block Potion"},{"floor":24.0,"key":"PowerPotion"},{"floor":33.0,"key":"Dexterity Potion"}],"is_trial":false,"path_per_floor":["M","?","?","M","$","R","M","E","T","M","R","E","M","E","R","B",null,"M","?","$","M","$","R","E","M","T","?","M","R","M","?","R","B",null,"M","?","M","?","?","R","E","$","T","M","R","M","R","M","R","B","B",null,"R","$","E","B"],"character_chosen":"DEFECT","items_purchased":["Regal Pillow","Fire Potion","Bird Faced Urn","Defragment","Force Field+1","Master of Strategy+1","Anchor","Turbo+1","DataDisk","Go for the Eyes"],"campfire_rested":2,"item_purchase_floors":[22,22,42,42,42,42,42,42,54,54],"current_hp_per_floor":[75,75,75,75,75,75,68,70,70,69,69,29,35,34,34,17,68,58,58,58,58,58,58,25,33,33,12,11,51,35,35,35,18,68,61,61,68,68,68,68,76,76,76,85,85,85,85,81,81,85,63,80,85,85,77,0],"gold":107,"neow_bonus":"TWENTY_PERCENT_HP_BONUS","is_prod":false,"is_daily":false,"chose_seed":false,"campfire_upgraded":8,"win_rate":0,"timestamp":1559620626,"path_taken":["M","?","?","M","?","R","?","E","T","?","R","E","M","E","R","BOSS","M","?","$","?","$","R","E","M","T","?","M","R","M","?","R","BOSS","M","?","?","?","?","R","E","?","T","M","R","?","R","M","R","BOSS","BOSS","R","$","E","BOSS"],"build_version":"2019-06-02","purchased_purges":2,"victory":false,"max_hp_per_floor":[85,85,85,85,85,85,85,85,85,85,85,85,85,85,85,85,85,85,85,85,85,85,85,85,85,85,85,85,85,85,85,85,85,85,85,85,85,85,85,85,85,85,85,85,85,85,85,85,85,85,85,85,85,85,85,85],"card_choices":[{"not_picked":["Storm","Scrape"],"picked":"Streamline","floor":1.0},{"not_picked":["Coolheaded","Hologram"],"picked":"Cold Snap","floor":4.0},{"not_picked":["Steam","Turbo"],"picked":"Self Repair","floor":7.0},{"not_picked":["Gash","Go for the Eyes"],"picked":"Leap","floor":8.0},{"not_picked":["Leap","Steam","Hello World"],"picked":"SKIP","floor":10.0},{"not_picked":["Cold Snap","Streamline"],"picked":"Hologram","floor":12.0},{"not_picked":["Rebound","Buffer"],"picked":"Genetic Algorithm+1","floor":13.0},{"not_picked":["Rip and Tear","Scrape"],"picked":"Compile Driver","floor":14.0},{"not_picked":["Biased Cognition","Meteor Strike"],"picked":"Echo Form","floor":16.0},{"not_picked":["Double Energy+1","Aggregate+1"],"picked":"Conserve Battery+1","floor":18.0},{"not_picked":["Barrage","Redo+1"],"picked":"Hologram+1","floor":24.0},{"not_picked":["Consume+1","Ball Lightning"],"picked":"Coolheaded+1","floor":25.0},{"not_picked":["Turbo+1","Sweeping Beam+1"],"picked":"Darkness+1","floor":28.0},{"not_picked":["Conserve Battery+1","Heatsinks"],"picked":"Redo+1","floor":30.0},{"not_picked":["Reboot+1","Amplify+1"],"picked":"Seek+1","floor":33.0},{"not_picked":["Rebound+1","Hello World+1"],"picked":"Conserve Battery+1","floor":35.0},{"not_picked":["Auto Shields+1","Rebound+1","Recycle+1"],"picked":"SKIP","floor":37.0},{"not_picked":["Panacea+1","Good Instincts+1"],"picked":"Master of Strategy+1","floor":39.0},{"not_picked":["Beam Cell","Go for the Eyes"],"picked":"Defragment","floor":41.0},{"not_picked":["Gash","Leap+1"],"picked":"Skim+1","floor":44.0},{"not_picked":["Self Repair+1","Steam+1"],"picked":"Go for the Eyes+1","floor":46.0},{"not_picked":["Tempest+1","Barrage+1"],"picked":"Steam+1","floor":48.0},{"not_picked":["Beam Cell","Streamline+1"],"picked":"Redo+1","floor":55.0}],"player_experience":1602783,"relics_obtained":[{"floor":8.0,"key":"War Paint"},{"floor":9.0,"key":"Tiny Chest"},{"floor":12.0,"key":"Toxic Egg 2"},{"floor":14.0,"key":"Omamori"},{"floor":24.0,"key":"Bronze Scales"},{"floor":26.0,"key":"Letter Opener"},{"floor":27.0,"key":"Nilry\u0027s Codex"},{"floor":41.0,"key":"Bottled Tornado"},{"floor":55.0,"key":"Bag of Marbles"}],"event_choices":[{"cards_removed":["Strike_B"],"damage_healed":0.0,"max_hp_gain":0.0,"max_hp_loss":0.0,"gold_gain":0.0,"event_name":"Living Wall","player_choice":"Forget","floor":2.0,"gold_loss":0.0,"damage_taken":0.0},{"damage_healed":0.0,"max_hp_gain":0.0,"max_hp_loss":0.0,"gold_gain":0.0,"event_name":"Liars Game","player_choice":"Ignored","floor":3.0,"gold_loss":0.0,"damage_taken":0.0},{"damage_healed":0.0,"max_hp_gain":0.0,"max_hp_loss":0.0,"gold_gain":0.0,"event_name":"Lab","player_choice":"Got Potions","floor":19.0,"gold_loss":0.0,"damage_taken":0.0},{"damage_healed":0.0,"max_hp_gain":0.0,"max_hp_loss":0.0,"gold_gain":0.0,"event_name":"Cursed Tome","player_choice":"Obtained Book","floor":27.0,"gold_loss":0.0,"damage_taken":21.0},{"damage_healed":0.0,"max_hp_gain":0.0,"max_hp_loss":0.0,"gold_gain":0.0,"event_name":"The Library","player_choice":"Read","floor":31.0,"gold_loss":0.0,"damage_taken":0.0,"cards_obtained":["Defragment"]},{"damage_healed":0.0,"max_hp_gain":0.0,"max_hp_loss":0.0,"gold_gain":0.0,"event_name":"The Woman in Blue","player_choice":"Bought 1 Potion","floor":36.0,"gold_loss":0.0,"damage_taken":0.0},{"damage_healed":0.0,"max_hp_gain":0.0,"max_hp_loss":0.0,"gold_gain":999.0,"event_name":"MindBloom","player_choice":"Gold","floor":38.0,"gold_loss":0.0,"damage_taken":0.0,"cards_obtained":["Normality","Normality"]},{"damage_healed":0.0,"max_hp_gain":0.0,"max_hp_loss":0.0,"gold_gain":0.0,"event_name":"SensoryStone","player_choice":"Memory 1","floor":39.0,"gold_loss":0.0,"damage_taken":0.0}],"is_beta":true,"boss_relics":[{"not_picked":["Orrery","Empty Cage"],"picked":"Philosopher\u0027s Stone"},{"not_picked":["Inserter","White Beast Statue"],"picked":"Sozu"}],"items_purged_floors":[22,42],"is_endless":false,"potions_floor_spawned":[1,12,14,21,24,33,44,46],"killed_by":"The Heart","ascension_level":20}