{"gold_per_floor":[219,236,256,28,46,46,58,76,154,154,169,169,197,173,173,271,271,289,289,289,304,319,319,348,358,358,358],"floor_reached":27,"playtime":1695,"items_purged":[],"score":404,"play_id":"9087cf12-1d9c-4f47-bc60-a6f69577176d","local_time":"20190425231134","is_ascension_mode":true,"campfire_choices":[{"data":"Inflame","floor":6,"key":"SMITH"},{"data":"True Grit","floor":10,"key":"SMITH"},{"data":"Metallicize","floor":15,"key":"SMITH"},{"data":"Barricade","floor":23,"key":"SMITH"}],"neow_cost":"NONE","seed_source_timestamp":536132312979955,"circlet_count":0,"master_deck":["AscendersBane","Strike_R","Strike_R","Strike_R","Strike_R","Strike_R","Defend_R","Defend_R","Defend_R+1","Defend_R","Bash","Sword Boomerang","Inflame+1","True Grit+1","Inflame","Clothesline+1","Metallicize+1","Barricade+1","J.A.X.","Ghostly Armor"],"relics":["Burning Blood","Vajra","Singing Bowl","Art of War","Coffee Dripper","Turnip","Ornamental Fan"],"potions_floor_usage":[7,8,16,18,24],"damage_taken":[{"damage":4,"enemies":"2 Louse","floor":1,"turns":3},{"damage":7,"enemies":"Jaw Worm","floor":2,"turns":4},{"damage":7,"enemies":"Small Slimes","floor":3,"turns":4},{"damage":6,"enemies":"Looter","floor":5,"turns":4},{"damage":15,"enemies":"3 Louse","floor":7,"turns":4},{"damage":9,"enemies":"Exordium Wildlife","floor":8,"turns":6},{"damage":12,"enemies":"Blue Slaver","floor":11,"turns":4},{"damage":28,"enemies":"Gremlin Nob","floor":13,"turns":4},{"damage":31,"enemies":"Hexaghost","floor":16,"turns":10},{"damage":7,"enemies":"Chosen","floor":18,"turns":5},{"damage":37,"enemies":"3 Byrds","floor":21,"turns":6},{"damage":10,"enemies":"Centurion and Healer","floor":22,"turns":8},{"damage":49,"enemies":"Book of Stabbing","floor":24,"turns":7},{"damage":6,"enemies":"Snake Plant","floor":25,"turns":5},{"damage":19,"enemies":"Colosseum Slavers","floor":27,"turns":1}],"seed_played":"5960587595871510050","potions_obtained":[{"floor":2,"key":"Regen Potion"},{"floor":3,"key":"PowerPotion"},{"floor":5,"key":"Fruit Juice"},{"floor":7,"key":"Regen Potion"},{"floor":16,"key":"GamblersBrew"},{"floor":21,"key":"SkillPotion"}],"is_trial":false,"path_per_floor":["M","M","M","$","M","R","M","M","T","R","M","?","E","?","R","B",null,"M","?","?","M","M","R","E","M","T","?"],"character_chosen":"IRONCLAD","items_purchased":["Vajra","Inflame"],"campfire_rested":0,"item_purchase_floors":[4,4],"current_hp_per_floor":[74,73,72,72,72,72,68,79,79,79,75,58,36,36,36,11,68,69,89,89,60,56,56,15,17,17,0],"gold":358,"neow_bonus":"HUNDRED_GOLD","is_prod":false,"is_daily":false,"chose_seed":false,"campfire_upgraded":4,"win_rate":0,"timestamp":1556248294,"path_taken":["M","M","M","$","M","R","M","M","T","R","M","?","E","?","R","BOSS","M","?","?","M","M","R","E","M","T","?"],"build_version":"2019-01-23","purchased_purges":0,"victory":false,"max_hp_per_floor":[80,80,80,80,80,80,85,85,85,85,87,87,87,87,87,87,87,89,89,89,91,91,91,93,95,95,95],"card_choices":[{"not_picked":["Body Slam","Combust"],"picked":"Sword Boomerang","floor":1},{"not_picked":["Bloodletting","Thunderclap"],"picked":"Inflame","floor":2},{"not_picked":["Perfected Strike","Iron Wave"],"picked":"True Grit","floor":3},{"not_picked":["Blood for Blood","Dropkick","Sword Boomerang"],"picked":"SKIP","floor":5},{"not_picked":["Double Tap","Warcry"],"picked":"Clothesline","floor":7},{"not_picked":["Iron Wave","Body Slam","Thunderclap"],"picked":"SKIP","floor":8},{"not_picked":["Warcry","Second Wind","Corruption"],"picked":"Singing Bowl","floor":11},{"not_picked":["Fire Breathing","Corruption"],"picked":"Metallicize","floor":13},{"not_picked":["Juggernaut","Fiend Fire"],"picked":"Barricade","floor":16},{"not_picked":["Heavy Blade","Thunderclap","Flex"],"picked":"Singing Bowl","floor":18},{"not_picked":["Corruption","Thunderclap","Second Wind"],"picked":"Singing Bowl","floor":21},{"not_picked":["Second Wind","Fire Breathing+1"],"picked":"Ghostly Armor","floor":22},{"not_picked":["Hemokinesis","Havoc+1","Fire Breathing"],"picked":"Singing Bowl","floor":24},{"not_picked":["Clash","Iron Wave+1","Twin Strike"],"picked":"Singing Bowl","floor":25}],"player_experience":309271,"relics_obtained":[{"floor":9,"key":"Singing Bowl"},{"floor":13,"key":"Art of War"},{"floor":24,"key":"Turnip"},{"floor":26,"key":"Ornamental Fan"}],"event_choices":[{"damage_healed":0,"gold_gain":0,"player_choice":"Entered Light","damage_taken":17,"max_hp_gain":0,"max_hp_loss":0,"event_name":"Shining Light","floor":12,"gold_loss":0,"cards_upgraded":["Clothesline","Defend_R"]},{"damage_healed":0,"gold_gain":0,"player_choice":"Left Gold","damage_taken":0,"max_hp_gain":0,"max_hp_loss":0,"event_name":"World of Goop","floor":14,"gold_loss":24},{"damage_healed":29,"gold_gain":0,"player_choice":"Heal","damage_taken":0,"max_hp_gain":0,"max_hp_loss":0,"event_name":"The Library","floor":19,"gold_loss":0},{"damage_healed":0,"gold_gain":0,"player_choice":"Obtain J.A.X.","damage_taken":0,"max_hp_gain":0,"max_hp_loss":0,"event_name":"Drug Dealer","floor":20,"gold_loss":0,"cards_obtained":["J.A.X."]},{"damage_healed":0,"gold_gain":0,"player_choice":"Fight","damage_taken":0,"max_hp_gain":0,"max_hp_loss":0,"event_name":"Colosseum","floor":27,"gold_loss":0}],"is_beta":false,"boss_relics":[{"not_picked":["Tiny House","Black Blood"],"picked":"Coffee Dripper"}],"items_purged_floors":[],"is_endless":false,"potions_floor_spawned":[2,3,5,7,16,21],"killed_by":"Colosseum Slavers","ascension_level":12}