{"gold_per_floor":[119,119,135,153,153,153,39,58,83,83,100,119,133,160,160,160],"floor_reached":16,"playtime":557,"items_purged":[],"score":156,"play_id":"fb710fb7-44fd-4fae-8555-b866df5eafd3","local_time":"20190428155305","is_ascension_mode":true,"campfire_choices":[{"floor":6,"key":"REST"},{"data":"Envenom","floor":10,"key":"SMITH"},{"floor":15,"key":"REST"}],"neow_cost":"PERCENT_DAMAGE","seed_source_timestamp":630638074419065,"circlet_count":0,"master_deck":["AscendersBane","Defend_G","Defend_G","Defend_G","Defend_G","Defend_G","Strike_G","Strike_G","Strike_G","Strike_G","Survivor","Neutralize","Envenom+1","Flying Knee","Backflip","Cloak And Dagger","Poisoned Stab","Deadly Poison","Crippling Poison"],"relics":["Ring of the Snake","Oddly Smooth Stone","Tiny Chest","Lantern","The Courier"],"potions_floor_usage":[8,14,14],"damage_taken":[{"damage":0,"enemies":"2 Louse","floor":1,"turns":3},{"damage":0,"enemies":"Cultist","floor":3,"turns":4},{"damage":15,"enemies":"Jaw Worm","floor":4,"turns":6},{"damage":7,"enemies":"Exordium Thugs","floor":8,"turns":6},{"damage":0,"enemies":"Large Slime","floor":11,"turns":7},{"damage":2,"enemies":"Looter","floor":12,"turns":3},{"damage":2,"enemies":"Blue Slaver","floor":13,"turns":3},{"damage":15,"enemies":"Gremlin Nob","floor":14,"turns":4},{"damage":36,"enemies":"Slime Boss","floor":16,"turns":8}],"seed_played":"-9090481458280143221","potions_obtained":[{"floor":3,"key":"SkillPotion"},{"floor":4,"key":"Fire Potion"},{"floor":11,"key":"Explosive Potion"}],"is_trial":false,"path_per_floor":["M","?","M","M","?","R","$","M","T","R","M","M","M","E","R","B"],"character_chosen":"THE_SILENT","items_purchased":["Tiny Chest"],"campfire_rested":2,"item_purchase_floors":[7],"current_hp_per_floor":[45,45,45,30,18,39,39,32,32,32,32,30,28,13,34,0],"gold":160,"neow_bonus":"THREE_RARE_CARDS","is_prod":false,"is_daily":false,"chose_seed":false,"campfire_upgraded":1,"win_rate":0,"timestamp":1556481185,"path_taken":["M","?","M","?","?","R","?","M","T","R","M","M","?","E","R","BOSS"],"build_version":"2019-01-23","purchased_purges":0,"victory":false,"max_hp_per_floor":[70,70,70,70,70,70,70,70,70,70,70,70,70,70,70,70],"card_choices":[{"not_picked":["Doppelganger","Night Terror"],"picked":"Envenom","floor":0},{"not_picked":["Acrobatics","All Out Attack"],"picked":"Flying Knee","floor":1},{"not_picked":["Dagger Throw","Sucker Punch","Choke"],"picked":"SKIP","floor":3},{"not_picked":["Concentrate","Blade Dance","Prepared"],"picked":"SKIP","floor":4},{"not_picked":["Underhanded Strike","Night Terror"],"picked":"Backflip","floor":8},{"not_picked":["Deflect","Prepared"],"picked":"Cloak And Dagger","floor":11},{"not_picked":["Sucker Punch","Outmaneuver"],"picked":"Poisoned Stab","floor":12},{"not_picked":["Riddle With Holes","Acrobatics"],"picked":"Deadly Poison","floor":13},{"not_picked":["Storm of Steel","Finisher"],"picked":"Crippling Poison","floor":14}],"player_experience":331730,"relics_obtained":[{"floor":9,"key":"Lantern"},{"floor":14,"key":"The Courier"}],"event_choices":[{"cards_removed":["Strike_G"],"damage_healed":0,"gold_gain":0,"player_choice":"Purged","damage_taken":0,"max_hp_gain":0,"max_hp_loss":0,"event_name":"Purifier","floor":2,"gold_loss":0},{"damage_healed":0,"gold_gain":0,"player_choice":"Success","damage_taken":12,"relics_obtained":["Oddly Smooth Stone"],"max_hp_gain":0,"max_hp_loss":0,"event_name":"Scrap Ooze","floor":5,"gold_loss":0}],"is_beta":false,"boss_relics":[],"items_purged_floors":[],"is_endless":false,"potions_floor_spawned":[3,4,11],"killed_by":"Slime Boss","ascension_level":10}