{"gold_per_floor":[111,122,47,65,79,79,107,142,169,183,183,258,258,272,272,369,369,384,134,144,144,164,195,195,215,240,240,240,258,258,278,278,278],"floor_reached":33,"playtime":7974,"items_purged":["Strike_G","Strike_G"],"score":269,"play_id":"0707d155-028a-49d0-bda5-25a6111921e0","local_time":"20190607201834","is_ascension_mode":false,"campfire_choices":[{"floor":6,"key":"RECALL"},{"floor":11,"key":"REST"},{"data":"Neutralize","floor":15,"key":"SMITH"},{"floor":24,"key":"REST"},{"floor":27,"key":"REST"},{"data":"Footwork","floor":30,"key":"SMITH"},{"floor":32,"key":"REST"}],"neow_cost":"NONE","seed_source_timestamp":1964667880978000,"circlet_count":0,"master_deck":["Defend_G","Defend_G","Defend_G","Defend_G","Defend_G","Strike_G","Strike_G","Strike_G","Survivor","Neutralize+1","Leg Sweep","Dodge and Roll","Flying Knee","Dagger Throw","PiercingWail","Dagger Spray","Escape Plan","Dodge and Roll","Glass Knife","Crippling Poison","Footwork+1","Backflip","Blade Dance+1","Calculated Gamble","Blur","Blade Dance+1","Crippling Poison","Backflip+1"],"relics":["Ring of the Snake","NeowsBlessing","Snake Skull","Philosopher\u0027s Stone","Dream Catcher","Happy Flower","Nloth\u0027s Gift"],"potions_floor_usage":[5,16,16,20,22,33],"damage_taken":[{"damage":0,"enemies":"Small Slimes","floor":1,"turns":1},{"damage":0,"enemies":"Jaw Worm","floor":2,"turns":1},{"damage":0,"enemies":"2 Louse","floor":4,"turns":1},{"damage":9,"enemies":"Lots of Slimes","floor":5,"turns":7},{"damage":16,"enemies":"The Mushroom Lair","floor":7,"turns":7},{"damage":21,"enemies":"3 Sentries","floor":8,"turns":14},{"damage":0,"enemies":"3 Louse","floor":10,"turns":5},{"damage":1,"enemies":"2 Fungi Beasts","floor":14,"turns":4},{"damage":12,"enemies":"The Guardian","floor":16,"turns":25},{"damage":2,"enemies":"3 Byrds","floor":18,"turns":7},{"damage":5,"enemies":"Spheric Guardian","floor":20,"turns":8},{"damage":6,"enemies":"Centurion and Healer","floor":22,"turns":10},{"damage":27,"enemies":"Slavers","floor":23,"turns":8},{"damage":42,"enemies":"Sentry and Sphere","floor":25,"turns":16},{"damage":3,"enemies":"Chosen and Byrds","floor":29,"turns":5},{"damage":15,"enemies":"Snake Plant","floor":31,"turns":7},{"damage":42,"enemies":"Champ","floor":33,"turns":27}],"seed_played":"2794479291136097629","potions_obtained":[{"floor":1,"key":"Swift Potion"},{"floor":8,"key":"Dexterity Potion"},{"floor":10,"key":"Fire Potion"},{"floor":16,"key":"Swift Potion"},{"floor":18,"key":"AttackPotion"},{"floor":29,"key":"LiquidBronze"}],"is_trial":false,"path_per_floor":["M","M","$","M","M","R","?","E","T","M","R","?","?","M","R","B",null,"M","$","M","?","M","E","R","M","T","R","?","M","R","M","R","B"],"character_chosen":"THE_SILENT","items_purchased":["Crippling Poison","Footwork"],"campfire_rested":4,"item_purchase_floors":[19,19],"current_hp_per_floor":[70,70,70,70,61,61,45,24,24,24,45,34,34,33,33,21,70,68,68,63,63,57,30,51,9,9,30,30,27,27,12,33,0],"gold":278,"neow_bonus":"THREE_ENEMY_KILL","is_prod":false,"is_daily":false,"chose_seed":false,"campfire_upgraded":2,"win_rate":0,"timestamp":1559953114,"path_taken":["M","M","$","M","M","R","?","E","T","M","R","?","?","M","R","BOSS","M","$","M","?","M","E","R","M","T","R","?","?","R","M","R","BOSS"],"build_version":"2019-01-23","purchased_purges":2,"victory":false,"max_hp_per_floor":[70,70,70,70,70,70,70,70,70,70,70,70,70,70,70,70,70,70,70,70,70,70,70,70,70,70,70,70,70,70,70,70,70],"card_choices":[{"not_picked":["Flechettes","Backflip"],"picked":"Leg Sweep","floor":1},{"not_picked":["Choke","Riddle With Holes"],"picked":"Dodge and Roll","floor":2},{"not_picked":["Deadly Poison","Blade Dance"],"picked":"Flying Knee","floor":4},{"not_picked":["Leg Sweep","Catalyst"],"picked":"Dagger Throw","floor":5},{"not_picked":["Bouncing Flask","Dagger Throw"],"picked":"PiercingWail","floor":7},{"not_picked":["Deflect","Blade Dance"],"picked":"Dagger Spray","floor":8},{"not_picked":["Bullet Time","Cloak And Dagger"],"picked":"Escape Plan","floor":10},{"not_picked":["Predator","Concentrate"],"picked":"Dodge and Roll","floor":14},{"not_picked":["Grand Finale","Wraith Form v2"],"picked":"Glass Knife","floor":16},{"not_picked":["Deflect","Quick Slash","Bane"],"picked":"SKIP","floor":18},{"not_picked":["Acrobatics+1","All Out Attack"],"picked":"Backflip","floor":20},{"not_picked":["Choke","Deflect+1"],"picked":"Blade Dance+1","floor":22},{"not_picked":["Dagger Throw","Acrobatics"],"picked":"Calculated Gamble","floor":23},{"not_picked":["Backflip","Calculated Gamble"],"picked":"Blur","floor":24},{"not_picked":["Riddle With Holes","Backstab+1"],"picked":"Blade Dance+1","floor":25},{"not_picked":["Die Die Die","Slice+1"],"picked":"Crippling Poison","floor":27},{"not_picked":["Reflex","Sucker Punch+1","Quick Slash+1"],"picked":"SKIP","floor":29},{"not_picked":["PiercingWail","Skewer","Dagger Throw"],"picked":"SKIP","floor":31},{"not_picked":["Flying Knee","Reflex"],"picked":"Backflip+1","floor":32}],"player_experience":1169412,"relics_obtained":[{"floor":7,"key":"Odd Mushroom"},{"floor":8,"key":"Snake Skull"},{"floor":23,"key":"Dream Catcher"},{"floor":26,"key":"Happy Flower"}],"event_choices":[{"damage_healed":0,"gold_gain":0,"player_choice":"Fought Mushrooms","damage_taken":0,"max_hp_gain":0,"max_hp_loss":0,"event_name":"Mushrooms","floor":7,"gold_loss":0},{"damage_healed":0,"gold_gain":75,"player_choice":"Gather Gold","damage_taken":11,"max_hp_gain":0,"max_hp_loss":0,"event_name":"World of Goop","floor":12,"gold_loss":0},{"damage_healed":0,"gold_gain":0,"player_choice":"Ignored","damage_taken":0,"max_hp_gain":0,"max_hp_loss":0,"event_name":"Liars Game","floor":13,"gold_loss":0},{"damage_healed":0,"gold_gain":0,"player_choice":"Ignored","damage_taken":0,"max_hp_gain":0,"max_hp_loss":0,"event_name":"Ghosts","floor":21,"gold_loss":0},{"damage_healed":0,"gold_gain":0,"player_choice":"Traded Relic","damage_taken":0,"relics_obtained":["Nloth\u0027s Gift"],"max_hp_gain":0,"max_hp_loss":0,"event_name":"N\u0027loth","floor":28,"relics_lost":["Odd Mushroom"],"gold_loss":0}],"is_beta":false,"boss_relics":[{"not_picked":["Tiny House","Ring of the Serpent"],"picked":"Philosopher\u0027s Stone"}],"items_purged_floors":[3,19],"is_endless":false,"potions_floor_spawned":[1,8,10,16,18,29],"killed_by":"Champ","ascension_level":0}