{"gold_per_floor":[110,120,22,38,38,38,49,66,143,143,218,218,251,43,43,141,141,129,139,139,66,78,89,89],"floor_reached":24,"playtime":1373,"items_purged":["Strike_G"],"score":198,"play_id":"2c3225e4-c0ec-4e5f-a2d4-e6a7f77d8163","local_time":"20181018012056","is_ascension_mode":false,"campfire_choices":[{"data":"Blade Dance","floor":6,"key":"SMITH"},{"data":"Caltrops","floor":10,"key":"SMITH"},{"data":"Catalyst","floor":15,"key":"SMITH"}],"neow_cost":"NONE","seed_source_timestamp":168802885676248,"circlet_count":0,"master_deck":["Defend_G","Defend_G","Defend_G","Defend_G","Strike_G+1","Strike_G","Strike_G+1","Strike_G","Survivor","Neutralize","Prepared","Dagger Throw","Blade Dance+1","Catalyst+1","Caltrops+1","Backflip","A Thousand Cuts+1","Noxious Fumes","Sucker Punch+1","Accuracy","Blade Dance","Slice+1"],"relics":["Ring of the Snake","Pen Nib","Question Card","Nunchaku","Lee\u0027s Waffle","Lizard Tail"],"potions_floor_usage":[16,19,23,24],"damage_taken":[{"damage":0,"enemies":"Small Slimes","floor":1,"turns":4},{"damage":1,"enemies":"2 Louse","floor":2,"turns":2},{"damage":1,"enemies":"Cultist","floor":4,"turns":3},{"damage":0,"enemies":"3 Louse","floor":7,"turns":3},{"damage":10,"enemies":"Red Slaver","floor":8,"turns":4},{"damage":27,"enemies":"3 Sentries","floor":13,"turns":6},{"damage":19,"enemies":"The Guardian","floor":16,"turns":8},{"damage":32,"enemies":"2 Thieves","floor":18,"turns":4},{"damage":22,"enemies":"Shell Parasite","floor":19,"turns":5},{"damage":24,"enemies":"Snake Plant","floor":22,"turns":5},{"damage":46,"enemies":"Shelled Parasite and Fungi","floor":23,"turns":5},{"damage":18,"enemies":"Centurion and Healer","floor":24,"turns":3}],"seed_played":"4305763362524339466","potions_obtained":[{"floor":1,"key":"Poison Potion"},{"floor":7,"key":"Ancient Potion"},{"floor":13,"key":"Regen Potion"},{"floor":18,"key":"LiquidBronze"},{"floor":23,"key":"Poison Potion"}],"is_trial":false,"path_per_floor":["M","M","$","M","?","R","M","M","T","R","?","?","E","$","R","B",null,"M","M","?","$","M","M"],"character_chosen":"THE_SILENT","items_purchased":["Blade Dance","Lee\u0027s Waffle","Accuracy"],"campfire_rested":0,"item_purchase_floors":[3,14,21],"current_hp_per_floor":[70,69,69,68,54,54,54,44,44,44,37,30,3,77,77,58,77,45,37,37,37,13,13,0],"gold":89,"neow_bonus":"RANDOM_COMMON_RELIC","is_prod":false,"is_daily":false,"chose_seed":false,"campfire_upgraded":3,"win_rate":0,"timestamp":1539814856,"path_taken":["M","M","$","M","?","R","M","?","T","R","?","?","E","$","R","BOSS","M","M","?","$","M","M","M"],"build_version":"2018-10-11","purchased_purges":1,"victory":false,"max_hp_per_floor":[70,70,70,70,70,70,70,70,70,70,70,70,70,77,77,77,77,77,77,77,77,77,77,77],"card_choices":[{"not_picked":["Distraction","Outmaneuver"],"picked":"Prepared","floor":1},{"not_picked":["Distraction","Night Terror"],"picked":"Dagger Throw","floor":2},{"not_picked":["Leg Sweep","Skewer"],"picked":"Catalyst","floor":4},{"not_picked":["Prepared","Choke"],"picked":"Caltrops","floor":7},{"not_picked":["Sucker Punch","Underhanded Strike","Backflip"],"picked":"SKIP","floor":8},{"not_picked":["Leg Sweep","Blade Dance","Storm of Steel"],"picked":"Backflip","floor":13},{"not_picked":["Bullet Time","Unload","Night Terror"],"picked":"A Thousand Cuts","floor":16},{"not_picked":["Dagger Throw","All Out Attack+1","Sucker Punch"],"picked":"Noxious Fumes","floor":18},{"not_picked":["Dagger Spray","Flechettes","Poisoned Stab"],"picked":"Sucker Punch+1","floor":19},{"not_picked":["Dagger Throw","Underhanded Strike","Deadly Poison"],"picked":"Blade Dance","floor":22},{"not_picked":["Terror+1","Flying Knee","Backflip"],"picked":"Slice+1","floor":23}],"player_experience":146827,"relics_obtained":[{"floor":9,"key":"Question Card"},{"floor":13,"key":"Nunchaku"}],"event_choices":[{"event_name":"Shining Light","player_choice":"Entered Light","floor":5,"damage_taken":0},{"event_name":"FaceTrader","player_choice":"Touch","floor":11,"damage_taken":0},{"event_name":"Golden Wing","player_choice":"Card Removal","floor":12,"damage_taken":0},{"event_name":"Upgrade Shrine","player_choice":"Upgraded","floor":20,"damage_taken":0}],"is_beta":false,"boss_relics":[{"not_picked":["Calling Bell","Black Star"],"picked":"Lizard Tail"}],"items_purged_floors":[3],"is_endless":false,"potions_floor_spawned":[1,7,13,18,23],"killed_by":"Centurion and Healer","ascension_level":0}