{"gold_per_floor":[111,36,36,52,68,97,97,116,142,142,142,142,166,186,186,284,284,204,204,204],"floor_reached":20,"playtime":1228,"items_purged":[],"score":348,"play_id":"6f35f19c-13e6-4977-bcb9-4a397f2fcfba","local_time":"20190522193257","is_ascension_mode":true,"campfire_choices":[{"data":"Rampage","floor":7.0,"key":"SMITH"},{"data":"Bash","floor":11.0,"key":"SMITH"},{"floor":15.0,"key":"REST"}],"neow_cost":"NONE","seed_source_timestamp":0,"circlet_count":0,"master_deck":["AscendersBane","Strike_R","Strike_R","Strike_R","Strike_R","Defend_R","Defend_R","Defend_R","Defend_R","Bash+1","Clothesline+1","Rampage+1","Headbutt","Impervious"],"special_seed":0,"relics":["Burning Blood","NeowsBlessing","Ancient Tea Set","Red Skull","Golden Idol","Ectoplasm"],"potions_floor_usage":[20],"damage_taken":[{"damage":0.0,"enemies":"Small Slimes","floor":1.0,"turns":1.0},{"damage":0.0,"enemies":"Cultist","floor":4.0,"turns":1.0},{"damage":0.0,"enemies":"Jaw Worm","floor":5.0,"turns":1.0},{"damage":51.0,"enemies":"Lagavulin","floor":6.0,"turns":7.0},{"damage":0.0,"enemies":"2 Fungi Beasts","floor":8.0,"turns":4.0},{"damage":1.0,"enemies":"Exordium Wildlife","floor":13.0,"turns":3.0},{"damage":14.0,"enemies":"3 Louse","floor":14.0,"turns":3.0},{"damage":47.0,"enemies":"The Guardian","floor":16.0,"turns":12.0},{"damage":23.0,"enemies":"2 Thieves","floor":18.0,"turns":4.0},{"damage":29.0,"enemies":"Colosseum Slavers","floor":19.0,"turns":5.0},{"damage":16,"enemies":"Shell Parasite","floor":20,"turns":3}],"seed_played":"6764542067389022330","potions_obtained":[{"floor":5.0,"key":"Swift Potion"},{"floor":6.0,"key":"SpeedPotion"},{"floor":14.0,"key":"SkillPotion"},{"floor":18.0,"key":"Swift Potion"}],"is_trial":false,"path_per_floor":["M","?","?","M","M","E","R","M","T","?","R","?","M","M","R","B",null,"M","?","M"],"character_chosen":"IRONCLAD","items_purchased":[],"campfire_rested":1,"item_purchase_floors":[],"current_hp_per_floor":[74,74,74,75,75,30,30,36,36,36,36,36,41,33,53,12,54,37,14,0],"gold":204,"neow_bonus":"THREE_ENEMY_KILL","is_prod":false,"is_daily":false,"chose_seed":false,"campfire_upgraded":2,"win_rate":0,"timestamp":1558567977,"path_taken":["M","?","?","?","M","E","R","M","T","?","R","?","M","M","R","BOSS","M","?","M"],"build_version":"2019-01-23","purchased_purges":0,"victory":false,"max_hp_per_floor":[75,75,75,75,75,75,75,75,75,68,68,68,68,68,68,68,68,68,68,68],"card_choices":[{"not_picked":["Perfected Strike","Ghostly Armor"],"picked":"Clothesline","floor":1.0},{"not_picked":["Thunderclap","Twin Strike","Wild Strike"],"picked":"SKIP","floor":4.0},{"not_picked":["Rupture","Infernal Blade","Warcry"],"picked":"SKIP","floor":5.0},{"not_picked":["Iron Wave","Anger"],"picked":"Rampage","floor":6.0},{"not_picked":["Sentinel","Perfected Strike"],"picked":"Headbutt","floor":8.0},{"not_picked":["Berserk","Havoc","Uppercut"],"picked":"SKIP","floor":13.0},{"not_picked":["Pommel Strike","Flex","Iron Wave"],"picked":"SKIP","floor":14.0},{"not_picked":["Offering","Berserk"],"picked":"Impervious","floor":16.0},{"not_picked":["Twin Strike","Rage","Sever Soul"],"picked":"SKIP","floor":18.0}],"player_experience":483242,"relics_obtained":[{"floor":6.0,"key":"Ancient Tea Set"},{"floor":9.0,"key":"Red Skull"}],"event_choices":[{"cards_removed":["Strike_R"],"damage_healed":0.0,"max_hp_gain":0.0,"max_hp_loss":0.0,"gold_gain":0.0,"event_name":"The Cleric","player_choice":"Card Removal","floor":2.0,"gold_loss":75.0,"damage_taken":0.0},{"damage_healed":0.0,"max_hp_gain":0.0,"max_hp_loss":0.0,"gold_gain":0.0,"event_name":"Upgrade Shrine","player_choice":"Upgraded","floor":3.0,"gold_loss":0.0,"damage_taken":0.0,"cards_upgraded":["Clothesline"]},{"damage_healed":0.0,"max_hp_gain":0.0,"max_hp_loss":7.0,"gold_gain":0.0,"event_name":"Golden Idol","player_choice":"Lose Max HP","floor":10.0,"gold_loss":0.0,"damage_taken":0.0,"relics_obtained":["Golden Idol"]},{"damage_healed":0.0,"max_hp_gain":0.0,"max_hp_loss":0.0,"gold_gain":0.0,"event_name":"Shining Light","player_choice":"Ignored","floor":12.0,"gold_loss":0.0,"damage_taken":0.0},{"damage_healed":0.0,"max_hp_gain":0.0,"max_hp_loss":0.0,"gold_gain":0.0,"event_name":"Colosseum","player_choice":"Fight","floor":19.0,"gold_loss":0.0,"damage_taken":0.0},{"damage_healed":0.0,"max_hp_gain":0.0,"max_hp_loss":0.0,"gold_gain":0.0,"event_name":"Colosseum","player_choice":"Fled From Nobs","floor":19.0,"gold_loss":0.0,"damage_taken":0.0}],"is_beta":false,"boss_relics":[{"not_picked":["Runic Pyramid","Black Star"],"picked":"Ectoplasm"}],"items_purged_floors":[],"is_endless":false,"potions_floor_spawned":[5,6,14,18,19],"killed_by":"Shell Parasite","ascension_level":20}