{"gold_per_floor":[116,116,129,204,204,232,248,18,18,32,32,44,44],"floor_reached":13,"playtime":844,"items_purged":[],"score":136,"play_id":"bc63edc4-ce4f-46aa-9bfb-06fedacf29ca","local_time":"20190608133004","is_ascension_mode":true,"campfire_choices":[{"data":"Storm","floor":11,"key":"SMITH"}],"neow_cost":"TEN_PERCENT_HP_LOSS","seed_source_timestamp":33082409714851,"circlet_count":0,"master_deck":["AscendersBane","Strike_B","Strike_B","Strike_B","Strike_B","Defend_B","Defend_B","Defend_B","Defend_B","Zap","Dualcast+1","Creative AI+1","FTL","Leap+1","Storm+1","Sunder"],"relics":["Cracked Core","Dodecahedron","War Paint","Darkstone Periapt"],"potions_floor_usage":[10],"damage_taken":[{"damage":4,"enemies":"Jaw Worm","floor":1,"turns":4},{"damage":0,"enemies":"Small Slimes","floor":3,"turns":3},{"damage":27,"enemies":"Lagavulin","floor":6,"turns":10},{"damage":0,"enemies":"2 Louse","floor":7,"turns":2},{"damage":0,"enemies":"Blue Slaver","floor":10,"turns":1},{"damage":12,"enemies":"2 Fungi Beasts","floor":12,"turns":3},{"damage":31,"enemies":"Gremlin Nob","floor":13,"turns":3}],"seed_played":"-3624082157956667861","potions_obtained":[{"floor":1,"key":"Explosive Potion"},{"floor":6,"key":"LiquidBronze"}],"is_trial":false,"path_per_floor":["M","?","M","?","?","E","M","$","T","M","R","M","E"],"character_chosen":"DEFECT","items_purchased":["Sunder","War Paint"],"campfire_rested":0,"item_purchase_floors":[8,8],"current_hp_per_floor":[64,64,64,53,53,26,26,26,26,26,26,14,0],"gold":44,"neow_bonus":"THREE_RARE_CARDS","is_prod":false,"is_daily":false,"chose_seed":false,"campfire_upgraded":1,"win_rate":0,"timestamp":1560015004,"path_taken":["M","?","M","?","?","E","M","?","T","M","R","M","E"],"build_version":"2019-01-23","purchased_purges":0,"victory":false,"max_hp_per_floor":[68,68,68,68,68,68,68,68,68,68,68,68,68],"card_choices":[{"not_picked":["Amplify","Buffer"],"picked":"Creative AI","floor":0},{"not_picked":["Aggregate","Tempest"],"picked":"FTL","floor":1},{"not_picked":["Hello World","Darkness","Blizzard"],"picked":"SKIP","floor":3},{"not_picked":["Stack","Buffer"],"picked":"Leap","floor":6},{"not_picked":["Turbo","Gash"],"picked":"Storm","floor":7},{"not_picked":["Leap","Skim","Rebound"],"picked":"SKIP","floor":10},{"not_picked":["Stack","Scrape","Redo"],"picked":"SKIP","floor":12}],"player_experience":598407,"relics_obtained":[{"floor":6,"key":"Dodecahedron"},{"floor":9,"key":"Darkstone Periapt"}],"event_choices":[{"damage_healed":0,"gold_gain":0,"player_choice":"Ignored","damage_taken":0,"max_hp_gain":0,"max_hp_loss":0,"event_name":"Liars Game","floor":2,"gold_loss":0},{"damage_healed":0,"gold_gain":75,"player_choice":"Gather Gold","damage_taken":11,"max_hp_gain":0,"max_hp_loss":0,"event_name":"World of Goop","floor":4,"gold_loss":0},{"damage_healed":0,"gold_gain":0,"player_choice":"Grow","damage_taken":0,"max_hp_gain":0,"max_hp_loss":0,"event_name":"Living Wall","floor":5,"gold_loss":0,"cards_upgraded":["Creative AI"]}],"is_beta":false,"boss_relics":[],"items_purged_floors":[],"is_endless":false,"potions_floor_spawned":[1,6,7],"killed_by":"Gremlin Nob","ascension_level":12}