{"gold_per_floor":[212,3,14,14,32,32,61,78,78,78,113,131,142,175,175,253,253,253,253,253,253,269,269,279,279,327,270,29,58,75,106,106,178,228,246,246,266,44,44,61,79,79],"floor_reached":42,"playtime":2489,"items_purged":["Bite"],"score":941,"play_id":"42b37dfc-4576-46a8-8154-3458051e17bb","local_time":"20190531154522","is_ascension_mode":true,"campfire_choices":[{"data":"Defragment","floor":6.0,"key":"SMITH"},{"floor":10.0,"key":"REST"},{"floor":15.0,"key":"REST"},{"data":"Reinforced Body","floor":23.0,"key":"SMITH"},{"data":"Chill","floor":25.0,"key":"SMITH"},{"floor":32.0,"key":"RECALL"}],"neow_cost":"NONE","seed_source_timestamp":167213435975238,"circlet_count":0,"master_deck":["AscendersBane","Defend_B","Defend_B","Defend_B","Defend_B","Zap","Dualcast","Darkness","Defragment+1","Doom and Gloom+1","Sweeping Beam","Coolheaded+1","Genetic Algorithm","Reinforced Body+1","Ball Lightning","Chill+1","Capacitor","Core Surge","Capacitor","Bite","Bite","Bite","Bite","Force Field","Steam+1","Coolheaded","Barrage","Stack","Redo+1"],"special_seed":0,"relics":["Cracked Core","Potion Belt","Oddly Smooth Stone","Pear","Regal Pillow","Velvet Choker","Symbiotic Virus","Bag of Preparation","Orichalcum","Dead Branch","Tiny House","OrangePellets"],"potions_floor_usage":[42,42,42],"damage_taken":[{"damage":2.0,"enemies":"Cultist","floor":1.0,"turns":4.0},{"damage":8.0,"enemies":"2 Louse","floor":3.0,"turns":2.0},{"damage":0.0,"enemies":"Small Slimes","floor":5.0,"turns":2.0},{"damage":20.0,"enemies":"3 Sentries","floor":7.0,"turns":5.0},{"damage":18.0,"enemies":"Blue Slaver","floor":8.0,"turns":4.0},{"damage":9.0,"enemies":"Gremlin Nob","floor":11.0,"turns":5.0},{"damage":16.0,"enemies":"Looter","floor":12.0,"turns":4.0},{"damage":12.0,"enemies":"Exordium Thugs","floor":13.0,"turns":3.0},{"damage":4.0,"enemies":"Lagavulin","floor":14.0,"turns":6.0},{"damage":24.0,"enemies":"Slime Boss","floor":16.0,"turns":9.0},{"damage":0.0,"enemies":"Shell Parasite","floor":18.0,"turns":1.0},{"damage":6.0,"enemies":"Chosen","floor":22.0,"turns":3.0},{"damage":21.0,"enemies":"Centurion and Healer","floor":24.0,"turns":11.0},{"damage":9.0,"enemies":"Book of Stabbing","floor":29.0,"turns":7.0},{"damage":8.0,"enemies":"Shelled Parasite and Fungi","floor":30.0,"turns":8.0},{"damage":8.0,"enemies":"Gremlin Leader","floor":31.0,"turns":9.0},{"damage":14.0,"enemies":"Champ","floor":33.0,"turns":15.0},{"damage":0.0,"enemies":"3 Shapes","floor":35.0,"turns":5.0},{"damage":6.0,"enemies":"Orb Walker","floor":37.0,"turns":4.0},{"damage":14.0,"enemies":"3 Darklings","floor":40.0,"turns":7.0},{"damage":16.0,"enemies":"Writhing Mass","floor":41.0,"turns":6.0},{"damage":59,"enemies":"Reptomancer","floor":42,"turns":13}],"seed_played":"7214660724375876578","potions_obtained":[{"floor":1.0,"key":"FocusPotion"},{"floor":5.0,"key":"Energy Potion"},{"floor":8.0,"key":"Weak Potion"},{"floor":11.0,"key":"Weak Potion"},{"floor":16.0,"key":"SmokeBomb"},{"floor":29.0,"key":"Dexterity Potion"},{"floor":34.0,"key":"SneckoOil"},{"floor":37.0,"key":"EssenceOfSteel"},{"floor":41.0,"key":"EssenceOfSteel"}],"is_trial":false,"path_per_floor":["M","$","M","?","M","R","E","M","T","R","E","M","M","E","R","B",null,"M","?","?","?","M","R","M","R","T","$","$","E","M","E","R","B",null,"M","$","M","$","T","M","M","E"],"character_chosen":"DEFECT","items_purchased":["Defragment","Doom and Gloom","AttackPotion","PowerPotion","Coolheaded","PowerPotion","SpeedPotion","OrangePellets"],"campfire_rested":2,"item_purchase_floors":[2,2,2,27,28,28,28,38],"current_hp_per_floor":[62,62,54,54,54,54,34,16,16,37,38,22,10,6,45,21,66,66,66,56,56,54,54,54,54,54,54,54,52,54,56,56,55,61,61,61,57,57,57,51,39,0],"gold":79,"neow_bonus":"HUNDRED_GOLD","is_prod":false,"is_daily":false,"chose_seed":false,"campfire_upgraded":3,"win_rate":0,"timestamp":1559342722,"path_taken":["M","$","?","?","?","R","E","M","T","R","E","M","M","E","R","BOSS","M","?","?","?","?","R","M","R","T","?","$","E","M","E","R","BOSS","M","$","?","$","?","M","M","E"],"build_version":"2019-05-28","purchased_purges":1,"victory":false,"max_hp_per_floor":[71,71,71,71,71,71,71,71,71,71,81,81,81,81,81,81,81,81,81,56,56,56,56,56,56,56,56,56,56,56,56,56,56,61,61,61,61,61,61,61,61,61],"card_choices":[{"not_picked":["Beam Cell","Capacitor"],"picked":"Darkness","floor":1.0},{"not_picked":["Steam","Gash"],"picked":"Sweeping Beam","floor":3.0},{"not_picked":["Steam Power","Barrage"],"picked":"Coolheaded","floor":5.0},{"not_picked":["Leap","Coolheaded"],"picked":"Genetic Algorithm","floor":7.0},{"not_picked":["Conserve Battery","Sweeping Beam"],"picked":"Reinforced Body","floor":8.0},{"not_picked":["Recycle","Rebound"],"picked":"Ball Lightning","floor":11.0},{"not_picked":["Machine Learning","Stack","Gash"],"picked":"SKIP","floor":12.0},{"not_picked":["Fusion","Sunder"],"picked":"Chill","floor":13.0},{"not_picked":["Stack","Lockon"],"picked":"Capacitor","floor":14.0},{"not_picked":["Multi-Cast","Buffer"],"picked":"Core Surge","floor":16.0},{"not_picked":["Leap","Steam"],"picked":"Force Field","floor":22.0},{"not_picked":["Ball Lightning+1","Streamline"],"picked":"Steam+1","floor":24.0},{"not_picked":["Sweeping Beam","Recycle","Beam Cell"],"picked":"SKIP","floor":29.0},{"not_picked":["Storm","Genetic Algorithm"],"picked":"Barrage","floor":30.0},{"not_picked":["Rainbow","Streamline"],"picked":"Stack","floor":31.0},{"not_picked":["Ball Lightning","Sweeping Beam","Go for the Eyes"],"picked":"SKIP","floor":35.0},{"not_picked":["Barrage","Streamline+1","Hologram"],"picked":"SKIP","floor":37.0},{"not_picked":["Go for the Eyes","Gash"],"picked":"Redo+1","floor":40.0},{"not_picked":["Ball Lightning","Barrage","Steam Power"],"picked":"SKIP","floor":41.0}],"player_experience":1593703,"relics_obtained":[{"floor":7.0,"key":"Potion Belt"},{"floor":9.0,"key":"Oddly Smooth Stone"},{"floor":11.0,"key":"Pear"},{"floor":14.0,"key":"Regal Pillow"},{"floor":21.0,"key":"Symbiotic Virus"},{"floor":26.0,"key":"Bag of Preparation"},{"floor":29.0,"key":"Orichalcum"},{"floor":31.0,"key":"Dead Branch"}],"event_choices":[{"damage_healed":0.0,"max_hp_gain":0.0,"max_hp_loss":0.0,"gold_gain":0.0,"event_name":"Upgrade Shrine","player_choice":"Upgraded","floor":4.0,"gold_loss":0.0,"damage_taken":0.0,"cards_upgraded":["Doom and Gloom"]},{"damage_healed":0.0,"max_hp_gain":0.0,"max_hp_loss":0.0,"gold_gain":0.0,"event_name":"The Library","player_choice":"Read","floor":19.0,"gold_loss":0.0,"damage_taken":0.0,"cards_obtained":["Capacitor"]},{"damage_healed":0.0,"max_hp_gain":0.0,"max_hp_loss":25.0,"gold_gain":0.0,"event_name":"Vampires","player_choice":"Became a vampire","floor":20.0,"gold_loss":0.0,"damage_taken":0.0,"cards_obtained":["Bite","Bite","Bite","Bite","Bite"]},{"damage_healed":0.0,"max_hp_gain":0.0,"max_hp_loss":0.0,"gold_gain":0.0,"event_name":"Wheel of Change","player_choice":"Relic","floor":21.0,"gold_loss":0.0,"damage_taken":0.0}],"is_beta":true,"boss_relics":[{"not_picked":["Runic Dome","Busted Crown"],"picked":"Velvet Choker"},{"not_picked":["Calling Bell","Sozu"],"picked":"Tiny House"}],"items_purged_floors":[28],"is_endless":false,"potions_floor_spawned":[1,5,8,11,16,18,29,37,40,41],"killed_by":"Reptomancer","ascension_level":20}