{"gold_per_floor":[115,115,125,137,137,137,157,184,209,228,228,228,228,246,246,246],"floor_reached":16,"playtime":593,"items_purged":[],"score":158,"play_id":"ed7c86ef-a6b3-4a0f-a09e-22a4203ae147","local_time":"20190503063710","is_ascension_mode":true,"campfire_choices":[{"data":"Neutralize","floor":6,"key":"SMITH"},{"floor":12,"key":"REST"},{"data":"Blade Dance","floor":15,"key":"SMITH"}],"neow_cost":"NONE","seed_source_timestamp":779823035181939,"circlet_count":0,"master_deck":["AscendersBane","Defend_G","Defend_G","Defend_G","Defend_G","Defend_G","Strike_G","Strike_G","Strike_G","Strike_G","Survivor","Neutralize+1","Blade Dance+1","Backflip","Flying Knee","Crippling Poison","PiercingWail","Accuracy","Poisoned Stab"],"relics":["Ring of the Snake","Dream Catcher","Juzu Bracelet","Golden Idol"],"potions_floor_usage":[8,8,16,16,16,16],"damage_taken":[{"damage":11,"enemies":"Cultist","floor":1,"turns":4},{"damage":0,"enemies":"Small Slimes","floor":3,"turns":4},{"damage":0,"enemies":"2 Louse","floor":4,"turns":3},{"damage":6,"enemies":"Looter","floor":7,"turns":4},{"damage":41,"enemies":"Lagavulin","floor":8,"turns":10},{"damage":0,"enemies":"Large Slime","floor":10,"turns":8},{"damage":0,"enemies":"Blue Slaver","floor":14,"turns":5},{"damage":37,"enemies":"Slime Boss","floor":16,"turns":9}],"seed_played":"7287095892771021504","potions_obtained":[{"floor":3,"key":"Strength Potion"},{"floor":4,"key":"SkillPotion"},{"floor":10,"key":"EntropicBrew"},{"floor":14,"key":"Weak Potion"}],"is_trial":false,"path_per_floor":["M","?","M","M","?","R","M","E","T","M","?","R","?","M","R","B"],"character_chosen":"THE_SILENT","items_purchased":[],"campfire_rested":1,"item_purchase_floors":[],"current_hp_per_floor":[52,52,52,52,57,57,51,10,10,10,10,32,32,32,32,0],"gold":246,"neow_bonus":"TRANSFORM_CARD","is_prod":false,"is_daily":false,"chose_seed":false,"campfire_upgraded":2,"win_rate":0,"timestamp":1556879830,"path_taken":["M","?","M","M","?","R","M","E","T","M","?","R","?","M","R","BOSS"],"build_version":"2019-01-23","purchased_purges":0,"victory":false,"max_hp_per_floor":[70,70,70,70,75,75,75,75,75,75,75,75,69,69,69,69],"card_choices":[{"not_picked":["Bane","Dash"],"picked":"Backflip","floor":1},{"not_picked":["Cloak And Dagger","Outmaneuver"],"picked":"Flying Knee","floor":3},{"not_picked":["Slice","Calculated Gamble"],"picked":"Crippling Poison","floor":4},{"not_picked":["Leg Sweep","Bane"],"picked":"PiercingWail","floor":7},{"not_picked":["Outmaneuver","Phantasmal Killer","Acrobatics"],"picked":"SKIP","floor":8},{"not_picked":["Dash","Slice"],"picked":"Accuracy","floor":10},{"not_picked":["Blur","Bane"],"picked":"Poisoned Stab","floor":12},{"not_picked":["Underhanded Strike","Distraction","Sucker Punch"],"picked":"SKIP","floor":14}],"player_experience":377005,"relics_obtained":[{"floor":8,"key":"Dream Catcher"},{"floor":9,"key":"Juzu Bracelet"}],"event_choices":[{"damage_healed":0,"gold_gain":0,"player_choice":"Ignored","damage_taken":0,"max_hp_gain":0,"max_hp_loss":0,"event_name":"Liars Game","floor":2,"gold_loss":0},{"damage_healed":0,"gold_gain":0,"player_choice":"Donut","damage_taken":0,"max_hp_gain":5,"max_hp_loss":0,"event_name":"Big Fish","floor":5,"gold_loss":0},{"damage_healed":0,"gold_gain":0,"player_choice":"Ignored","damage_taken":0,"max_hp_gain":0,"max_hp_loss":0,"event_name":"Golden Wing","floor":11,"gold_loss":0},{"damage_healed":0,"gold_gain":0,"player_choice":"Lose Max HP","damage_taken":0,"relics_obtained":["Golden Idol"],"max_hp_gain":0,"max_hp_loss":6,"event_name":"Golden Idol","floor":13,"gold_loss":0}],"is_beta":false,"boss_relics":[],"items_purged_floors":[],"is_endless":false,"potions_floor_spawned":[3,4,10,14],"killed_by":"Slime Boss","ascension_level":11}