{"gold_per_floor":[119,133,133,148,161,161,191,191,191,191,207,207,228,264,264,383,383,398,313,337,360,30,66,66,165,165,165,180,219,242,256,256,375,375,394,414,414,17,17,33,33,73,73,73,23,36,61,86,86,86],"floor_reached":50,"playtime":3838,"items_purged":[],"score":735,"play_id":"73117f25-b163-407a-a6f4-2821feb676a1","local_time":"20190608191448","is_ascension_mode":true,"campfire_choices":[{"data":"Dagger Spray","floor":6.0,"key":"SMITH"},{"data":"Cloak And Dagger","floor":8.0,"key":"SMITH"},{"floor":10.0,"key":"REST"},{"data":"Cloak And Dagger","floor":15.0,"key":"SMITH"},{"floor":24.0,"key":"REST"},{"floor":32.0,"key":"REST"},{"floor":41.0,"key":"REST"},{"data":"Crippling Poison","floor":44.0,"key":"SMITH"},{"floor":49.0,"key":"REST"}],"neow_cost":"NONE","seed_source_timestamp":25524309826732,"circlet_count":0,"master_deck":["Defend_G+1","Defend_G+1","Defend_G+1","Defend_G+1","Defend_G+1","Strike_G+1","Strike_G+1","Strike_G+1","Survivor","Neutralize+1","PiercingWail","Dagger Spray+1","Blur","Cloak And Dagger+1","Cloak And Dagger+1","Injury","Footwork","Skewer","Corpse Explosion","Infinite Blades+1","Well Laid Plans+1","Acrobatics+1","Bouncing Flask","Dodge and Roll","Backflip","Finisher","Catalyst","Crippling Poison+1","Escape Plan","Night Terror","Blade Dance+1","Choke+1","Escape Plan+1","Deflect+1"],"special_seed":0,"relics":["Ring of the Snake","Centennial Puzzle","Singing Bowl","Golden Idol","Ice Cream","Astrolabe","Thread and Needle","Lee\u0027s Waffle","Orichalcum","Pen Nib","Ornamental Fan","WristBlade","Sundial","Anchor","Juzu Bracelet","Bag of Marbles"],"potions_floor_usage":[50],"damage_taken":[{"damage":6.0,"enemies":"Jaw Worm","floor":1.0,"turns":7.0},{"damage":1.0,"enemies":"2 Louse","floor":2.0,"turns":3.0},{"damage":1.0,"enemies":"Small Slimes","floor":4.0,"turns":4.0},{"damage":3.0,"enemies":"Exordium Wildlife","floor":5.0,"turns":5.0},{"damage":30.0,"enemies":"Lagavulin","floor":7.0,"turns":9.0},{"damage":0.0,"enemies":"2 Fungi Beasts","floor":11.0,"turns":3.0},{"damage":0.0,"enemies":"Looter","floor":13.0,"turns":3.0},{"damage":19.0,"enemies":"3 Sentries","floor":14.0,"turns":7.0},{"damage":17.0,"enemies":"Hexaghost","floor":16.0,"turns":11.0},{"damage":21.0,"enemies":"2 Thieves","floor":18.0,"turns":3.0},{"damage":0.0,"enemies":"3 Byrds","floor":20.0,"turns":1.0},{"damage":11.0,"enemies":"Snake Plant","floor":21.0,"turns":7.0},{"damage":42.0,"enemies":"Gremlin Leader","floor":23.0,"turns":7.0},{"damage":0.0,"enemies":"Cultist and Chosen","floor":28.0,"turns":7.0},{"damage":8.0,"enemies":"Book of Stabbing","floor":29.0,"turns":7.0},{"damage":8.0,"enemies":"Centurion and Healer","floor":30.0,"turns":8.0},{"damage":10.0,"enemies":"Shelled Parasite and Fungi","floor":31.0,"turns":7.0},{"damage":36.0,"enemies":"Champ","floor":33.0,"turns":12.0},{"damage":15.0,"enemies":"3 Darklings","floor":35.0,"turns":4.0},{"damage":0.0,"enemies":"Orb Walker","floor":36.0,"turns":3.0},{"damage":15.0,"enemies":"4 Shapes","floor":40.0,"turns":2.0},{"damage":14.0,"enemies":"Reptomancer","floor":42.0,"turns":9.0},{"damage":6.0,"enemies":"Spire Growth","floor":46.0,"turns":7.0},{"damage":11.0,"enemies":"Sphere and 2 Shapes","floor":47.0,"turns":9.0},{"damage":4.0,"enemies":"4 Shapes","floor":48.0,"turns":5.0},{"damage":75,"enemies":"Awakened One","floor":50,"turns":21}],"seed_played":"2890516807065977173","potions_obtained":[{"floor":4.0,"key":"PowerPotion"},{"floor":5.0,"key":"LiquidBronze"},{"floor":7.0,"key":"PowerPotion"},{"floor":11.0,"key":"LiquidBronze"},{"floor":16.0,"key":"Fire Potion"},{"floor":20.0,"key":"GhostInAJar"},{"floor":28.0,"key":"GhostInAJar"},{"floor":29.0,"key":"Explosive Potion"},{"floor":30.0,"key":"Strength Potion"},{"floor":36.0,"key":"Block Potion"},{"floor":40.0,"key":"LiquidBronze"},{"floor":46.0,"key":"AttackPotion"}],"is_trial":false,"path_per_floor":["M","M","?","M","M","R","E","R","T","R","M","?","M","E","R","B",null,"M","?","M","M","$","E","R","?","T","?","M","E","M","M","R","B",null,"M","M","?","$","?","M","R","E","T","R","$","M","M","M","R","B"],"character_chosen":"THE_SILENT","items_purchased":["Lee\u0027s Waffle","Backflip","Finisher","Sundial","Anchor","Dexterity Potion"],"campfire_rested":5,"item_purchase_floors":[22,22,22,38,38,45],"current_hp_per_floor":[64,63,63,62,59,59,29,29,29,52,52,52,52,33,33,16,62,43,43,43,32,86,46,72,72,72,72,72,64,56,48,75,39,77,62,64,64,64,64,51,79,67,67,67,67,61,50,46,74,0],"gold":86,"neow_bonus":"TEN_PERCENT_HP_BONUS","is_prod":false,"is_daily":false,"chose_seed":false,"campfire_upgraded":4,"win_rate":0,"timestamp":1560010488,"path_taken":["M","M","?","M","M","R","E","R","T","R","M","?","M","E","R","BOSS","M","?","M","M","$","E","R","?","T","?","?","E","M","M","R","BOSS","M","M","?","$","?","M","R","E","T","R","?","M","M","M","R","BOSS"],"build_version":"2019-01-23","purchased_purges":0,"victory":false,"max_hp_per_floor":[77,77,77,77,77,77,77,77,77,77,77,77,77,77,77,77,77,79,79,79,79,86,88,88,88,88,88,88,88,88,90,90,90,90,90,92,92,92,92,94,94,96,96,96,96,96,96,96,96,96],"card_choices":[{"not_picked":["Blade Dance","Concentrate"],"picked":"PiercingWail","floor":1.0},{"not_picked":["Infinite Blades","Blade Dance"],"picked":"Dagger Spray","floor":2.0},{"not_picked":["Calculated Gamble","Heel Hook"],"picked":"Blur","floor":4.0},{"not_picked":["Underhanded Strike","Choke"],"picked":"Predator","floor":5.0},{"not_picked":["Tactician","Reflex"],"picked":"Cloak And Dagger","floor":7.0},{"not_picked":["Flying Knee","Catalyst"],"picked":"Cloak And Dagger","floor":11.0},{"not_picked":["Finisher","Underhanded Strike"],"picked":"Footwork","floor":13.0},{"not_picked":["Glass Knife","Reflex"],"picked":"Skewer","floor":14.0},{"not_picked":["Glass Knife","Envenom"],"picked":"Corpse Explosion","floor":16.0},{"not_picked":["Slice","Blade Dance","Heel Hook"],"picked":"Singing Bowl","floor":18.0},{"not_picked":["Blade Dance","Bane"],"picked":"Bouncing Flask","floor":20.0},{"not_picked":["Flying Knee","Quick Slash+1"],"picked":"Dodge and Roll","floor":21.0},{"not_picked":["Quick Slash","Cloak And Dagger","Backflip"],"picked":"Singing Bowl","floor":23.0},{"not_picked":["Prepared","Eviscerate+1"],"picked":"Catalyst","floor":28.0},{"not_picked":["Deflect","All Out Attack"],"picked":"Crippling Poison","floor":29.0},{"not_picked":["Masterful Stab+1","Skewer"],"picked":"Escape Plan","floor":30.0},{"not_picked":["Cloak And Dagger","Dagger Throw","Quick Slash"],"picked":"Singing Bowl","floor":31.0},{"not_picked":["Unload","Doppelganger"],"picked":"Night Terror","floor":33.0},{"not_picked":["Setup+1","Riddle With Holes+1"],"picked":"Blade Dance+1","floor":35.0},{"not_picked":["Distraction","Dash+1","Backstab"],"picked":"Singing Bowl","floor":36.0},{"not_picked":["Dodge and Roll","Deflect+1","Deadly Poison+1"],"picked":"Singing Bowl","floor":40.0},{"not_picked":["Bane+1","Concentrate","Setup+1"],"picked":"Singing Bowl","floor":42.0},{"not_picked":["Poisoned Stab+1","Bane"],"picked":"Choke+1","floor":46.0},{"not_picked":["Poisoned Stab+1","Quick Slash"],"picked":"Escape Plan+1","floor":47.0},{"not_picked":["Prepared+1","Night Terror"],"picked":"Deflect+1","floor":48.0}],"player_experience":892505,"relics_obtained":[{"floor":7.0,"key":"Centennial Puzzle"},{"floor":9.0,"key":"Singing Bowl"},{"floor":14.0,"key":"Ice Cream"},{"floor":23.0,"key":"Orichalcum"},{"floor":26.0,"key":"Pen Nib"},{"floor":29.0,"key":"Ornamental Fan"},{"floor":42.0,"key":"Juzu Bracelet"},{"floor":43.0,"key":"Bag of Marbles"}],"event_choices":[{"damage_healed":0.0,"max_hp_gain":0.0,"max_hp_loss":0.0,"gold_gain":0.0,"event_name":"Living Wall","player_choice":"Grow","floor":3.0,"gold_loss":0.0,"damage_taken":0.0,"cards_upgraded":["Neutralize"]},{"damage_healed":0.0,"max_hp_gain":0.0,"max_hp_loss":0.0,"gold_gain":0.0,"event_name":"Golden Idol","player_choice":"Take Wound","floor":12.0,"gold_loss":0.0,"damage_taken":0.0,"relics_obtained":["Golden Idol"],"cards_obtained":["Injury"]},{"damage_healed":0.0,"max_hp_gain":0.0,"max_hp_loss":0.0,"gold_gain":0.0,"event_name":"Addict","player_choice":"Obtained Relic","floor":19.0,"gold_loss":85.0,"damage_taken":0.0,"relics_obtained":["Thread and Needle"]},{"damage_healed":0.0,"max_hp_gain":0.0,"max_hp_loss":0.0,"gold_gain":99.0,"event_name":"Nest","player_choice":"Stole From Cult","floor":25.0,"gold_loss":0.0,"damage_taken":0.0},{"damage_healed":0.0,"max_hp_gain":0.0,"max_hp_loss":0.0,"gold_gain":0.0,"event_name":"Back to Basics","player_choice":"Simplicity","floor":27.0,"gold_loss":0.0,"damage_taken":0.0,"cards_upgraded":["Defend_G","Defend_G","Defend_G","Defend_G","Defend_G","Strike_G","Strike_G","Strike_G"]},{"damage_healed":0.0,"max_hp_gain":0.0,"max_hp_loss":0.0,"gold_gain":0.0,"event_name":"Tomb of Lord Red Mask","player_choice":"Ignored","floor":37.0,"gold_loss":0.0,"damage_taken":0.0},{"damage_healed":0.0,"max_hp_gain":0.0,"max_hp_loss":0.0,"gold_gain":0.0,"event_name":"Mysterious Sphere","player_choice":"Ignored","floor":39.0,"gold_loss":0.0,"damage_taken":0.0}],"is_beta":false,"boss_relics":[{"not_picked":["Pandora\u0027s Box","Coffee Dripper"],"picked":"Astrolabe"},{"not_picked":["Black Star","Velvet Choker"],"picked":"WristBlade"}],"items_purged_floors":[],"is_endless":false,"potions_floor_spawned":[4,5,7,11,16,20,28,29,30,31,36,40,46],"killed_by":"Awakened One","ascension_level":7}