{"gold_per_floor":[110,126,126,51,226,226,255,275,328,360,50,125,125],"floor_reached":13,"playtime":596,"items_purged":["Strike_B","Doubt"],"score":123,"play_id":"228bb42d-1c36-40f4-bb99-f8ed86dacc0e","local_time":"20190517161720","is_ascension_mode":true,"campfire_choices":[{"data":"Zap","floor":6,"key":"SMITH"}],"neow_cost":"NONE","seed_source_timestamp":119374616151682,"circlet_count":0,"master_deck":["Strike_B","Strike_B","Strike_B","Defend_B","Defend_B+1","Defend_B","Defend_B","Zap+1","Dualcast","Redo+1","Ball Lightning","Electrodynamics","Capacitor","Loop","Go for the Eyes"],"relics":["Runic Dome","Vajra","WingedGreaves","Tiny Chest"],"potions_floor_usage":[10,13],"damage_taken":[{"damage":5,"enemies":"Small Slimes","floor":1,"turns":3},{"damage":2,"enemies":"2 Louse","floor":2,"turns":3},{"damage":20,"enemies":"Gremlin Nob","floor":7,"turns":4},{"damage":0,"enemies":"Cultist","floor":8,"turns":3},{"damage":5,"enemies":"3 Sentries","floor":10,"turns":4},{"damage":15,"enemies":"Gremlin Nob","floor":13,"turns":3}],"seed_played":"6970332493430955752","potions_obtained":[{"floor":8,"key":"Block Potion"},{"floor":10,"key":"EssenceOfSteel"}],"is_trial":false,"path_per_floor":["M","M","?","$","?","R","E","M","T","E","$","?","E"],"character_chosen":"DEFECT","items_purchased":["Tiny Chest","Loop","Go for the Eyes"],"campfire_rested":0,"item_purchase_floors":[11,11,11],"current_hp_per_floor":[63,61,46,46,46,46,26,26,26,21,21,10,0],"gold":125,"neow_bonus":"BOSS_RELIC","is_prod":false,"is_daily":false,"chose_seed":false,"campfire_upgraded":1,"win_rate":0,"timestamp":1558124240,"path_taken":["M","M","?","$","?","R","E","M","T","E","$","?","E"],"build_version":"2019-01-23","purchased_purges":2,"victory":false,"max_hp_per_floor":[75,75,75,75,75,75,75,75,75,75,75,75,75],"card_choices":[{"not_picked":["Rebound","Stack"],"picked":"Redo","floor":1},{"not_picked":["Force Field","Recycle"],"picked":"Ball Lightning","floor":2},{"not_picked":["Scrape","Steam Power"],"picked":"Electrodynamics","floor":7},{"not_picked":["Rip and Tear","Consume","Leap"],"picked":"SKIP","floor":8},{"not_picked":["Steam","Blizzard"],"picked":"Capacitor","floor":10}],"player_experience":331610,"relics_obtained":[{"floor":7,"key":"Vajra"},{"floor":10,"key":"WingedGreaves"}],"event_choices":[{"damage_healed":0,"gold_gain":0,"player_choice":"Entered Light","damage_taken":15,"max_hp_gain":0,"max_hp_loss":0,"event_name":"Shining Light","floor":3,"gold_loss":0,"cards_upgraded":["Redo","Defend_B"]},{"damage_healed":0,"gold_gain":175,"player_choice":"AGREE","damage_taken":0,"max_hp_gain":0,"max_hp_loss":0,"event_name":"Liars Game","floor":5,"gold_loss":0,"cards_obtained":["Doubt"]},{"damage_healed":0,"gold_gain":75,"player_choice":"Gather Gold","damage_taken":11,"max_hp_gain":0,"max_hp_loss":0,"event_name":"World of Goop","floor":12,"gold_loss":0}],"is_beta":false,"boss_relics":[],"items_purged_floors":[4,11],"is_endless":false,"potions_floor_spawned":[8,10],"killed_by":"Gremlin Nob","ascension_level":7}