{"gold_per_floor":[119,119,134,151,175,203,203,232,256,256,268,284,304,304,304,304],"floor_reached":16,"playtime":632,"items_purged":[],"score":218,"play_id":"c6695756-8b14-49ed-9185-6c1eac01fa42","local_time":"20190508193114","is_ascension_mode":true,"campfire_choices":[{"data":"Metallicize","floor":7,"key":"SMITH"},{"data":"Intimidate","floor":10,"key":"SMITH"},{"floor":15,"key":"REST"}],"neow_cost":"NONE","seed_source_timestamp":918778323713667,"circlet_count":0,"master_deck":["AscendersBane","Strike_R","Strike_R","Strike_R","Strike_R","Strike_R","Defend_R","Defend_R","Defend_R","Defend_R","Bash+1","Metallicize+1","True Grit","Disarm","Intimidate+1","Spot Weakness","Reaper"],"relics":["Burning Blood","NeowsBlessing","PreservedInsect","Nunchaku","Pear","Omamori"],"potions_floor_usage":[6,11,11],"damage_taken":[{"damage":0,"enemies":"Small Slimes","floor":1,"turns":1},{"damage":0,"enemies":"Cultist","floor":3,"turns":1},{"damage":0,"enemies":"Jaw Worm","floor":4,"turns":2},{"damage":31,"enemies":"3 Sentries","floor":6,"turns":8},{"damage":21,"enemies":"Lagavulin","floor":8,"turns":7},{"damage":33,"enemies":"Large Slime","floor":11,"turns":8},{"damage":29,"enemies":"Exordium Wildlife","floor":12,"turns":5},{"damage":7,"enemies":"Red Slaver","floor":13,"turns":6},{"damage":36,"enemies":"Slime Boss","floor":16,"turns":8}],"seed_played":"-3697402600921620818","potions_obtained":[{"floor":1,"key":"Explosive Potion"},{"floor":4,"key":"SmokeBomb"},{"floor":6,"key":"Poison Potion"},{"floor":8,"key":"Regen Potion"}],"is_trial":false,"path_per_floor":["M","?","M","M","T","E","R","E","T","R","M","M","M","?","R","B"],"character_chosen":"IRONCLAD","items_purchased":[],"campfire_rested":1,"item_purchase_floors":[],"current_hp_per_floor":[74,74,75,75,75,50,50,45,45,45,32,9,8,8,33,0],"gold":304,"neow_bonus":"THREE_ENEMY_KILL","is_prod":false,"is_daily":false,"chose_seed":false,"campfire_upgraded":2,"win_rate":0,"timestamp":1557358274,"path_taken":["M","?","?","M","?","E","R","E","T","R","M","M","M","?","R","BOSS"],"build_version":"2019-01-23","purchased_purges":0,"victory":false,"max_hp_per_floor":[75,75,75,75,75,75,75,85,85,85,85,85,85,85,85,85],"card_choices":[{"not_picked":["Cleave","Second Wind"],"picked":"Metallicize","floor":1},{"not_picked":["Bloodletting","Warcry"],"picked":"True Grit","floor":3},{"not_picked":["Warcry","Cleave"],"picked":"Disarm","floor":4},{"not_picked":["Infernal Blade","Burning Pact","Iron Wave"],"picked":"SKIP","floor":6},{"not_picked":["Flame Barrier","Feel No Pain"],"picked":"Intimidate","floor":8},{"not_picked":["Body Slam","Disarm","Havoc"],"picked":"SKIP","floor":11},{"not_picked":["Flex","Ghostly Armor"],"picked":"Spot Weakness","floor":12},{"not_picked":["Burning Pact","Anger"],"picked":"Reaper","floor":13}],"player_experience":390710,"relics_obtained":[{"floor":5,"key":"PreservedInsect"},{"floor":6,"key":"Nunchaku"},{"floor":8,"key":"Pear"},{"floor":9,"key":"Omamori"}],"event_choices":[{"damage_healed":0,"gold_gain":0,"player_choice":"Upgraded","damage_taken":0,"max_hp_gain":0,"max_hp_loss":0,"event_name":"Upgrade Shrine","floor":2,"gold_loss":0,"cards_upgraded":["Bash"]},{"damage_healed":0,"gold_gain":0,"player_choice":"Searched \u00270\u0027 times","damage_taken":0,"max_hp_gain":0,"max_hp_loss":0,"event_name":"Dead Adventurer","floor":14,"gold_loss":0}],"is_beta":false,"boss_relics":[],"items_purged_floors":[],"is_endless":false,"potions_floor_spawned":[1,4,6,8],"killed_by":"Slime Boss","ascension_level":19}