{"gold_per_floor":[109,120,8,22,35,35,45,45,68,93,110,135,159,175,175,271,271,288,388,388,398,148,181,181,199,247,247,274,347,347,379,379,475,475,487,501,501,501,513,513,65,99,99,126,7,20,47,23,23,23],"floor_reached":51,"playtime":4524,"items_purged":["Defend_B","Strike_B","Defend_B","Defend_B"],"score":1189,"play_id":"88522853-a111-4f60-b625-f2028e081dcc","local_time":"20190508172623","is_ascension_mode":true,"campfire_choices":[{"data":"Defragment","floor":6,"key":"SMITH"},{"data":"Zap","floor":8,"key":"SMITH"},{"data":"Dualcast","floor":15,"key":"SMITH"},{"data":"Storm","floor":24,"key":"SMITH"},{"data":"Double Energy","floor":30,"key":"SMITH"},{"floor":32,"key":"REST"},{"floor":40,"key":"REST"},{"floor":49,"key":"REST"}],"neow_cost":"PERCENT_DAMAGE","seed_source_timestamp":631488317487467,"circlet_count":0,"master_deck":["Defend_B","Zap+1","Dualcast+1","Beam Cell","Defragment+1","Loop","Chill","Compile Driver","Beam Cell","Go for the Eyes","Conserve Battery","Turbo","All For One","Creative AI","Double Energy+1","Capacitor","Darkness","Storm+1","Coolheaded","Scrape","Compile Driver+1","Coolheaded","BootSequence+1","Turbo+1","Thunder Strike","Cold Snap+1","Coolheaded+1","Stack+1","Loop","Redo+1","Go for the Eyes+1","Glacier+1","Skim+1","Stack+1","Ball Lightning+1"],"relics":["Cracked Core","PreservedInsect","DataDisk","Strawberry","Boot","Nuclear Battery","Thread and Needle","Matryoshka","Mummified Hand","Smiling Mask","Orichalcum","Toxic Egg 2","Cables","Dream Catcher","Bottled Tornado","Bag of Marbles","Black Star","StoneCalendar","Vajra","Anchor","Calipers","Bronze Scales","Symbiotic Virus","Juzu Bracelet","Happy Flower"],"potions_floor_usage":[12,16,21,21,23,50,50],"damage_taken":[{"damage":1,"enemies":"Cultist","floor":1,"turns":3},{"damage":0,"enemies":"2 Louse","floor":2,"turns":1},{"damage":0,"enemies":"Small Slimes","floor":4,"turns":2},{"damage":4,"enemies":"2 Fungi Beasts","floor":5,"turns":3},{"damage":2,"enemies":"Looter","floor":7,"turns":2},{"damage":11,"enemies":"Gremlin Nob","floor":10,"turns":3},{"damage":0,"enemies":"Blue Slaver","floor":11,"turns":3},{"damage":0,"enemies":"3 Sentries","floor":12,"turns":4},{"damage":0,"enemies":"Gremlin Gang","floor":14,"turns":4},{"damage":13,"enemies":"Slime Boss","floor":16,"turns":6},{"damage":3,"enemies":"3 Byrds","floor":18,"turns":4},{"damage":11,"enemies":"Colosseum Slavers","floor":19,"turns":4},{"damage":11,"enemies":"Colosseum Nobs","floor":19,"turns":4},{"damage":8,"enemies":"Spheric Guardian","floor":21,"turns":5},{"damage":0,"enemies":"Gremlin Leader","floor":23,"turns":5},{"damage":11,"enemies":"Snake Plant","floor":25,"turns":3},{"damage":0,"enemies":"Book of Stabbing","floor":28,"turns":3},{"damage":0,"enemies":"Gremlin Leader","floor":31,"turns":2},{"damage":14,"enemies":"Champ","floor":33,"turns":6},{"damage":21,"enemies":"3 Shapes","floor":35,"turns":3},{"damage":33,"enemies":"3 Darklings","floor":36,"turns":4},{"damage":0,"enemies":"Maw","floor":39,"turns":5},{"damage":0,"enemies":"Giant Head","floor":42,"turns":5},{"damage":10,"enemies":"Reptomancer","floor":44,"turns":4},{"damage":0,"enemies":"Jaw Worm Horde","floor":46,"turns":3},{"damage":23,"enemies":"Nemesis","floor":47,"turns":3},{"damage":0,"enemies":"Awakened One","floor":50,"turns":5}],"seed_played":"4376288327372685756","potions_obtained":[{"floor":2,"key":"Energy Potion"},{"floor":5,"key":"Explosive Potion"},{"floor":7,"key":"Fire Potion"},{"floor":19,"key":"EntropicBrew"},{"floor":23,"key":"FocusPotion"},{"floor":28,"key":"SteroidPotion"},{"floor":44,"key":"Swift Potion"}],"is_trial":false,"path_per_floor":["M","M","$","M","M","R","M","R","T","E","M","E","T","M","R","B",null,"M","?","?","M","$","E","R","M","T","?","E","T","R","E","R","B",null,"M","M","?","?","M","R","$","E","T","E","$","M","E","$","R","B",null],"character_chosen":"DEFECT","items_purchased":["Loop","Storm","Coolheaded","Scrape","StoneCalendar","Loop","Redo+1","Glacier+1","Stack+1"],"campfire_rested":3,"item_purchase_floors":[3,22,22,22,41,41,41,45,48],"current_hp_per_floor":[53,53,53,53,49,49,47,47,47,36,36,43,43,43,43,30,82,79,57,57,58,58,58,58,47,47,47,47,47,47,47,71,57,82,61,28,28,28,28,52,52,52,52,42,42,42,19,19,43,43],"gold":23,"neow_bonus":"REMOVE_TWO","is_prod":false,"is_daily":false,"chose_seed":false,"campfire_upgraded":5,"win_rate":0,"timestamp":1557357983,"path_taken":["M","M","$","M","M","R","M","R","T","E","M","E","?","M","R","BOSS","M","?","?","M","$","E","R","M","T","?","E","?","R","E","R","BOSS","M","M","?","?","?","R","$","E","T","E","$","M","E","?","R","BOSS"],"build_version":"2019-01-23","purchased_purges":4,"victory":true,"max_hp_per_floor":[75,75,75,75,75,75,75,75,75,75,75,82,82,82,82,82,82,82,82,82,82,82,82,82,82,82,82,82,82,82,82,82,82,82,82,82,82,82,82,82,82,82,82,82,82,82,82,82,82,82],"card_choices":[{"not_picked":["Reinforced Body","Redo"],"picked":"Beam Cell","floor":1},{"not_picked":["Leap","Aggregate"],"picked":"Defragment","floor":2},{"not_picked":["Steam","Sweeping Beam"],"picked":"Chill","floor":4},{"not_picked":["Sweeping Beam","Double Energy"],"picked":"Compile Driver","floor":5},{"not_picked":["Blizzard","Barrage"],"picked":"Beam Cell","floor":7},{"not_picked":["Conserve Battery","Glacier"],"picked":"Go for the Eyes","floor":10},{"not_picked":["Streamline","Ball Lightning"],"picked":"Conserve Battery","floor":11},{"not_picked":["Undo","Sunder"],"picked":"Turbo","floor":12},{"not_picked":["Hello World","Sweeping Beam"],"picked":"All For One","floor":14},{"not_picked":["Thunder Strike","Multi-Cast"],"picked":"Creative AI","floor":16},{"not_picked":["Genetic Algorithm+1","Auto Shields"],"picked":"Double Energy","floor":18},{"not_picked":["Sunder+1","Coolheaded"],"picked":"Capacitor","floor":19},{"not_picked":["Leap","Sweeping Beam"],"picked":"Darkness","floor":21},{"not_picked":["Amplify","Loop"],"picked":"Compile Driver+1","floor":23},{"not_picked":["Sunder","Darkness"],"picked":"Coolheaded","floor":25},{"not_picked":["Reinforced Body+1","Steam+1"],"picked":"BootSequence+1","floor":28},{"not_picked":["Undo+1","Capacitor+1","Fusion+1"],"picked":"SKIP","floor":31},{"not_picked":["Self Repair","Loop"],"picked":"Turbo+1","floor":32},{"not_picked":["Amplify+1","Hyperbeam"],"picked":"Thunder Strike","floor":33},{"not_picked":["Sunder","Hologram+1","Reprogram+1"],"picked":"SKIP","floor":35},{"not_picked":["Gash","Steam+1"],"picked":"Cold Snap+1","floor":36},{"not_picked":["Scrape","Ball Lightning"],"picked":"Coolheaded+1","floor":39},{"not_picked":["Gash+1","Hologram+1"],"picked":"Stack+1","floor":40},{"not_picked":["Beam Cell","Stack+1","Biased Cognition"],"picked":"SKIP","floor":42},{"not_picked":["Hologram+1","Barrage"],"picked":"Go for the Eyes+1","floor":44},{"not_picked":["Gash+1","Leap+1"],"picked":"Skim+1","floor":46},{"not_picked":["Steam+1","Blizzard+1","Gash"],"picked":"SKIP","floor":47},{"not_picked":["Rebound","Conserve Battery+1"],"picked":"Ball Lightning+1","floor":49}],"player_experience":259380,"relics_obtained":[{"floor":9,"key":"PreservedInsect"},{"floor":10,"key":"DataDisk"},{"floor":12,"key":"Strawberry"},{"floor":13,"key":"Boot"},{"floor":19,"key":"Thread and Needle"},{"floor":19,"key":"Matryoshka"},{"floor":23,"key":"Mummified Hand"},{"floor":26,"key":"Smiling Mask"},{"floor":26,"key":"Orichalcum"},{"floor":28,"key":"Cables"},{"floor":29,"key":"Dream Catcher"},{"floor":29,"key":"Bottled Tornado"},{"floor":31,"key":"Bag of Marbles"},{"floor":42,"key":"Vajra"},{"floor":42,"key":"Anchor"},{"floor":43,"key":"Calipers"},{"floor":44,"key":"Bronze Scales"},{"floor":44,"key":"Symbiotic Virus"},{"floor":47,"key":"Juzu Bracelet"},{"floor":47,"key":"Happy Flower"}],"event_choices":[{"damage_healed":0,"gold_gain":0,"player_choice":"Fight","damage_taken":0,"max_hp_gain":0,"max_hp_loss":0,"event_name":"Colosseum","floor":19,"gold_loss":0},{"damage_healed":0,"gold_gain":0,"player_choice":"Fought Nobs","damage_taken":0,"max_hp_gain":0,"max_hp_loss":0,"event_name":"Colosseum","floor":19,"gold_loss":0},{"damage_healed":0,"gold_gain":0,"player_choice":"Ignored","damage_taken":0,"max_hp_gain":0,"max_hp_loss":0,"event_name":"Ghosts","floor":20,"gold_loss":0},{"damage_healed":0,"gold_gain":0,"player_choice":"Opened","damage_taken":0,"relics_obtained":["Toxic Egg 2"],"max_hp_gain":0,"max_hp_loss":0,"event_name":"The Mausoleum","floor":27,"gold_loss":0},{"cards_removed":["Strike_B"],"damage_healed":0,"gold_gain":0,"player_choice":"Removed Attack","damage_taken":0,"max_hp_gain":0,"max_hp_loss":0,"event_name":"Falling","floor":37,"gold_loss":0},{"damage_healed":0,"gold_gain":0,"player_choice":"Ignored","damage_taken":0,"max_hp_gain":0,"max_hp_loss":0,"event_name":"SecretPortal","floor":38,"gold_loss":0}],"is_beta":false,"boss_relics":[{"not_picked":["Busted Crown","Calling Bell"],"picked":"Nuclear Battery"},{"not_picked":["Astrolabe","Sozu"],"picked":"Black Star"}],"items_purged_floors":[3,22,41,45],"is_endless":false,"potions_floor_spawned":[2,5,7,10,19,23,28,35,39,44,46],"ascension_level":4}