{"gold_per_floor":[112,112,59,77,77,77,96,107,155,166,186,220,220,230,230,325,325,344,344,344,360,143,177,177,211,279,279,290,290,140,150,150,150],"floor_reached":33,"playtime":2882,"items_purged":["Body Slam","Strike_R+1"],"score":312,"play_id":"9077d1d4-a0de-4130-ae6e-fca9702b46fe","local_time":"20190526040134","is_ascension_mode":false,"campfire_choices":[{"data":"Defend_R","floor":6,"key":"SMITH"},{"data":"Defend_R","floor":15,"key":"SMITH"},{"data":"Ghostly","floor":29,"key":"SMITH"},{"data":"Ghostly","floor":32,"key":"SMITH"}],"neow_cost":"NONE","seed_source_timestamp":552202272788299,"circlet_count":0,"master_deck":["Strike_R+1","Strike_R+1","Strike_R+1","Defend_R+1","Defend_R+1","Defend_R+1","Defend_R+1","Clash","Flex+1","Shrug It Off","Heavy Blade","Clash","Metallicize+1","Pommel Strike","Bludgeon","Perfected Strike","Ghostly+1","Ghostly+1","Ghostly","Ghostly","Ghostly","Clash","Shrug It Off","Burning Pact","Pommel Strike","Iron Wave","Iron Wave","Heavy Blade","Anger","Battle Trance"],"relics":["Black Blood","NeowsBlessing","War Paint","Boot","Red Skull","Gremlin Horn","Juzu Bracelet","Shuriken"],"potions_floor_usage":[25,33,33,33],"damage_taken":[{"damage":0,"enemies":"Jaw Worm","floor":1,"turns":1},{"damage":0,"enemies":"Cultist","floor":4,"turns":1},{"damage":0,"enemies":"Small Slimes","floor":7,"turns":1},{"damage":0,"enemies":"Exordium Thugs","floor":8,"turns":4},{"damage":2,"enemies":"Exordium Wildlife","floor":10,"turns":4},{"damage":0,"enemies":"Red Slaver","floor":11,"turns":3},{"damage":11,"enemies":"Gremlin Nob","floor":12,"turns":4},{"damage":0,"enemies":"Blue Slaver","floor":14,"turns":3},{"damage":13,"enemies":"Slime Boss","floor":16,"turns":11},{"damage":13,"enemies":"Shell Parasite","floor":18,"turns":5},{"damage":0,"enemies":"Spheric Guardian","floor":21,"turns":5},{"damage":26,"enemies":"Slavers","floor":23,"turns":11},{"damage":4,"enemies":"Book of Stabbing","floor":25,"turns":6},{"damage":7,"enemies":"Shelled Parasite and Fungi","floor":28,"turns":9},{"damage":3,"enemies":"Snake Plant","floor":31,"turns":6},{"damage":50,"enemies":"Champ","floor":33,"turns":13}],"seed_played":"4520947176846199792","potions_obtained":[{"floor":7,"key":"Explosive Potion"},{"floor":12,"key":"Fire Potion"},{"floor":14,"key":"Swift Potion"},{"floor":25,"key":"Swift Potion"},{"floor":28,"key":"Ancient Potion"}],"is_trial":false,"path_per_floor":["M","?","$","M","?","R","M","M","T","M","M","E","?","M","R","B",null,"M","?","?","M","$","E","?","E","T","?","M","R","$","M","R","B"],"character_chosen":"IRONCLAD","items_purchased":["Flex","Shrug It Off","Burning Pact","Pommel Strike","Anger"],"campfire_rested":0,"item_purchase_floors":[3,22,22,22,30],"current_hp_per_floor":[80,80,80,80,80,80,80,80,80,80,80,75,75,80,80,73,80,77,40,40,40,40,24,24,30,30,40,40,40,40,40,40,0],"gold":150,"neow_bonus":"THREE_ENEMY_KILL","is_prod":false,"is_daily":false,"chose_seed":false,"campfire_upgraded":4,"win_rate":0.0,"timestamp":1558857694,"path_taken":["M","?","?","M","?","R","M","M","T","?","M","E","?","?","R","BOSS","M","?","?","M","?","E","?","E","T","?","M","R","$","M","R","BOSS"],"build_version":"2019-01-23","purchased_purges":2,"victory":false,"max_hp_per_floor":[80,80,80,80,80,80,80,80,80,80,80,80,80,80,80,80,80,80,40,40,40,40,40,40,40,40,40,40,40,40,40,40,40],"card_choices":[{"not_picked":["Perfected Strike","Clothesline"],"picked":"Clash","floor":1},{"not_picked":["Thunderclap","Rupture","Wild Strike"],"picked":"SKIP","floor":4},{"not_picked":["Flex","Infernal Blade"],"picked":"Shrug It Off","floor":7},{"not_picked":["Havoc","Shockwave"],"picked":"Heavy Blade","floor":8},{"not_picked":["Barricade","Rage"],"picked":"Clash","floor":10},{"not_picked":["Wild Strike","Corruption"],"picked":"Metallicize","floor":11},{"not_picked":["Corruption","Armaments"],"picked":"Pommel Strike","floor":12},{"not_picked":["Havoc","Headbutt"],"picked":"Body Slam","floor":14},{"not_picked":["Feed","Exhume"],"picked":"Bludgeon","floor":16},{"not_picked":["Infernal Blade","Pommel Strike"],"picked":"Perfected Strike","floor":18},{"not_picked":["Hemokinesis","Blood for Blood"],"picked":"Clash","floor":21},{"not_picked":["Flex+1","Reckless Charge"],"picked":"Iron Wave","floor":23},{"not_picked":["Sword Boomerang","Brutality"],"picked":"Iron Wave","floor":25},{"not_picked":["Body Slam","Sever Soul"],"picked":"Heavy Blade","floor":28},{"not_picked":["Evolve","Headbutt"],"picked":"Battle Trance","floor":31}],"player_experience":36972,"relics_obtained":[{"floor":9,"key":"War Paint"},{"floor":12,"key":"Boot"},{"floor":23,"key":"Red Skull"},{"floor":25,"key":"Juzu Bracelet"},{"floor":26,"key":"Shuriken"}],"event_choices":[{"cards_removed":["Bash"],"damage_healed":0,"gold_gain":0,"player_choice":"Offered Basic","damage_taken":0,"max_hp_gain":0,"max_hp_loss":0,"event_name":"Bonfire Elementals","floor":2,"gold_loss":0},{"cards_removed":["Strike_R"],"damage_healed":0,"gold_gain":0,"player_choice":"Forget","damage_taken":0,"max_hp_gain":0,"max_hp_loss":0,"event_name":"Living Wall","floor":5,"gold_loss":0},{"damage_healed":0,"gold_gain":0,"player_choice":"Upgraded","damage_taken":0,"max_hp_gain":0,"max_hp_loss":0,"event_name":"Upgrade Shrine","floor":13,"gold_loss":0,"cards_upgraded":["Metallicize"]},{"damage_healed":0,"gold_gain":0,"player_choice":"Became a Ghost","damage_taken":0,"max_hp_gain":0,"max_hp_loss":40,"event_name":"Ghosts","floor":19,"gold_loss":0,"cards_obtained":["Ghostly","Ghostly","Ghostly","Ghostly","Ghostly"]},{"damage_healed":0,"gold_gain":0,"player_choice":"Simplicity","damage_taken":0,"max_hp_gain":0,"max_hp_loss":0,"event_name":"Back to Basics","floor":20,"gold_loss":0,"cards_upgraded":["Strike_R","Strike_R","Strike_R","Strike_R","Defend_R"]},{"damage_healed":0,"gold_gain":0,"player_choice":"Opened","damage_taken":0,"relics_obtained":["Gremlin Horn"],"max_hp_gain":0,"max_hp_loss":0,"event_name":"The Mausoleum","floor":24,"gold_loss":0},{"damage_healed":13,"gold_gain":0,"player_choice":"Heal","damage_taken":0,"max_hp_gain":0,"max_hp_loss":0,"event_name":"The Library","floor":27,"gold_loss":0}],"is_beta":false,"boss_relics":[{"not_picked":["Tiny House","Orrery"],"picked":"Black Blood"}],"items_purged_floors":[22,30],"is_endless":false,"potions_floor_spawned":[7,12,14,16,21,25,28],"killed_by":"Champ","ascension_level":0}