{"gold_per_floor":[368,114,131,206,222,222,247,247,247,50,50],"floor_reached":11,"playtime":855,"items_purged":[],"score":75,"play_id":"fb554e82-9cbc-477b-a844-809dc647a476","local_time":"20190609053817","is_ascension_mode":true,"campfire_choices":[{"data":"Juggernaut","floor":6,"key":"SMITH"},{"floor":8,"key":"REST"}],"neow_cost":"CURSE","seed_source_timestamp":28292432697404,"circlet_count":0,"master_deck":["Strike_R","Strike_R","Strike_R","Strike_R","Strike_R","Defend_R","Defend_R","Defend_R","Defend_R+1","Bash","Shame","Heavy Blade","Juggernaut+1","Pummel","Thunderclap","Exhume","Headbutt","Pummel","True Grit+1"],"relics":["Burning Blood","Ice Cream","Bottled Lightning","War Paint"],"potions_floor_usage":[],"damage_taken":[{"damage":6,"enemies":"Jaw Worm","floor":1,"turns":3},{"damage":11,"enemies":"2 Louse","floor":3,"turns":3},{"damage":3,"enemies":"Small Slimes","floor":5,"turns":3},{"damage":42,"enemies":"3 Sentries","floor":7,"turns":9},{"damage":58,"enemies":"Gremlin Nob","floor":11,"turns":5}],"seed_played":"-2366877000412631586","potions_obtained":[{"floor":1,"key":"SpeedPotion"},{"floor":5,"key":"Swift Potion"}],"is_trial":false,"path_per_floor":["M","$","M","?","M","R","E","R","T","$","E"],"character_chosen":"IRONCLAD","items_purchased":["Juggernaut","Pummel","Thunderclap","True Grit","War Paint"],"campfire_rested":1,"item_purchase_floors":[2,2,2,10,10],"current_hp_per_floor":[80,80,75,64,67,67,31,55,55,55,0],"gold":50,"neow_bonus":"TWO_FIFTY_GOLD","is_prod":false,"is_daily":false,"chose_seed":false,"campfire_upgraded":1,"win_rate":0,"timestamp":1560076697,"path_taken":["M","$","M","?","M","R","E","R","T","$","E"],"build_version":"2019-01-23","purchased_purges":0,"victory":false,"max_hp_per_floor":[80,80,80,80,80,80,80,80,80,80,80],"card_choices":[{"not_picked":["Perfected Strike","Cleave"],"picked":"Heavy Blade","floor":1},{"not_picked":["Body Slam","Heavy Blade"],"picked":"Exhume","floor":3},{"not_picked":["Infernal Blade","Havoc"],"picked":"Headbutt","floor":5},{"not_picked":["Reckless Charge","Body Slam"],"picked":"Pummel","floor":7}],"player_experience":71653,"relics_obtained":[{"floor":7,"key":"Ice Cream"},{"floor":9,"key":"Bottled Lightning"}],"event_choices":[{"damage_healed":0,"gold_gain":75,"player_choice":"Gather Gold","damage_taken":11,"max_hp_gain":0,"max_hp_loss":0,"event_name":"World of Goop","floor":4,"gold_loss":0}],"is_beta":false,"boss_relics":[],"items_purged_floors":[],"is_endless":false,"potions_floor_spawned":[1,5],"killed_by":"Gremlin Nob","ascension_level":1}