{"gold_per_floor":[119,119,119,69,83,118,118,146,146,146,163,51,61,61,61,61],"floor_reached":16,"playtime":485,"items_purged":["Strike_G"],"score":206,"play_id":"ace6b6ab-a80e-41e5-b297-32d52748db90","local_time":"20190503062706","is_ascension_mode":true,"campfire_choices":[{"data":"Flying Knee","floor":7,"key":"SMITH"},{"data":"Infinite Blades","floor":15,"key":"SMITH"}],"neow_cost":"NONE","seed_source_timestamp":779325498543669,"circlet_count":0,"master_deck":["AscendersBane","Defend_G","Defend_G","Defend_G","Defend_G","Defend_G","Strike_G","Strike_G","Survivor+1","Neutralize+1","PiercingWail","Backflip","Flying Knee+1","Leg Sweep","PiercingWail","Infinite Blades+1"],"relics":["Ring of the Snake","NeowsBlessing","Snake Skull","Paper Crane","Blue Candle"],"potions_floor_usage":[8,16,16],"damage_taken":[{"damage":0,"enemies":"Cultist","floor":1,"turns":1},{"damage":0,"enemies":"Jaw Worm","floor":5,"turns":1},{"damage":0,"enemies":"Lagavulin","floor":6,"turns":2},{"damage":36,"enemies":"Gremlin Nob","floor":8,"turns":6},{"damage":0,"enemies":"Small Slimes","floor":11,"turns":3},{"damage":0,"enemies":"3 Louse","floor":13,"turns":5},{"damage":41,"enemies":"Slime Boss","floor":16,"turns":12}],"seed_played":"-5909746205572367041","potions_obtained":[{"floor":1,"key":"Poison Potion"},{"floor":11,"key":"Fire Potion"},{"floor":13,"key":"SteroidPotion"}],"is_trial":false,"path_per_floor":["M","?","?","?","M","E","R","E","T","?","M","$","M","?","R","B"],"character_chosen":"THE_SILENT","items_purchased":["Infinite Blades"],"campfire_rested":0,"item_purchase_floors":[12],"current_hp_per_floor":[63,49,49,49,49,49,49,13,13,36,36,36,36,36,36,0],"gold":61,"neow_bonus":"THREE_ENEMY_KILL","is_prod":false,"is_daily":false,"chose_seed":false,"campfire_upgraded":2,"win_rate":0,"timestamp":1556879226,"path_taken":["M","?","?","?","M","E","R","E","T","?","M","?","?","?","R","BOSS"],"build_version":"2019-01-23","purchased_purges":1,"victory":false,"max_hp_per_floor":[70,70,70,70,70,70,70,70,70,70,70,70,70,70,70,70],"card_choices":[{"not_picked":["Expertise","Dagger Spray"],"picked":"PiercingWail","floor":1},{"not_picked":["Underhanded Strike","Poisoned Stab"],"picked":"Backflip","floor":5},{"not_picked":["Distraction","Deflect"],"picked":"Flying Knee","floor":6},{"not_picked":["Flying Knee","Predator"],"picked":"Leg Sweep","floor":8},{"not_picked":["Cloak And Dagger","Deflect"],"picked":"PiercingWail","floor":11},{"not_picked":["Blade Dance","Eviscerate","Sucker Punch"],"picked":"SKIP","floor":13}],"player_experience":376520,"relics_obtained":[{"floor":6,"key":"Snake Skull"},{"floor":8,"key":"Paper Crane"},{"floor":9,"key":"Blue Candle"}],"event_choices":[{"damage_healed":0,"gold_gain":0,"player_choice":"Entered Light","damage_taken":14,"max_hp_gain":0,"max_hp_loss":0,"event_name":"Shining Light","floor":2,"gold_loss":0,"cards_upgraded":["Neutralize","Survivor"]},{"cards_removed":["Strike_G"],"damage_healed":0,"gold_gain":0,"player_choice":"Forget","damage_taken":0,"max_hp_gain":0,"max_hp_loss":0,"event_name":"Living Wall","floor":3,"gold_loss":0},{"cards_removed":["Strike_G"],"damage_healed":0,"gold_gain":0,"player_choice":"Card Removal","damage_taken":0,"max_hp_gain":0,"max_hp_loss":0,"event_name":"The Cleric","floor":4,"gold_loss":50},{"damage_healed":23,"gold_gain":0,"player_choice":"Banana","damage_taken":0,"max_hp_gain":0,"max_hp_loss":0,"event_name":"Big Fish","floor":10,"gold_loss":0},{"damage_healed":0,"gold_gain":0,"player_choice":"Bought 0 Potions","damage_taken":0,"max_hp_gain":0,"max_hp_loss":0,"event_name":"The Woman in Blue","floor":14,"gold_loss":0}],"is_beta":false,"boss_relics":[],"items_purged_floors":[12],"is_endless":false,"potions_floor_spawned":[1,11,13],"killed_by":"Slime Boss","ascension_level":11}