{"gold_per_floor":[214,214,224,102,114,141,141,141,141,170,170,170,170,185,185,256,256,272,282,296,133,133],"floor_reached":22,"playtime":1123,"items_purged":["Strike_G"],"score":378,"play_id":"04450710-9aa3-408c-b74e-da022b63cd65","local_time":"20190608211715","is_ascension_mode":true,"campfire_choices":[{"floor":8,"key":"REST"},{"floor":13,"key":"REST"},{"data":"Footwork","floor":15,"key":"SMITH"}],"neow_cost":"NONE","seed_source_timestamp":54774812960544,"circlet_count":0,"master_deck":["AscendersBane","Defend_G","Defend_G","Defend_G","Defend_G","Defend_G","Strike_G","Strike_G","Strike_G","Strike_G","Survivor","Neutralize","Poisoned Stab","Deflect","Well Laid Plans","Skewer","Footwork+1","Blade Dance+1","Malaise","Leg Sweep","A Thousand Cuts","Dodge and Roll","PiercingWail","Dash","Noxious Fumes","PiercingWail+1","Backflip","Footwork"],"relics":["Ring of the Snake","Shuriken","StoneCalendar","Happy Flower","Tingsha","Du-Vu Doll","Orrery"],"potions_floor_usage":[10,10,10,22,22],"damage_taken":[{"damage":2,"enemies":"2 Louse","floor":1,"turns":4},{"damage":0,"enemies":"Cultist","floor":3,"turns":3},{"damage":7,"enemies":"Small Slimes","floor":5,"turns":3},{"damage":45,"enemies":"Lagavulin","floor":6,"turns":7},{"damage":8,"enemies":"Gremlin Nob","floor":10,"turns":3},{"damage":2,"enemies":"Red Slaver","floor":14,"turns":5},{"damage":5,"enemies":"Hexaghost","floor":16,"turns":10},{"damage":23,"enemies":"Spheric Guardian","floor":18,"turns":7},{"damage":8,"enemies":"Shell Parasite","floor":19,"turns":7},{"damage":6,"enemies":"Snecko","floor":20,"turns":7},{"damage":27,"enemies":"Cultist and Chosen","floor":22,"turns":4}],"seed_played":"-1464703759250963653","potions_obtained":[{"floor":1,"key":"Explosive Potion"},{"floor":6,"key":"EntropicBrew"},{"floor":14,"key":"SkillPotion"}],"is_trial":false,"path_per_floor":["M","?","M","$","M","E","T","R","T","E","?","?","R","M","R","B",null,"M","M","M","$","M"],"character_chosen":"THE_SILENT","items_purchased":["Well Laid Plans","Skewer","Backflip","Footwork"],"campfire_rested":2,"item_purchase_floors":[4,4,21,21],"current_hp_per_floor":[57,57,57,57,50,5,5,24,24,16,16,16,35,33,33,28,57,34,26,20,20,0],"gold":133,"neow_bonus":"HUNDRED_GOLD","is_prod":false,"is_daily":false,"chose_seed":false,"campfire_upgraded":1,"win_rate":0,"timestamp":1560043035,"path_taken":["M","?","?","$","M","E","?","R","T","E","?","?","R","M","R","BOSS","M","M","M","$","M"],"build_version":"2019-01-23","purchased_purges":1,"victory":false,"max_hp_per_floor":[66,66,66,66,66,66,66,66,66,66,66,66,66,66,66,66,66,66,66,66,66,66],"card_choices":[{"not_picked":["Skewer","Catalyst"],"picked":"Poisoned Stab","floor":1},{"not_picked":["Flying Knee","Underhanded Strike"],"picked":"Deflect","floor":3},{"not_picked":["Flying Knee","Underhanded Strike"],"picked":"Footwork","floor":5},{"not_picked":["Dagger Throw","Bane"],"picked":"Blade Dance","floor":6},{"not_picked":["All Out Attack","Escape Plan"],"picked":"Malaise","floor":10},{"not_picked":["Dash","Slice"],"picked":"Leg Sweep","floor":14},{"not_picked":["Doppelganger","Phantasmal Killer"],"picked":"A Thousand Cuts","floor":16},{"not_picked":["Dagger Throw","Bane"],"picked":"Dodge and Roll","floor":17},{"not_picked":["Slice","Quick Slash"],"picked":"PiercingWail","floor":17},{"not_picked":["Dodge and Roll","Prepared"],"picked":"Dash","floor":17},{"not_picked":["Dash+1","Underhanded Strike","Phantasmal Killer"],"picked":"SKIP","floor":18},{"not_picked":["Heel Hook","Dagger Throw"],"picked":"Noxious Fumes","floor":19},{"not_picked":["Leg Sweep","Backstab"],"picked":"PiercingWail+1","floor":20}],"player_experience":606823,"relics_obtained":[{"floor":2,"key":"Shuriken"},{"floor":6,"key":"StoneCalendar"},{"floor":7,"key":"Happy Flower"},{"floor":9,"key":"Tingsha"},{"floor":10,"key":"Du-Vu Doll"}],"event_choices":[{"damage_healed":0,"gold_gain":0,"player_choice":"Relic","damage_taken":0,"max_hp_gain":0,"max_hp_loss":0,"event_name":"Wheel of Change","floor":2,"gold_loss":0},{"damage_healed":0,"gold_gain":0,"player_choice":"Searched \u00270\u0027 times","damage_taken":0,"max_hp_gain":0,"max_hp_loss":0,"event_name":"Dead Adventurer","floor":11,"gold_loss":0},{"damage_healed":0,"gold_gain":0,"player_choice":"Grow","damage_taken":0,"max_hp_gain":0,"max_hp_loss":0,"event_name":"Living Wall","floor":12,"gold_loss":0,"cards_upgraded":["Blade Dance"]}],"is_beta":false,"boss_relics":[{"not_picked":["Busted Crown","Astrolabe"],"picked":"Orrery"}],"items_purged_floors":[21],"is_endless":false,"potions_floor_spawned":[1,6,14],"killed_by":"Cultist and Chosen","ascension_level":19}