{"gold_per_floor":[213,213,226,246,266,296,296,309,363,398,411,421,421,438,438,438],"floor_reached":16,"playtime":550,"items_purged":[],"score":232,"play_id":"b47f86c5-65de-44d2-aff7-fbda31cec427","local_time":"20190610095430","is_ascension_mode":true,"campfire_choices":[{"data":"Bash","floor":7,"key":"SMITH"},{"data":"Cleave","floor":13,"key":"SMITH"},{"floor":15,"key":"REST"}],"neow_cost":"NONE","seed_source_timestamp":349369082216300,"circlet_count":0,"master_deck":["AscendersBane","Strike_R","Strike_R","Strike_R","Strike_R","Strike_R","Defend_R","Defend_R","Defend_R","Defend_R","Bash+1","Cleave+1","Pommel Strike","Headbutt","Thunderclap","Juggernaut"],"relics":["Burning Blood","Orichalcum","Juzu Bracelet","Self Forming Clay"],"potions_floor_usage":[6,6,6,6,6,10,10,16,16],"damage_taken":[{"damage":2,"enemies":"2 Louse","floor":1,"turns":4},{"damage":6,"enemies":"Small Slimes","floor":3,"turns":3},{"damage":1,"enemies":"Cultist","floor":4,"turns":3},{"damage":27,"enemies":"Blue Slaver","floor":5,"turns":5},{"damage":40,"enemies":"Lagavulin","floor":6,"turns":7},{"damage":5,"enemies":"2 Fungi Beasts","floor":8,"turns":4},{"damage":11,"enemies":"3 Sentries","floor":10,"turns":8},{"damage":1,"enemies":"3 Louse","floor":11,"turns":3},{"damage":0,"enemies":"Exordium Wildlife","floor":12,"turns":2},{"damage":6,"enemies":"2 Fungi Beasts","floor":14,"turns":3},{"damage":64,"enemies":"Slime Boss","floor":16,"turns":5}],"seed_played":"-8460883035958804051","potions_obtained":[{"floor":1,"key":"EntropicBrew"},{"floor":3,"key":"Weak Potion"},{"floor":8,"key":"Fire Potion"},{"floor":11,"key":"Poison Potion"},{"floor":12,"key":"LiquidBronze"},{"floor":14,"key":"Energy Potion"}],"is_trial":false,"path_per_floor":["M","?","M","M","M","E","R","M","T","E","M","M","R","M","R","B"],"character_chosen":"IRONCLAD","items_purchased":[],"campfire_rested":1,"item_purchase_floors":[],"current_hp_per_floor":[72,72,72,75,54,20,20,21,21,16,21,27,27,27,49,0],"gold":438,"neow_bonus":"HUNDRED_GOLD","is_prod":false,"is_daily":false,"chose_seed":false,"campfire_upgraded":2,"win_rate":0,"timestamp":1560153270,"path_taken":["M","?","M","M","M","E","R","M","T","E","M","M","R","M","R","BOSS"],"build_version":"2019-01-23","purchased_purges":0,"victory":false,"max_hp_per_floor":[75,75,75,75,75,75,75,75,75,75,75,75,75,75,75,75],"card_choices":[{"not_picked":["Dual Wield","Anger"],"picked":"Cleave","floor":1},{"not_picked":["Clothesline","Sword Boomerang"],"picked":"Pommel Strike","floor":3},{"not_picked":["Power Through","Havoc","Dual Wield"],"picked":"SKIP","floor":4},{"not_picked":["Body Slam","Twin Strike","Anger"],"picked":"SKIP","floor":5},{"not_picked":["Intimidate","Perfected Strike","Brutality"],"picked":"SKIP","floor":6},{"not_picked":["Sever Soul","Bloodletting","Warcry"],"picked":"SKIP","floor":8},{"not_picked":["Perfected Strike","Clothesline"],"picked":"Headbutt","floor":10},{"not_picked":["Havoc","Sentinel"],"picked":"Thunderclap","floor":11},{"not_picked":["Twin Strike","Power Through","Havoc"],"picked":"SKIP","floor":12},{"not_picked":["Twin Strike","Thunderclap"],"picked":"Juggernaut","floor":14}],"player_experience":682433,"relics_obtained":[{"floor":6,"key":"Orichalcum"},{"floor":9,"key":"Juzu Bracelet"},{"floor":10,"key":"Self Forming Clay"}],"event_choices":[{"damage_healed":0,"gold_gain":0,"player_choice":"Ignored","damage_taken":0,"max_hp_gain":0,"max_hp_loss":0,"event_name":"Liars Game","floor":2,"gold_loss":0}],"is_beta":false,"boss_relics":[],"items_purged_floors":[],"is_endless":false,"potions_floor_spawned":[1,3,8,11,12,14],"killed_by":"Slime Boss","ascension_level":20}