{"gold_per_floor":[115,126,58,58,158,186,186,199,199,72,72,83,83,100,100,202,202,212,137,149,149,162,162,494,494,494,494,5,22,40,54,54,151,151,171,187,237,253,253,253,283,295,295,295,295,205,205,232,232,232],"floor_reached":51,"playtime":2297,"items_purged":[],"score":1171,"play_id":"745cafd0-97c7-4d7e-a6a6-81d0c507febd","local_time":"20190519205050","is_ascension_mode":true,"campfire_choices":[{"data":"FTL","floor":7.0,"key":"SMITH"},{"data":"Coolheaded","floor":15.0,"key":"SMITH"},{"floor":23.0,"key":"DIG"},{"data":"Gash","floor":25.0,"key":"SMITH"},{"floor":27.0,"key":"DIG"},{"data":"Seek","floor":32.0,"key":"SMITH"},{"floor":40.0,"key":"REST"},{"floor":45.0,"key":"DIG"},{"floor":47.0,"key":"DIG"},{"floor":49.0,"key":"DIG"}],"neow_cost":"NONE","seed_source_timestamp":1186976837662122,"circlet_count":0,"master_deck":["Strike_B+1","Strike_B+1","Strike_B+1","Defend_B+1","Defend_B+1","Defend_B+1","Defend_B+1","Zap+1","Dualcast+1","Gash+1","FTL+1","Gash+1","FTL+1","Coolheaded+1","All For One+1","Hologram+1","Seek+1","Go for the Eyes+1","Gash+1","Gash+1"],"special_seed":0,"relics":["Cracked Core","NeowsBlessing","Ornamental Fan","Happy Flower","Shovel","Runic Pyramid","Singing Bowl","Old Coin","Gremlin Horn","Du-Vu Doll","Shuriken","Cursed Key","Ginger","Ice Cream","Mark of the Bloom","DataDisk","Bag of Marbles","Orichalcum","Pear"],"potions_floor_usage":[50],"damage_taken":[{"damage":0.0,"enemies":"Jaw Worm","floor":1.0,"turns":1.0},{"damage":0.0,"enemies":"2 Louse","floor":2.0,"turns":1.0},{"damage":0.0,"enemies":"3 Sentries","floor":6.0,"turns":1.0},{"damage":1.0,"enemies":"Cultist","floor":8.0,"turns":3.0},{"damage":5.0,"enemies":"Lots of Slimes","floor":12.0,"turns":4.0},{"damage":8.0,"enemies":"Large Slime","floor":14.0,"turns":5.0},{"damage":11.0,"enemies":"The Guardian","floor":16.0,"turns":12.0},{"damage":12.0,"enemies":"3 Byrds","floor":18.0,"turns":4.0},{"damage":4.0,"enemies":"Shell Parasite","floor":20.0,"turns":4.0},{"damage":33.0,"enemies":"Snake Plant","floor":22.0,"turns":6.0},{"damage":29.0,"enemies":"Slavers","floor":24.0,"turns":5.0},{"damage":4.0,"enemies":"Shelled Parasite and Fungi","floor":29.0,"turns":2.0},{"damage":5.0,"enemies":"Centurion and Healer","floor":30.0,"turns":5.0},{"damage":0.0,"enemies":"3 Cultists","floor":31.0,"turns":4.0},{"damage":21.0,"enemies":"Automaton","floor":33.0,"turns":7.0},{"damage":2.0,"enemies":"Orb Walker","floor":35.0,"turns":3.0},{"damage":0.0,"enemies":"3 Shapes","floor":36.0,"turns":2.0},{"damage":47.0,"enemies":"2 Orb Walkers","floor":37.0,"turns":6.0},{"damage":13.0,"enemies":"Maw","floor":38.0,"turns":4.0},{"damage":0.0,"enemies":"Giant Head","floor":41.0,"turns":4.0},{"damage":0.0,"enemies":"Jaw Worm Horde","floor":42.0,"turns":3.0},{"damage":0.0,"enemies":"Nemesis","floor":48.0,"turns":3.0},{"damage":12,"enemies":"Awakened One","floor":50,"turns":5}],"seed_played":"1181732082449578015","potions_obtained":[{"floor":1.0,"key":"Block Potion"},{"floor":12.0,"key":"SpeedPotion"},{"floor":14.0,"key":"SteroidPotion"},{"floor":24.0,"key":"FocusPotion"},{"floor":31.0,"key":"AttackPotion"},{"floor":37.0,"key":"PowerPotion"},{"floor":41.0,"key":"Ancient Potion"}],"is_trial":false,"path_per_floor":["M","M","$","?","?","E","R","M","T","$","T","M","?","M","R","B",null,"M","?","M","?","M","R","E","R","T","R","$","M","M","M","R","B",null,"M","M","?","M","?","R","E","M","T","?","R","?","R","E","R","B",null],"character_chosen":"DEFECT","items_purchased":["Capacitor","Gash","FTL","Seek","Shuriken","Go for the Eyes","Block Potion"],"campfire_rested":1,"item_purchase_floors":[3,10,10,28,28,28,28],"current_hp_per_floor":[68,75,75,60,60,60,60,66,66,66,66,68,68,67,67,63,72,67,67,70,70,44,44,24,24,24,24,24,29,33,42,42,30,71,76,78,40,36,36,63,72,79,79,79,79,79,79,79,79,67],"gold":232,"neow_bonus":"THREE_ENEMY_KILL","is_prod":false,"is_daily":false,"chose_seed":false,"campfire_upgraded":4,"win_rate":0,"timestamp":1558313450,"path_taken":["M","M","$","?","?","E","R","?","T","$","?","?","?","M","R","BOSS","M","?","M","?","M","R","E","R","T","R","$","M","M","M","R","BOSS","M","M","?","M","?","R","E","M","T","?","R","?","R","E","R","BOSS"],"build_version":"2019-01-23","purchased_purges":0,"victory":true,"max_hp_per_floor":[75,75,75,75,75,75,75,75,75,75,75,75,75,75,75,75,75,75,75,75,75,75,75,77,77,77,77,77,79,81,83,83,85,85,85,87,89,91,91,91,93,93,93,93,93,93,93,95,105,105],"card_choices":[{"not_picked":["Steam Power","Steam"],"picked":"Self Repair","floor":1.0},{"not_picked":["Streamline","Hologram"],"picked":"Gash","floor":2.0},{"not_picked":["Cold Snap","Loop"],"picked":"FTL","floor":6.0},{"not_picked":["Compile Driver","Undo","Hologram"],"picked":"SKIP","floor":8.0},{"not_picked":["Streamline","Self Repair","Rebound"],"picked":"SKIP","floor":12.0},{"not_picked":["Ball Lightning","Sweeping Beam"],"picked":"Coolheaded","floor":14.0},{"not_picked":["Reboot","Creative AI"],"picked":"All For One","floor":16.0},{"not_picked":["Barrage","Hello World","Steam"],"picked":"SKIP","floor":18.0},{"not_picked":["Barrage","Sweeping Beam"],"picked":"Hologram","floor":20.0},{"not_picked":["Steam+1","Loop+1","Melter"],"picked":"SKIP","floor":22.0},{"not_picked":["Darkness","Undo","Hologram"],"picked":"Singing Bowl","floor":24.0},{"not_picked":["Rebound","Streamline","Redo"],"picked":"Singing Bowl","floor":29.0},{"not_picked":["Turbo","Reinforced Body","Force Field"],"picked":"Singing Bowl","floor":30.0},{"not_picked":["Amplify","Turbo","Steam"],"picked":"Singing Bowl","floor":31.0},{"not_picked":["Buffer","Rainbow","Thunder Strike"],"picked":"Singing Bowl","floor":33.0},{"not_picked":["Melter+1","Redo"],"picked":"Gash+1","floor":35.0},{"not_picked":["Turbo","Barrage+1","Go for the Eyes"],"picked":"Singing Bowl","floor":36.0},{"not_picked":["Stack+1","Compile Driver","Go for the Eyes"],"picked":"Singing Bowl","floor":37.0},{"not_picked":["Rebound+1","Glacier","Auto Shields+1"],"picked":"Singing Bowl","floor":38.0},{"not_picked":["Leap","Steam","Hologram"],"picked":"Singing Bowl","floor":41.0},{"not_picked":["Lockon","Sunder"],"picked":"Gash+1","floor":42.0},{"not_picked":["Stack","Rainbow","Hello World+1"],"picked":"Singing Bowl","floor":48.0}],"player_experience":469688,"relics_obtained":[{"floor":6.0,"key":"Ornamental Fan"},{"floor":9.0,"key":"Happy Flower"},{"floor":11.0,"key":"Shovel"},{"floor":23.0,"key":"Singing Bowl"},{"floor":24.0,"key":"Old Coin"},{"floor":26.0,"key":"Gremlin Horn"},{"floor":27.0,"key":"Du-Vu Doll"},{"floor":37.0,"key":"Ginger"},{"floor":41.0,"key":"Ice Cream"},{"floor":45.0,"key":"DataDisk"},{"floor":47.0,"key":"Bag of Marbles"},{"floor":48.0,"key":"Orichalcum"},{"floor":49.0,"key":"Pear"}],"event_choices":[{"damage_healed":0.0,"max_hp_gain":0.0,"max_hp_loss":0.0,"gold_gain":0.0,"event_name":"Shining Light","player_choice":"Entered Light","floor":4.0,"gold_loss":0.0,"damage_taken":15.0,"cards_upgraded":["Strike_B","Defend_B"]},{"damage_healed":0.0,"max_hp_gain":0.0,"max_hp_loss":0.0,"gold_gain":100.0,"event_name":"Wheel of Change","player_choice":"Gold","floor":5.0,"gold_loss":0.0,"damage_taken":0.0},{"damage_healed":0.0,"max_hp_gain":0.0,"max_hp_loss":0.0,"gold_gain":0.0,"event_name":"Liars Game","player_choice":"Ignored","floor":13.0,"gold_loss":0.0,"damage_taken":0.0},{"cards_removed":["Strike_B"],"damage_healed":0.0,"max_hp_gain":0.0,"max_hp_loss":0.0,"gold_gain":0.0,"event_name":"Beggar","player_choice":"Gave Gold","floor":19.0,"gold_loss":75.0,"damage_taken":0.0},{"damage_healed":0.0,"max_hp_gain":0.0,"max_hp_loss":0.0,"gold_gain":0.0,"event_name":"The Woman in Blue","player_choice":"Bought 0 Potions","floor":21.0,"gold_loss":0.0,"damage_taken":0.0},{"damage_healed":0.0,"max_hp_gain":0.0,"max_hp_loss":0.0,"gold_gain":0.0,"event_name":"Mysterious Sphere","player_choice":"Fight","floor":37.0,"gold_loss":0.0,"damage_taken":0.0},{"cards_removed":["Capacitor"],"damage_healed":0.0,"max_hp_gain":0.0,"max_hp_loss":0.0,"gold_gain":0.0,"event_name":"Falling","player_choice":"Removed Power","floor":39.0,"gold_loss":0.0,"damage_taken":0.0},{"damage_healed":0.0,"max_hp_gain":0.0,"max_hp_loss":0.0,"gold_gain":0.0,"event_name":"MindBloom","player_choice":"Upgrade","floor":44.0,"gold_loss":0.0,"damage_taken":0.0,"cards_upgraded":["Strike_B","Strike_B","Defend_B","Defend_B","Defend_B","Zap","Dualcast","Self Repair","Gash","FTL","All For One","Hologram","Go for the Eyes"],"relics_obtained":["Mark of the Bloom"]},{"cards_removed":["Self Repair"],"damage_healed":0.0,"max_hp_gain":0.0,"max_hp_loss":0.0,"gold_gain":0.0,"event_name":"Designer","player_choice":"Removal","floor":46.0,"gold_loss":90.0,"damage_taken":0.0}],"is_beta":false,"boss_relics":[{"not_picked":["Calling Bell","Snecko Eye"],"picked":"Runic Pyramid"},{"not_picked":["Fusion Hammer","Busted Crown"],"picked":"Cursed Key"}],"items_purged_floors":[],"is_endless":false,"potions_floor_spawned":[1,12,14,16,20,24,31,37,41,48],"ascension_level":7}