{"gold_per_floor":[109,109,109,184,184,228,244,244,293,316,336,379,379,400,400,529,529,529,484,484,245,245,245,245,245,245,245,245,30,30,30,30,30,30,30,30,30,30,30,30,30,30,30,30,30,30,0,0,0,0,0,0,0,0,0],"floor_reached":56,"playtime":2553,"items_purged":["Strike_R"],"score":1264,"play_id":"2ff4365c-6628-4875-889a-3d1bbae653e3","local_time":"20190525083840","is_ascension_mode":false,"campfire_choices":[{"data":"Spot Weakness","floor":8.0,"key":"SMITH"},{"data":"Heavy Blade","floor":13.0,"key":"SMITH"},{"data":"True Grit","floor":15.0,"key":"SMITH"},{"data":"Shockwave","floor":24,"key":"SMITH"},{"floor":28,"key":"REST"},{"data":"Limit Break","floor":30,"key":"SMITH"},{"data":"Feel No Pain","floor":32,"key":"SMITH"},{"data":"Pommel Strike","floor":41,"key":"SMITH"},{"data":"True Grit","floor":46,"key":"SMITH"},{"floor":49,"key":"RECALL"},{"data":"Impervious","floor":52,"key":"SMITH"}],"neow_cost":"NONE","seed_source_timestamp":0,"circlet_count":0,"master_deck":["Strike_R","Strike_R","Strike_R","Defend_R","Defend_R+1","Defend_R+1","Defend_R","Bash","Spot Weakness+1","True Grit+1","Pommel Strike+1","Heavy Blade+1","Shockwave+1","Seeing Red","True Grit+1","Impervious+1","Spot Weakness+1","Feel No Pain+1","Havoc+1","Limit Break+1","Reaper","Violence","Shrug It Off+1","Double Tap"],"special_seed":0,"relics":["Burning Blood","NeowsBlessing","Golden Idol","Mercury Hourglass","Dream Catcher","Centennial Puzzle","Mummified Hand","Ectoplasm","MutagenicStrength","Sundial","Self Forming Clay","Vajra","Sozu","Incense Burner","War Paint","Red Mask","Dodecahedron"],"potions_floor_usage":[25,27,33],"damage_taken":[{"damage":0.0,"enemies":"Jaw Worm","floor":1.0,"turns":1.0},{"damage":0.0,"enemies":"Gremlin Nob","floor":6.0,"turns":1.0},{"damage":0.0,"enemies":"2 Louse","floor":7.0,"turns":1.0},{"damage":1.0,"enemies":"Small Slimes","floor":10.0,"turns":3.0},{"damage":2.0,"enemies":"Blue Slaver","floor":11.0,"turns":3.0},{"damage":36.0,"enemies":"Lagavulin","floor":12.0,"turns":5.0},{"damage":0.0,"enemies":"Exordium Wildlife","floor":14.0,"turns":2.0},{"damage":27.0,"enemies":"Slime Boss","floor":16.0,"turns":10.0},{"damage":11,"enemies":"3 Byrds","floor":18,"turns":5},{"damage":12,"enemies":"2 Thieves","floor":19,"turns":3},{"damage":17,"enemies":"Chosen and Byrds","floor":22,"turns":5},{"damage":7,"enemies":"Shelled Parasite and Fungi","floor":23,"turns":4},{"damage":37,"enemies":"Book of Stabbing","floor":25,"turns":5},{"damage":7,"enemies":"Snake Plant","floor":27,"turns":4},{"damage":3,"enemies":"Centurion and Healer","floor":31,"turns":5},{"damage":2,"enemies":"Champ","floor":33,"turns":6},{"damage":0,"enemies":"3 Shapes","floor":35,"turns":4},{"damage":7,"enemies":"Orb Walker","floor":37,"turns":3},{"damage":0,"enemies":"Transient","floor":38,"turns":5},{"damage":23,"enemies":"Reptomancer","floor":40,"turns":4},{"damage":27,"enemies":"Spire Growth","floor":42,"turns":5},{"damage":12,"enemies":"Nemesis","floor":44,"turns":5},{"damage":0,"enemies":"Sphere and 2 Shapes","floor":45,"turns":3},{"damage":1,"enemies":"3 Darklings","floor":48,"turns":3},{"damage":54,"enemies":"Awakened One","floor":50,"turns":10},{"damage":46,"enemies":"Shield and Spear","floor":54,"turns":8},{"damage":70,"enemies":"The Heart","floor":55,"turns":10}],"seed_played":"-794359038196994498","potions_obtained":[{"floor":1.0,"key":"Fire Potion"},{"floor":11.0,"key":"BloodPotion"},{"floor":22,"key":"Energy Potion"},{"floor":25,"key":"Swift Potion"},{"floor":31,"key":"Swift Potion"}],"is_trial":false,"path_per_floor":["M","?","?","?","?","E","M","R","T","M","M","E","R","M","R","B",null,"M","M","?","$","M","M","R","E","T","M","R","$","R","M","R","B",null,"M","?","M","M","?","E","R","M","T","E","M","R","?","M","R","B",null,"R","$","E","B",null],"character_chosen":"IRONCLAD","items_purchased":["Impervious","Limit Break","Vajra"],"campfire_rested":1,"item_purchase_floors":[21,29,29],"current_hp_per_floor":[80,60,48,37,30,36,42,42,42,47,51,29,29,35,35,14,80,75,69,69,69,58,57,57,26,26,25,49,49,49,52,52,56,80,80,80,80,80,80,80,80,59,59,53,72,72,72,80,80,53,80,80,80,58,7],"gold":0,"neow_bonus":"THREE_ENEMY_KILL","is_prod":false,"is_daily":false,"chose_seed":false,"campfire_upgraded":9,"win_rate":0,"timestamp":1558787920,"path_taken":["M","?","?","?","?","E","M","R","T","M","M","E","R","M","R","BOSS","M","M","?","$","M","M","R","E","T","M","R","$","R","M","R","BOSS","M","?","M","?","?","E","R","M","T","E","M","R","?","M","R","BOSS","R","$","E","BOSS"],"build_version":"2019-01-23","purchased_purges":1,"victory":true,"max_hp_per_floor":[80,80,80,80,80,80,80,80,80,80,80,80,80,80,80,80,80,80,80,80,80,80,80,80,80,80,80,80,80,80,80,80,80,80,80,80,80,80,80,80,80,80,80,80,80,80,80,80,80,80,80,80,80,80,80],"card_choices":[{"not_picked":["Carnage","Rampage"],"picked":"Spot Weakness","floor":1.0},{"not_picked":["Perfected Strike","Shrug It Off"],"picked":"True Grit","floor":6.0},{"not_picked":["Dropkick","Sword Boomerang","Wild Strike"],"picked":"SKIP","floor":7.0},{"not_picked":["Rage","Power Through"],"picked":"Pommel Strike","floor":10.0},{"not_picked":["Bloodletting","Perfected Strike"],"picked":"Heavy Blade","floor":11.0},{"not_picked":["Armaments","Wild Strike"],"picked":"Shockwave","floor":12.0},{"not_picked":["Cleave","Body Slam"],"picked":"Seeing Red","floor":14.0},{"not_picked":["Twin Strike","Sword Boomerang"],"picked":"True Grit","floor":18},{"not_picked":["Reckless Charge","Iron Wave","Armaments"],"picked":"SKIP","floor":19},{"not_picked":["Second Wind","Warcry"],"picked":"Spot Weakness+1","floor":22},{"not_picked":["Perfected Strike","Corruption","Clothesline"],"picked":"SKIP","floor":23},{"not_picked":["Pummel+1","Carnage"],"picked":"Feel No Pain","floor":25},{"not_picked":["Sword Boomerang","Warcry"],"picked":"Havoc+1","floor":27},{"not_picked":["Clothesline+1","Perfected Strike","Combust+1"],"picked":"SKIP","floor":31},{"not_picked":["Exhume","Limit Break"],"picked":"Reaper","floor":33},{"not_picked":["Rage+1","Body Slam","Perfected Strike+1"],"picked":"SKIP","floor":35},{"not_picked":["Twin Strike","Dual Wield","Second Wind"],"picked":"SKIP","floor":37},{"not_picked":["Body Slam","Clash","Reckless Charge"],"picked":"SKIP","floor":38},{"not_picked":["Dark Shackles","Trip"],"picked":"Violence","floor":39},{"not_picked":["Perfected Strike+1","Flame Barrier"],"picked":"Shrug It Off+1","floor":40},{"not_picked":["True Grit+1","Uppercut","Bloodletting"],"picked":"SKIP","floor":42},{"not_picked":["Inflame","Evolve+1","Clothesline+1"],"picked":"SKIP","floor":44},{"not_picked":["Inflame","Evolve+1","Clothesline+1"],"picked":"SKIP","floor":44},{"not_picked":["Inflame","Evolve+1","Clothesline+1"],"picked":"SKIP","floor":44},{"not_picked":["Sever Soul","Thunderclap","Burning Pact+1"],"picked":"SKIP","floor":45},{"not_picked":["Cleave","Sever Soul+1","Iron Wave"],"picked":"SKIP","floor":48},{"not_picked":["Headbutt","Havoc"],"picked":"Double Tap","floor":54}],"player_experience":501454,"relics_obtained":[{"floor":6.0,"key":"Dream Catcher"},{"floor":9.0,"key":"Centennial Puzzle"},{"floor":12.0,"key":"Mummified Hand"},{"floor":25,"key":"Sundial"},{"floor":26,"key":"Self Forming Clay"},{"floor":40,"key":"Incense Burner"},{"floor":44,"key":"War Paint"},{"floor":54,"key":"Dodecahedron"}],"event_choices":[{"damage_healed":0.0,"max_hp_gain":0.0,"max_hp_loss":0.0,"gold_gain":0.0,"event_name":"Golden Idol","player_choice":"Take Damage","floor":2.0,"gold_loss":0.0,"damage_taken":20.0,"relics_obtained":["Golden Idol"]},{"damage_healed":0.0,"max_hp_gain":0.0,"max_hp_loss":0.0,"gold_gain":0.0,"event_name":"Scrap Ooze","player_choice":"Success","floor":3.0,"gold_loss":0.0,"damage_taken":12.0,"relics_obtained":["Mercury Hourglass"]},{"damage_healed":0.0,"max_hp_gain":0.0,"max_hp_loss":0.0,"gold_gain":75.0,"event_name":"World of Goop","player_choice":"Gather Gold","floor":4.0,"gold_loss":0.0,"damage_taken":11.0},{"cards_removed":["Strike_R"],"damage_healed":0.0,"max_hp_gain":0.0,"max_hp_loss":0.0,"gold_gain":0.0,"event_name":"Golden Wing","player_choice":"Card Removal","floor":5.0,"gold_loss":0.0,"damage_taken":7.0},{"damage_healed":0,"gold_gain":0,"player_choice":"Inject Mutagens","damage_taken":0,"relics_obtained":["MutagenicStrength"],"max_hp_gain":0,"max_hp_loss":0,"event_name":"Drug Dealer","floor":20,"gold_loss":0},{"damage_healed":0,"gold_gain":0,"player_choice":"Got Potions","damage_taken":0,"max_hp_gain":0,"max_hp_loss":0,"event_name":"Lab","floor":36,"gold_loss":0},{"damage_healed":0,"gold_gain":0,"player_choice":"Memory 1","damage_taken":0,"max_hp_gain":0,"max_hp_loss":0,"event_name":"SensoryStone","floor":39,"gold_loss":0},{"damage_healed":0,"gold_gain":0,"player_choice":"Paid","damage_taken":0,"relics_obtained":["Red Mask"],"max_hp_gain":0,"max_hp_loss":0,"event_name":"Tomb of Lord Red Mask","floor":47,"gold_loss":30}],"is_beta":false,"boss_relics":[{"not_picked":["Tiny House","Velvet Choker"],"picked":"Ectoplasm"},{"not_picked":["Calling Bell","Orrery"],"picked":"Sozu"}],"items_purged_floors":[21],"is_endless":false,"potions_floor_spawned":[1,11,22,25,31,35,44,45,48,54],"ascension_level":0}