{"gold_per_floor":[110,130,148,148,165,165,200,200,200,220,220,239,239,239,239,336,336,355,64,80,97,110,110,127,127,127,152,152,152,163,163,163,266,266,282,282,299,56,56,56,74,39,39,58,358,376,376,127,127,127],"floor_reached":51,"playtime":9705,"items_purged":["Strike_G","Strike_G+1","Defend_G+1"],"score":619,"play_id":"47da66f8-fe15-4dba-b4e7-155d7389b1d9","local_time":"20190527195919","is_ascension_mode":false,"campfire_choices":[{"data":"Infinite Blades","floor":6,"key":"SMITH"},{"data":"Blade Dance","floor":8,"key":"SMITH"},{"data":"A Thousand Cuts","floor":11,"key":"SMITH"},{"data":"Neutralize","floor":13,"key":"SMITH"},{"data":"Prepared","floor":15,"key":"SMITH"},{"data":"Infinite Blades","floor":23,"key":"SMITH"},{"data":"Blade Dance","floor":25,"key":"SMITH"},{"data":"Well Laid Plans","floor":28,"key":"SMITH"},{"data":"Backflip","floor":32,"key":"SMITH"},{"floor":40,"key":"REST"},{"floor":47,"key":"REST"},{"floor":49,"key":"REST"}],"neow_cost":"NONE","seed_source_timestamp":1011334753380400,"circlet_count":0,"master_deck":["Defend_G+1","Defend_G+1","Defend_G+1","Strike_G+1","Strike_G+1","Survivor","Neutralize+1","Blade Dance+1","Prepared+1","Infinite Blades+1","Backflip+1","A Thousand Cuts+1","Die Die Die","Infinite Blades+1","Tactician+1","Well Laid Plans+1","Blade Dance+1","Adrenaline+1","Footwork","Tactician+1","Deflect+1","After Image"],"relics":["Calling Bell","Du-Vu Doll","Shuriken","Centennial Puzzle","Blood Vial","Boot","WristBlade","Anchor","Gremlin Horn","Bottled Tornado","Fusion Hammer","War Paint","Question Card"],"potions_floor_usage":[27,27,33,46,50,50,50],"damage_taken":[{"damage":1,"enemies":"2 Louse","floor":1,"turns":3},{"damage":10,"enemies":"Small Slimes","floor":2,"turns":2},{"damage":0,"enemies":"Cultist","floor":3,"turns":2},{"damage":11,"enemies":"Blue Slaver","floor":5,"turns":3},{"damage":14,"enemies":"3 Sentries","floor":7,"turns":5},{"damage":4,"enemies":"Red Slaver","floor":10,"turns":3},{"damage":6,"enemies":"3 Louse","floor":12,"turns":2},{"damage":20,"enemies":"The Guardian","floor":16,"turns":10},{"damage":20,"enemies":"2 Thieves","floor":18,"turns":3},{"damage":2,"enemies":"Shell Parasite","floor":20,"turns":3},{"damage":26,"enemies":"Sentry and Sphere","floor":21,"turns":5},{"damage":0,"enemies":"Snake Plant","floor":22,"turns":4},{"damage":0,"enemies":"Centurion and Healer","floor":24,"turns":3},{"damage":23,"enemies":"Slavers","floor":27,"turns":4},{"damage":5,"enemies":"Snecko","floor":30,"turns":5},{"damage":6,"enemies":"Automaton","floor":33,"turns":6},{"damage":0,"enemies":"3 Darklings","floor":35,"turns":2},{"damage":0,"enemies":"Orb Walker","floor":37,"turns":3},{"damage":0,"enemies":"Jaw Worm Horde","floor":41,"turns":2},{"damage":0,"enemies":"Sphere and 2 Shapes","floor":44,"turns":3},{"damage":0,"enemies":"Transient","floor":46,"turns":5},{"damage":30,"enemies":"Donu and Deca","floor":50,"turns":7}],"seed_played":"-4746327132207432112","potions_obtained":[{"floor":5,"key":"SteroidPotion"},{"floor":7,"key":"SteroidPotion"},{"floor":10,"key":"Swift Potion"},{"floor":20,"key":"PowerPotion"},{"floor":24,"key":"Regen Potion"},{"floor":30,"key":"Regen Potion"},{"floor":36,"key":"SkillPotion"},{"floor":36,"key":"Ancient Potion"},{"floor":37,"key":"PowerPotion"}],"is_trial":false,"path_per_floor":["M","M","M","?","M","R","E","R","T","M","R","M","R","?","R","B",null,"M","$","M","M","M","R","M","R","T","E","R","?","M","?","R","B",null,"M","?","M","$","?","R","M","$","T","M","?","M","R","$","R","B",null],"character_chosen":"THE_SILENT","items_purchased":["Infinite Blades","Anchor","War Paint","Footwork","After Image","Energy Potion"],"campfire_rested":3,"item_purchase_floors":[19,19,38,42,48,48],"current_hp_per_floor":[69,59,59,64,53,53,39,39,39,37,37,33,33,33,33,15,75,55,55,55,31,33,33,35,35,35,26,26,26,23,23,23,34,75,75,75,75,75,75,75,75,75,75,75,75,75,75,75,75,45],"gold":127,"neow_bonus":"BOSS_RELIC","is_prod":false,"is_daily":false,"chose_seed":false,"campfire_upgraded":9,"win_rate":0,"timestamp":1559001559,"path_taken":["M","M","M","?","M","R","E","R","T","M","R","M","R","?","R","BOSS","M","$","M","?","M","R","M","R","T","E","R","?","?","?","R","BOSS","M","?","M","?","?","R","M","?","T","M","?","?","R","$","R","BOSS"],"build_version":"2019-01-23","purchased_purges":3,"victory":true,"max_hp_per_floor":[70,70,70,75,75,75,75,75,75,75,75,75,75,75,75,75,75,75,75,75,75,75,75,75,75,75,75,75,75,75,75,75,75,75,75,75,75,75,75,75,75,75,75,75,75,75,75,75,75,75],"card_choices":[{"not_picked":["Deadly Poison","Leg Sweep"],"picked":"Blade Dance","floor":1},{"not_picked":["Dagger Spray","Outmaneuver"],"picked":"Prepared","floor":2},{"not_picked":["Underhanded Strike","Flying Knee"],"picked":"Infinite Blades","floor":3},{"not_picked":["Deflect","Outmaneuver","Slice"],"picked":"SKIP","floor":5},{"not_picked":["Choke","Deflect"],"picked":"Backflip","floor":7},{"not_picked":["Bane","Concentrate"],"picked":"A Thousand Cuts","floor":10},{"not_picked":["Finisher","Deadly Poison","Heel Hook"],"picked":"SKIP","floor":12},{"not_picked":["Corpse Explosion","Malaise"],"picked":"Die Die Die","floor":16},{"not_picked":["Deflect","Skewer","Sucker Punch"],"picked":"SKIP","floor":18},{"not_picked":["Dash","Deadly Poison","Dagger Throw"],"picked":"SKIP","floor":20},{"not_picked":["Endless Agony","Dodge and Roll"],"picked":"Tactician","floor":21},{"not_picked":["Bane+1","Flying Knee"],"picked":"Well Laid Plans","floor":22},{"not_picked":["Calculated Gamble","Outmaneuver"],"picked":"Blade Dance","floor":24},{"not_picked":["Outmaneuver+1","Dagger Throw+1","Die Die Die"],"picked":"SKIP","floor":27},{"not_picked":["Underhanded Strike+1","Quick Slash","Terror"],"picked":"SKIP","floor":30},{"not_picked":["Venomology","Envenom"],"picked":"Adrenaline","floor":33},{"not_picked":["Quick Slash","Dash+1","Dagger Throw"],"picked":"SKIP","floor":35},{"not_picked":["Finisher+1","Catalyst","Blade Dance"],"picked":"SKIP","floor":37},{"not_picked":["Slice+1","Underhanded Strike+1","Acrobatics"],"picked":"SKIP","floor":41},{"not_picked":["Flechettes","Cloak And Dagger","Underhanded Strike"],"picked":"Tactician+1","floor":44},{"not_picked":["Crippling Poison","Dagger Throw","Bouncing Flask"],"picked":"Deflect+1","floor":46}],"player_experience":939122,"relics_obtained":[{"floor":0,"key":"Du-Vu Doll"},{"floor":0,"key":"Shuriken"},{"floor":0,"key":"Centennial Puzzle"},{"floor":7,"key":"Blood Vial"},{"floor":9,"key":"Boot"},{"floor":26,"key":"Gremlin Horn"},{"floor":27,"key":"Bottled Tornado"},{"floor":43,"key":"Question Card"}],"event_choices":[{"damage_healed":0,"gold_gain":0,"player_choice":"Donut","damage_taken":0,"max_hp_gain":5,"max_hp_loss":0,"event_name":"Big Fish","floor":4,"gold_loss":0},{"cards_removed":["Strike_G"],"damage_healed":0,"gold_gain":0,"player_choice":"Purged","damage_taken":0,"max_hp_gain":0,"max_hp_loss":0,"event_name":"Purifier","floor":14,"gold_loss":0},{"cards_removed":["Clumsy","Writhe","Writhe"],"damage_healed":0,"gold_gain":0,"player_choice":"Removed Curses","damage_taken":0,"max_hp_gain":0,"max_hp_loss":0,"event_name":"Fountain of Cleansing","floor":29,"gold_loss":0},{"damage_healed":0,"gold_gain":0,"player_choice":"Simplicity","damage_taken":0,"max_hp_gain":0,"max_hp_loss":0,"event_name":"Back to Basics","floor":31,"gold_loss":0,"cards_upgraded":["Defend_G","Defend_G","Defend_G","Defend_G","Defend_G","Strike_G","Strike_G","Strike_G"]},{"damage_healed":0,"gold_gain":0,"player_choice":"Got Potions","damage_taken":0,"max_hp_gain":0,"max_hp_loss":0,"event_name":"Lab","floor":36,"gold_loss":0},{"cards_removed":["Defend_G"],"damage_healed":0,"gold_gain":0,"player_choice":"Removed Skill","damage_taken":0,"max_hp_gain":0,"max_hp_loss":0,"event_name":"Falling","floor":39,"gold_loss":0},{"damage_healed":0,"gold_gain":300,"player_choice":"Gold","damage_taken":0,"max_hp_gain":0,"max_hp_loss":0,"event_name":"Wheel of Change","floor":45,"gold_loss":0}],"is_beta":false,"boss_relics":[{"not_picked":["Snecko Eye","Philosopher\u0027s Stone"],"picked":"WristBlade"},{"not_picked":["Tiny House","Runic Pyramid"],"picked":"Fusion Hammer"}],"items_purged_floors":[19,38,48],"is_endless":false,"potions_floor_spawned":[5,7,10,18,20,24,30,37,41],"ascension_level":0}