{"gold_per_floor":[112,112,112,112,56,91,111,149,149,149,31,65,28,44,44,137,137,90,90,106,106,29,29,29],"floor_reached":24,"playtime":1033,"items_purged":["Injury"],"score":458,"play_id":"b1ee70e6-c52c-4aab-a929-0f4b8627600b","local_time":"20190603221234","is_ascension_mode":true,"campfire_choices":[{"floor":10.0,"key":"REST"},{"data":"Poisoned Stab","floor":15.0,"key":"SMITH"},{"floor":23.0,"key":"REST"}],"neow_cost":"NONE","seed_source_timestamp":0,"circlet_count":0,"master_deck":["AscendersBane","Defend_G","Defend_G","Defend_G","Defend_G","Defend_G","Strike_G","Strike_G","Strike_G","Strike_G","Survivor","Neutralize+1","Poisoned Stab+1","Dodge and Roll","Footwork","Backflip","Dagger Throw","Caltrops+1","PiercingWail","Backstab","PiercingWail","Malaise","Escape Plan","Noxious Fumes+1","PiercingWail","Dodge and Roll","Caltrops+1"],"special_seed":0,"relics":["Ring of the Snake","NeowsBlessing","Golden Idol","Blue Candle","Blood Vial","Frozen Egg 2","Pantograph","Orrery"],"potions_floor_usage":[24],"damage_taken":[{"damage":0.0,"enemies":"Small Slimes","floor":1.0,"turns":1.0},{"damage":0.0,"enemies":"Lagavulin","floor":6.0,"turns":1.0},{"damage":0.0,"enemies":"2 Louse","floor":7.0,"turns":1.0},{"damage":28.0,"enemies":"3 Sentries","floor":8.0,"turns":20.0},{"damage":37.0,"enemies":"Gremlin Nob","floor":12.0,"turns":5.0},{"damage":0.0,"enemies":"Jaw Worm","floor":14.0,"turns":3.0},{"damage":10.0,"enemies":"The Guardian","floor":16.0,"turns":14.0},{"damage":26.0,"enemies":"2 Thieves","floor":18.0,"turns":5.0},{"damage":22.0,"enemies":"Chosen","floor":20.0,"turns":8.0},{"damage":39,"enemies":"Gremlin Leader","floor":24,"turns":4}],"seed_played":"7770591782763031327","potions_obtained":[{"floor":6.0,"key":"Strength Potion"},{"floor":8.0,"key":"SteroidPotion"},{"floor":12.0,"key":"Dexterity Potion"},{"floor":19.0,"key":"Dexterity Potion"}],"is_trial":false,"path_per_floor":["M","?","?","?","$","E","M","E","T","R","$","E","$","M","R","B",null,"M","?","M","$","$","R","E"],"character_chosen":"THE_SILENT","items_purchased":["Dodge and Roll","Caltrops+1","Backstab","Caltrops+1"],"campfire_rested":2,"item_purchase_floors":[5,11,13,22],"current_hp_per_floor":[59,52,52,52,52,52,52,24,24,43,43,8,8,10,10,27,56,32,32,12,12,12,31,0],"gold":29,"neow_bonus":"THREE_ENEMY_KILL","is_prod":false,"is_daily":false,"chose_seed":false,"campfire_upgraded":1,"win_rate":0,"timestamp":1559614354,"path_taken":["M","?","?","?","$","E","M","E","T","R","$","E","?","?","R","BOSS","M","?","?","?","$","R","E"],"build_version":"2019-01-23","purchased_purges":1,"victory":false,"max_hp_per_floor":[66,66,66,66,66,66,66,66,66,66,66,66,66,66,66,66,66,66,66,66,66,66,66,66],"card_choices":[{"not_picked":["Deflect","Underhanded Strike"],"picked":"Poisoned Stab","floor":1.0},{"not_picked":["Blur","Underhanded Strike"],"picked":"Footwork","floor":6.0},{"not_picked":["Dagger Spray","Well Laid Plans"],"picked":"Backflip","floor":7.0},{"not_picked":["Wraith Form v2","Phantasmal Killer"],"picked":"Dagger Throw","floor":8.0},{"not_picked":["Concentrate","Dagger Spray"],"picked":"PiercingWail","floor":12.0},{"not_picked":["Eviscerate","Predator"],"picked":"PiercingWail","floor":14.0},{"not_picked":["Venomology","Phantasmal Killer"],"picked":"Malaise","floor":16.0},{"not_picked":["Bane","Quick Slash"],"picked":"Escape Plan","floor":17.0},{"not_picked":["Quick Slash","Accuracy+1"],"picked":"Noxious Fumes+1","floor":17.0},{"not_picked":["Dagger Throw","Distraction"],"picked":"PiercingWail","floor":17.0},{"not_picked":["Bane","Poisoned Stab","Quick Slash"],"picked":"SKIP","floor":18.0},{"not_picked":["Terror","Poisoned Stab+1"],"picked":"Dodge and Roll","floor":20.0}],"player_experience":552653,"relics_obtained":[{"floor":6.0,"key":"Blue Candle"},{"floor":8.0,"key":"Blood Vial"},{"floor":9.0,"key":"Frozen Egg 2"},{"floor":12.0,"key":"Pantograph"}],"event_choices":[{"cards_removed":["Strike_G"],"damage_healed":0.0,"max_hp_gain":0.0,"max_hp_loss":0.0,"gold_gain":0.0,"event_name":"Golden Wing","player_choice":"Card Removal","floor":2.0,"gold_loss":0.0,"damage_taken":7.0},{"damage_healed":0.0,"max_hp_gain":0.0,"max_hp_loss":0.0,"gold_gain":0.0,"event_name":"Golden Idol","player_choice":"Take Wound","floor":3.0,"gold_loss":0.0,"damage_taken":0.0,"relics_obtained":["Golden Idol"],"cards_obtained":["Injury"]},{"damage_healed":0.0,"max_hp_gain":0.0,"max_hp_loss":0.0,"gold_gain":0.0,"event_name":"Living Wall","player_choice":"Grow","floor":4.0,"gold_loss":0.0,"damage_taken":0.0,"cards_upgraded":["Neutralize"]},{"damage_healed":0.0,"max_hp_gain":0.0,"max_hp_loss":0.0,"gold_gain":0.0,"event_name":"Lab","player_choice":"Got Potions","floor":19.0,"gold_loss":0.0,"damage_taken":0.0}],"is_beta":false,"boss_relics":[{"not_picked":["Fusion Hammer","Black Star"],"picked":"Orrery"}],"items_purged_floors":[11],"is_endless":false,"potions_floor_spawned":[6,8,12,16],"killed_by":"Gremlin Leader","ascension_level":19}