{"gold_per_floor":[112,187,187,187,202,202,212,162,185,61,61,88,88,123,123,226,226,241,241,260,272,272,307,307,109,109,20,35,69,69,83,83,181,181,196,210,226,3,103,131,145,177,204,229,239,32,32,63,63,63],"floor_reached":51,"playtime":2688,"items_purged":["Defend_R"],"score":1047,"play_id":"0bcff05d-8907-49bc-93f1-e19be79ff6bb","local_time":"20181027183609","is_ascension_mode":true,"campfire_choices":[{"data":"Double Tap","floor":6,"key":"SMITH"},{"data":"Flex","floor":11,"key":"SMITH"},{"data":"Shockwave","floor":13,"key":"SMITH"},{"floor":15,"key":"DIG"},{"data":"Perfected Strike","floor":24,"key":"SMITH"},{"floor":30,"key":"REST"},{"floor":32,"key":"DIG"},{"data":"Double Tap","floor":47,"key":"SMITH"},{"floor":49,"key":"DIG"}],"neow_cost":"TEN_PERCENT_HP_LOSS","seed_source_timestamp":315650525299049,"circlet_count":0,"master_deck":["Strike_R","Strike_R","Strike_R","Strike_R","Strike_R","Bash","Double Tap+1","Shockwave+1","Flex+1","Pommel Strike","Clash","Wild Strike","Sword Boomerang","Twin Strike","J.A.X.","Clash","Perfected Strike+1","Bandage Up","Twin Strike","Wild Strike","Double Tap+1","Wild Strike+1","Thunderclap+1","Perfected Strike+1","Seeing Red","Spot Weakness+1","Perfected Strike+1","Clash+1","Twin Strike+1","Pommel Strike","Pommel Strike","Secret Technique","Rupture+1"],"relics":["Burning Blood","Question Card","Pen Nib","Frozen Egg 2","Shovel","Centennial Puzzle","Black Star","Bird Faced Urn","Bag of Preparation","PreservedInsect","Medical Kit","Letter Opener","Mercury Hourglass","Pear","Meat on the Bone","Sozu","Lantern","Turnip","Pantograph","Gremlin Horn","Gambling Chip","Incense Burner","Bag of Marbles","Oddly Smooth Stone","Juzu Bracelet","Bottled Flame","Toxic Egg 2","Ice Cream"],"potions_floor_usage":[14,20,23,31,31,33],"damage_taken":[{"damage":14,"enemies":"Jaw Worm","floor":1,"turns":3},{"damage":6,"enemies":"2 Louse","floor":5,"turns":3},{"damage":0,"enemies":"Cultist","floor":7,"turns":2},{"damage":9,"enemies":"3 Sentries","floor":12,"turns":4},{"damage":13,"enemies":"Lagavulin","floor":14,"turns":4},{"damage":28,"enemies":"Hexaghost","floor":16,"turns":5},{"damage":16,"enemies":"3 Byrds","floor":18,"turns":4},{"damage":0,"enemies":"2 Thieves","floor":20,"turns":1},{"damage":0,"enemies":"Snecko","floor":21,"turns":2},{"damage":42,"enemies":"Slavers","floor":23,"turns":4},{"damage":27,"enemies":"Chosen and Byrds","floor":28,"turns":4},{"damage":11,"enemies":"Book of Stabbing","floor":29,"turns":2},{"damage":18,"enemies":"Snake Plant","floor":31,"turns":2},{"damage":39,"enemies":"Automaton","floor":33,"turns":6},{"damage":11,"enemies":"3 Darklings","floor":35,"turns":3},{"damage":0,"enemies":"Orb Walker","floor":36,"turns":1},{"damage":9,"enemies":"Transient","floor":37,"turns":5},{"damage":3,"enemies":"Mind Bloom Boss Battle","floor":39,"turns":1},{"damage":12,"enemies":"Giant Head","floor":40,"turns":4},{"damage":3,"enemies":"Spire Growth","floor":41,"turns":1},{"damage":0,"enemies":"Reptomancer","floor":42,"turns":2},{"damage":0,"enemies":"Nemesis","floor":44,"turns":1},{"damage":0,"enemies":"Sphere and 2 Shapes","floor":45,"turns":1},{"damage":0,"enemies":"Giant Head","floor":48,"turns":1},{"damage":29,"enemies":"Donu and Deca","floor":50,"turns":3}],"seed_played":"3044458845089511225","potions_obtained":[{"floor":5,"key":"Weak Potion"},{"floor":7,"key":"EssenceOfSteel"},{"floor":12,"key":"GamblersBrew"},{"floor":16,"key":"Fire Potion"},{"floor":20,"key":"BloodPotion"},{"floor":28,"key":"AttackPotion"}],"is_trial":false,"path_per_floor":["M","?","?","?","M","R","M","?","T","$","R","E","R","E","R","B",null,"M","?","M","M","?","E","R","$","T","$","M","E","R","M","R","B",null,"M","M","M","$","?","E","M","E","T","E","M","$","R","E","R","B"],"character_chosen":"IRONCLAD","items_purchased":["Wild Strike","Medical Kit","Bandage Up","Seeing Red","Lantern","Pommel Strike","Secret Technique"],"campfire_rested":1,"item_purchase_floors":[10,25,27,38,38,46,46],"current_hp_per_floor":[64,53,53,46,46,46,52,52,52,52,52,49,49,42,42,20,72,62,62,68,72,72,43,43,43,43,43,26,35,59,47,47,30,82,80,82,79,79,82,79,82,82,82,82,82,82,82,82,82,62],"gold":63,"neow_bonus":"TRANSFORM_TWO_CARDS","is_prod":false,"is_daily":false,"chose_seed":false,"campfire_upgraded":5,"win_rate":0,"timestamp":1540686969,"path_taken":["M","?","?","?","?","R","M","?","T","$","R","E","R","E","R","BOSS","M","?","M","M","?","E","R","$","T","$","M","E","R","M","R","BOSS","M","M","M","$","?","E","M","E","T","E","M","?","R","E","R","BOSS"],"build_version":"2018-10-25v2","purchased_purges":1,"victory":true,"max_hp_per_floor":[72,72,72,72,72,72,72,72,72,72,72,72,72,72,72,72,72,72,72,72,72,72,72,72,72,72,72,72,82,82,82,82,82,82,82,82,82,82,82,82,82,82,82,82,82,82,82,82,82,82],"card_choices":[{"not_picked":["Headbutt","Anger"],"picked":"Flex","floor":1},{"not_picked":["Iron Wave","Havoc","Sever Soul"],"picked":"Pommel Strike","floor":5},{"not_picked":["Body Slam","Power Through","Intimidate"],"picked":"Clash","floor":7},{"not_picked":["Juggernaut","Iron Wave","Power Through","Armaments"],"picked":"SKIP","floor":12},{"not_picked":["Whirlwind","Carnage","Uppercut"],"picked":"Sword Boomerang","floor":14},{"not_picked":["Dual Wield","Cleave+1","Feel No Pain+1"],"picked":"Twin Strike","floor":18},{"not_picked":["Combust+1","Wild Strike","Clothesline"],"picked":"Clash","floor":20},{"not_picked":["Entrench+1","Inflame+1","Wild Strike"],"picked":"Perfected Strike","floor":21},{"not_picked":["True Grit+1","Rage","Barricade+1","Corruption+1"],"picked":"SKIP","floor":23},{"not_picked":["Ghostly Armor","Headbutt+1","Combust+1"],"picked":"Twin Strike","floor":28},{"not_picked":["Hemokinesis","Dropkick","Corruption+1","Disarm"],"picked":"SKIP","floor":29},{"not_picked":["Rage","Sword Boomerang","Body Slam"],"picked":"Wild Strike","floor":31},{"not_picked":["Fiend Fire","Dark Embrace+1","Immolate"],"picked":"Double Tap","floor":33},{"not_picked":["Armaments","Cleave+1","Pommel Strike+1"],"picked":"Wild Strike+1","floor":35},{"not_picked":["Body Slam+1","Dual Wield","Anger"],"picked":"Thunderclap+1","floor":36},{"not_picked":["Battle Trance","Corruption+1","Shrug It Off+1"],"picked":"Perfected Strike+1","floor":37},{"not_picked":["Dual Wield","Clothesline+1","Fiend Fire"],"picked":"Spot Weakness+1","floor":40},{"not_picked":["Flex","Wild Strike+1","Iron Wave"],"picked":"Perfected Strike+1","floor":41},{"not_picked":["Warcry","Combust+1","Pommel Strike"],"picked":"Clash+1","floor":42},{"not_picked":["Warcry","Intimidate","Sword Boomerang+1"],"picked":"Twin Strike+1","floor":44},{"not_picked":["Combust+1","Thunderclap+1","Sever Soul+1"],"picked":"Pommel Strike","floor":45},{"not_picked":["Ghostly Armor","Iron Wave+1","Headbutt+1"],"picked":"Rupture+1","floor":48}],"player_experience":200016,"relics_obtained":[{"floor":9,"key":"Pen Nib"},{"floor":12,"key":"Frozen Egg 2"},{"floor":14,"key":"Shovel"},{"floor":15,"key":"Centennial Puzzle"},{"floor":23,"key":"Bag of Preparation"},{"floor":23,"key":"PreservedInsect"},{"floor":26,"key":"Letter Opener"},{"floor":29,"key":"Mercury Hourglass"},{"floor":29,"key":"Pear"},{"floor":32,"key":"Meat on the Bone"},{"floor":39,"key":"Turnip"},{"floor":40,"key":"Pantograph"},{"floor":40,"key":"Gremlin Horn"},{"floor":42,"key":"Gambling Chip"},{"floor":42,"key":"Incense Burner"},{"floor":43,"key":"Bag of Marbles"},{"floor":44,"key":"Oddly Smooth Stone"},{"floor":44,"key":"Juzu Bracelet"},{"floor":48,"key":"Bottled Flame"},{"floor":48,"key":"Toxic Egg 2"},{"floor":49,"key":"Ice Cream"}],"event_choices":[{"damage_healed":0,"gold_gain":75,"player_choice":"Gather Gold","damage_taken":11,"max_hp_gain":0,"max_hp_loss":0,"event_name":"World of Goop","floor":2,"gold_loss":0},{"damage_healed":0,"gold_gain":0,"player_choice":"Box","damage_taken":0,"relics_obtained":["Question Card"],"max_hp_gain":0,"max_hp_loss":0,"event_name":"Big Fish","floor":3,"gold_loss":0,"cards_obtained":["Regret"]},{"cards_removed":["Regret"],"damage_healed":0,"gold_gain":0,"player_choice":"Card Removal","damage_taken":7,"max_hp_gain":0,"max_hp_loss":0,"event_name":"Golden Wing","floor":4,"gold_loss":0},{"cards_removed":["Defend_R"],"damage_healed":0,"gold_gain":0,"player_choice":"Card Removal","damage_taken":0,"max_hp_gain":0,"max_hp_loss":0,"event_name":"The Cleric","floor":8,"gold_loss":50},{"damage_healed":0,"gold_gain":0,"player_choice":"Obtain J.A.X.","damage_taken":0,"max_hp_gain":0,"max_hp_loss":0,"event_name":"Drug Dealer","floor":19,"gold_loss":0,"cards_obtained":["J.A.X."]},{"damage_healed":0,"gold_gain":0,"player_choice":"Opened","damage_taken":0,"relics_obtained":["Bird Faced Urn"],"max_hp_gain":0,"max_hp_loss":0,"event_name":"The Mausoleum","floor":22,"gold_loss":0},{"damage_healed":0,"gold_gain":0,"player_choice":"Fight","damage_taken":0,"max_hp_gain":0,"max_hp_loss":0,"event_name":"MindBloom","floor":39,"gold_loss":0}],"is_beta":false,"boss_relics":[{"not_picked":["Tiny House","Orrery"],"picked":"Black Star"},{"not_picked":["Philosopher\u0027s Stone","Velvet Choker"],"picked":"Sozu"}],"items_purged_floors":[10],"is_endless":false,"potions_floor_spawned":[5,7,12,16,20,28,29,35,36,42,45],"ascension_level":2}