{"gold_per_floor":[110,110,124,139,64,64,80,80,106,118,177,196,196,47,47,144,144,144,144,144,144,114,114,114,114,114,39,39,39,39,39,39,39,39,39,39,39,39,39,39,39,39,39,39,39,39,39,0,0,0],"floor_reached":51,"playtime":6597,"items_purged":["Strike_R","Strike_R"],"score":694,"play_id":"4078e27f-fc5f-42e7-8b86-f8d1a1eb3492","local_time":"20190606163807","is_ascension_mode":false,"campfire_choices":[{"data":"Shockwave","floor":6,"key":"SMITH"},{"data":"Bash","floor":8,"key":"SMITH"},{"data":"Cleave","floor":13,"key":"SMITH"},{"data":"Armaments","floor":15,"key":"SMITH"},{"data":"Armaments","floor":23,"key":"SMITH"},{"data":"Barricade","floor":28,"key":"SMITH"},{"data":"Body Slam","floor":30,"key":"SMITH"},{"data":"Demon Form","floor":32,"key":"SMITH"},{"data":"Body Slam","floor":40,"key":"SMITH"},{"data":"Entrench","floor":42,"key":"SMITH"},{"data":"Impervious","floor":44,"key":"SMITH"},{"floor":49,"key":"REST"}],"neow_cost":"NONE","seed_source_timestamp":1866394172353400,"circlet_count":0,"master_deck":["Defend_R","Defend_R","Defend_R","Defend_R","Bash+1","Cleave+1","Cleave","Headbutt","Shockwave+1","Battle Trance","Shrug It Off","Dropkick","Armaments+1","Demon Form+1","Armaments+1","Heavy Blade+1","Barricade+1","Body Slam+1","Body Slam+1","Impervious+1","Shrug It Off","Body Slam+1","Entrench+1","Madness","Madness","Finesse","Rage"],"relics":["Black Blood","Blood Vial","Tiny Chest","Ectoplasm","Sundial","MutagenicStrength","Letter Opener","Centennial Puzzle","The Courier","Potion Belt","Red Mask"],"potions_floor_usage":[16,24,33,38,50,50,50],"damage_taken":[{"damage":6,"enemies":"Cultist","floor":1,"turns":3},{"damage":6,"enemies":"Jaw Worm","floor":3,"turns":3},{"damage":0,"enemies":"Small Slimes","floor":4,"turns":2},{"damage":9,"enemies":"Blue Slaver","floor":7,"turns":4},{"damage":5,"enemies":"Exordium Wildlife","floor":10,"turns":2},{"damage":39,"enemies":"Lagavulin","floor":11,"turns":6},{"damage":0,"enemies":"Large Slime","floor":12,"turns":5},{"damage":19,"enemies":"The Guardian","floor":16,"turns":12},{"damage":5,"enemies":"3 Byrds","floor":18,"turns":4},{"damage":10,"enemies":"2 Thieves","floor":22,"turns":3},{"damage":11,"enemies":"Slavers","floor":24,"turns":5},{"damage":8,"enemies":"Snake Plant","floor":25,"turns":5},{"damage":7,"enemies":"Cultist and Chosen","floor":29,"turns":5},{"damage":6,"enemies":"Chosen and Byrds","floor":31,"turns":4},{"damage":0,"enemies":"Champ","floor":33,"turns":8},{"damage":5,"enemies":"3 Shapes","floor":35,"turns":4},{"damage":0,"enemies":"Orb Walker","floor":37,"turns":3},{"damage":0,"enemies":"Transient","floor":38,"turns":5},{"damage":7,"enemies":"Maw","floor":39,"turns":8},{"damage":13,"enemies":"Jaw Worm Horde","floor":46,"turns":4},{"damage":18,"enemies":"Sphere and 2 Shapes","floor":47,"turns":5},{"damage":27,"enemies":"Awakened One","floor":50,"turns":8}],"seed_played":"-7592547142289798456","potions_obtained":[{"floor":10,"key":"LiquidBronze"},{"floor":12,"key":"AttackPotion"},{"floor":16,"key":"AttackPotion"},{"floor":22,"key":"Ancient Potion"},{"floor":24,"key":"PowerPotion"},{"floor":35,"key":"GamblersBrew"},{"floor":39,"key":"FearPotion"},{"floor":46,"key":"AttackPotion"}],"is_trial":false,"path_per_floor":["M","?","M","M","$","R","M","R","T","M","E","M","R","$","R","B",null,"M","T","?","T","M","R","E","M","T","?","R","M","R","M","R","B",null,"M","?","M","M","M","R","?","R","T","R","?","M","M","?","R","B",null],"character_chosen":"IRONCLAD","items_purchased":["Armaments"],"campfire_rested":1,"item_purchase_floors":[14],"current_hp_per_floor":[80,80,80,80,80,80,77,77,77,80,47,55,55,55,55,44,80,80,80,80,80,76,76,73,73,73,73,73,74,74,76,76,80,80,80,80,80,80,80,80,70,70,70,70,70,69,63,63,80,63],"gold":0,"neow_bonus":"THREE_CARDS","is_prod":false,"is_daily":false,"chose_seed":false,"campfire_upgraded":11,"win_rate":0,"timestamp":1559853487,"path_taken":["M","?","M","M","$","R","M","R","T","M","E","M","R","?","R","BOSS","M","?","?","?","?","R","E","M","T","?","R","M","R","M","R","BOSS","M","?","M","M","M","R","?","R","T","R","?","M","M","?","R","BOSS"],"build_version":"2019-01-23","purchased_purges":2,"victory":true,"max_hp_per_floor":[80,80,80,80,80,80,80,80,80,80,80,80,80,80,80,80,80,80,80,80,80,80,80,80,80,80,80,80,80,80,80,80,80,80,80,80,80,80,80,80,80,80,80,80,80,80,80,80,80,80],"card_choices":[{"not_picked":["Havoc","True Grit"],"picked":"Cleave","floor":0},{"not_picked":["Clash","Hemokinesis"],"picked":"Cleave","floor":1},{"not_picked":["Havoc","Iron Wave"],"picked":"Headbutt","floor":3},{"not_picked":["Clothesline","Entrench"],"picked":"Shockwave","floor":4},{"not_picked":["Flame Barrier","Searing Blow","Clash"],"picked":"SKIP","floor":7},{"not_picked":["Anger","Shockwave"],"picked":"Battle Trance","floor":10},{"not_picked":["Berserk","Battle Trance"],"picked":"Shrug It Off","floor":11},{"not_picked":["Clothesline","Perfected Strike"],"picked":"Dropkick","floor":12},{"not_picked":["Immolate","Fiend Fire"],"picked":"Demon Form","floor":16},{"not_picked":["Wild Strike","Shrug It Off"],"picked":"Armaments","floor":18},{"not_picked":["Thunderclap+1","Infernal Blade","Havoc"],"picked":"SKIP","floor":22},{"not_picked":["Pommel Strike","Clash"],"picked":"Heavy Blade+1","floor":24},{"not_picked":["Anger+1","Warcry"],"picked":"Barricade","floor":25},{"not_picked":["Warcry","True Grit"],"picked":"Body Slam","floor":29},{"not_picked":["True Grit","Perfected Strike+1"],"picked":"Body Slam+1","floor":31},{"not_picked":["Exhume","Reaper"],"picked":"Impervious","floor":33},{"not_picked":["Sword Boomerang","True Grit+1"],"picked":"Shrug It Off","floor":35},{"not_picked":["Searing Blow","True Grit+1"],"picked":"Body Slam","floor":37},{"not_picked":["Flex+1","Body Slam","Headbutt+1"],"picked":"SKIP","floor":38},{"not_picked":["Dropkick","Havoc+1"],"picked":"Entrench","floor":39},{"not_picked":["Impatience","Bandage Up"],"picked":"Finesse","floor":45},{"not_picked":["True Grit+1","Sentinel+1","Perfected Strike+1"],"picked":"SKIP","floor":46},{"not_picked":["Combust","Bludgeon"],"picked":"Rage","floor":47}],"player_experience":1120723,"relics_obtained":[{"floor":9,"key":"Blood Vial"},{"floor":11,"key":"Tiny Chest"},{"floor":19,"key":"Sundial"},{"floor":21,"key":"Letter Opener"},{"floor":24,"key":"Centennial Puzzle"},{"floor":26,"key":"The Courier"},{"floor":43,"key":"Potion Belt"}],"event_choices":[{"cards_removed":["Strike_R"],"damage_healed":0,"gold_gain":0,"player_choice":"Forget","damage_taken":0,"max_hp_gain":0,"max_hp_loss":0,"event_name":"Living Wall","floor":2,"gold_loss":0},{"damage_healed":0,"gold_gain":0,"player_choice":"Inject Mutagens","damage_taken":0,"relics_obtained":["MutagenicStrength"],"max_hp_gain":0,"max_hp_loss":0,"event_name":"Drug Dealer","floor":20,"gold_loss":0},{"cards_removed":["Strike_R"],"damage_healed":0,"gold_gain":0,"player_choice":"Gave Gold","damage_taken":0,"max_hp_gain":0,"max_hp_loss":0,"event_name":"Beggar","floor":27,"gold_loss":75},{"cards_removed":["Strike_R"],"damage_healed":0,"gold_gain":0,"player_choice":"Removed Attack","damage_taken":0,"max_hp_gain":0,"max_hp_loss":0,"event_name":"Falling","floor":36,"gold_loss":0},{"damage_healed":0,"gold_gain":0,"player_choice":"Embrace Madness","damage_taken":10,"max_hp_gain":0,"max_hp_loss":0,"event_name":"Winding Halls","floor":41,"gold_loss":0,"cards_obtained":["Madness","Madness"]},{"damage_healed":0,"gold_gain":0,"player_choice":"Memory 1","damage_taken":0,"max_hp_gain":0,"max_hp_loss":0,"event_name":"SensoryStone","floor":45,"gold_loss":0},{"damage_healed":0,"gold_gain":0,"player_choice":"Paid","damage_taken":0,"relics_obtained":["Red Mask"],"max_hp_gain":0,"max_hp_loss":0,"event_name":"Tomb of Lord Red Mask","floor":48,"gold_loss":39}],"is_beta":false,"boss_relics":[{"not_picked":["White Beast Statue","Pandora\u0027s Box"],"picked":"Ectoplasm"},{"not_picked":["Eternal Feather","Orrery"],"picked":"Black Blood"}],"items_purged_floors":[5,14],"is_endless":false,"potions_floor_spawned":[10,12,16,22,24,35,39,46],"ascension_level":0}