{"gold_per_floor":[116,291,291,8,8,8,25,43,43,71,71,71,84,118,118,215,215,234,50,67,84,84,84,103,103,126,1,30,30,30,42,42,42],"floor_reached":33,"playtime":5250,"items_purged":["Strike_R","Strike_R","Bloodletting+1"],"score":263,"play_id":"190f166d-8174-4f72-aaf1-535cbcc0da3f","local_time":"20190523165420","is_ascension_mode":false,"campfire_choices":[{"data":"Iron Wave","floor":6.0,"key":"SMITH"},{"data":"Anger","floor":11.0,"key":"SMITH"},{"data":"Reaper","floor":15.0,"key":"SMITH"},{"floor":23,"key":"REST"},{"floor":25,"key":"REST"},{"floor":29,"key":"REST"},{"data":"Shrug It Off","floor":32,"key":"SMITH"}],"neow_cost":"NONE","seed_source_timestamp":0,"circlet_count":0,"master_deck":["Strike_R+1","Strike_R+1","Bash","Flex","Iron Wave+1","Reaper+1","Cleave","Cleave","Headbutt","Anger+1","Clash","Anger","Demon Form","Double Tap+1","Clash+1","Headbutt+1","Flame Barrier","Shrug It Off+1","Shrug It Off","Cleave","Metallicize+1","Bludgeon","Clash"],"special_seed":0,"relics":["Burning Blood","Paper Frog","Odd Mushroom","Regal Pillow","Astrolabe","Potion Belt","Boot"],"potions_floor_usage":[24,24,28,33,33,33,33],"damage_taken":[{"damage":2.0,"enemies":"Small Slimes","floor":1.0,"turns":4.0},{"damage":1.0,"enemies":"Jaw Worm","floor":7.0,"turns":3.0},{"damage":0.0,"enemies":"Cultist","floor":8.0,"turns":3.0},{"damage":14.0,"enemies":"The Mushroom Lair","floor":10.0,"turns":4.0},{"damage":10.0,"enemies":"3 Louse","floor":13.0,"turns":2.0},{"damage":15.0,"enemies":"Gremlin Nob","floor":14.0,"turns":4.0},{"damage":72.0,"enemies":"Hexaghost","floor":16.0,"turns":10.0},{"damage":31.0,"enemies":"Shell Parasite","floor":18.0,"turns":4.0},{"damage":33.0,"enemies":"2 Thieves","floor":20.0,"turns":3.0},{"damage":25.0,"enemies":"Snake Plant","floor":21.0,"turns":3.0},{"damage":20,"enemies":"Centurion and Healer","floor":24,"turns":6},{"damage":65,"enemies":"Book of Stabbing","floor":28,"turns":7},{"damage":14,"enemies":"3 Cultists","floor":31,"turns":4},{"damage":104,"enemies":"Automaton","floor":33,"turns":8}],"seed_played":"-7893263105684916352","potions_obtained":[{"floor":7.0,"key":"Regen Potion"},{"floor":14.0,"key":"Energy Potion"},{"floor":16.0,"key":"Strength Potion"},{"floor":21,"key":"Swift Potion"},{"floor":28,"key":"LiquidBronze"},{"floor":30,"key":"AttackPotion"},{"floor":30,"key":"Explosive Potion"},{"floor":30,"key":"Regen Potion"}],"is_trial":false,"path_per_floor":["M","?","?","$","?","R","M","M","T","?","R","?","M","E","R","B",null,"M","$","M","M","?","R","M","R","T","$","E","R","?","M","R","B"],"character_chosen":"IRONCLAD","items_purchased":["Reaper","Cleave","Flame Barrier","Shrug It Off"],"campfire_rested":3,"item_purchase_floors":[4,4,19,19],"current_hp_per_floor":[80,80,73,73,73,73,78,80,80,80,80,85,85,76,76,15,85,60,60,43,31,31,71,57,85,85,85,38,78,78,85,85,0],"gold":42,"neow_bonus":"TRANSFORM_CARD","is_prod":false,"is_daily":false,"chose_seed":false,"campfire_upgraded":4,"win_rate":0.0,"timestamp":1558644860,"path_taken":["M","?","?","$","?","R","M","?","T","?","R","?","M","E","R","BOSS","M","$","M","M","?","R","M","R","T","$","E","R","?","M","R","BOSS"],"build_version":"2019-01-23","purchased_purges":3,"victory":false,"max_hp_per_floor":[80,80,80,80,80,80,80,80,80,80,80,85,85,85,85,85,85,85,85,85,85,85,85,85,85,85,85,85,85,85,85,85,85],"card_choices":[{"not_picked":["Heavy Blade","Perfected Strike"],"picked":"Iron Wave","floor":1.0},{"not_picked":["Body Slam","Power Through"],"picked":"Cleave","floor":7.0},{"not_picked":["Power Through","Perfected Strike"],"picked":"Headbutt","floor":8.0},{"not_picked":["Cleave","Whirlwind"],"picked":"Anger","floor":10.0},{"not_picked":["Sever Soul","Hemokinesis"],"picked":"Clash","floor":13.0},{"not_picked":["Searing Blow","Disarm"],"picked":"Anger","floor":14.0},{"not_picked":["Fiend Fire","Barricade"],"picked":"Demon Form","floor":16.0},{"not_picked":["Cleave","Thunderclap"],"picked":"Headbutt+1","floor":18.0},{"not_picked":["Cleave","Warcry"],"picked":"Shrug It Off","floor":20.0},{"not_picked":["Second Wind","True Grit"],"picked":"Cleave","floor":21},{"not_picked":["Armaments","Spot Weakness"],"picked":"Metallicize+1","floor":24},{"not_picked":["Burning Pact","Twin Strike+1"],"picked":"Bludgeon","floor":28},{"not_picked":["True Grit","Pommel Strike"],"picked":"Clash","floor":31}],"player_experience":14515,"relics_obtained":[{"floor":9.0,"key":"Paper Frog"},{"floor":10.0,"key":"Odd Mushroom"},{"floor":14.0,"key":"Regal Pillow"},{"floor":26,"key":"Potion Belt"},{"floor":28,"key":"Boot"}],"event_choices":[{"damage_healed":0.0,"max_hp_gain":0.0,"max_hp_loss":0.0,"gold_gain":175.0,"event_name":"Liars Game","player_choice":"AGREE","floor":2.0,"gold_loss":0.0,"damage_taken":0.0,"cards_obtained":["Doubt"]},{"cards_removed":["Doubt"],"damage_healed":0.0,"max_hp_gain":0.0,"max_hp_loss":0.0,"gold_gain":0.0,"event_name":"Golden Wing","player_choice":"Card Removal","floor":3.0,"gold_loss":0.0,"damage_taken":7.0},{"cards_removed":["Strike_R"],"damage_healed":0.0,"max_hp_gain":0.0,"max_hp_loss":0.0,"gold_gain":0.0,"event_name":"Bonfire Elementals","player_choice":"Offered Basic","floor":5.0,"gold_loss":0.0,"damage_taken":0.0},{"damage_healed":0.0,"max_hp_gain":0.0,"max_hp_loss":0.0,"gold_gain":0.0,"event_name":"Mushrooms","player_choice":"Fought Mushrooms","floor":10.0,"gold_loss":0.0,"damage_taken":0.0},{"damage_healed":0.0,"max_hp_gain":5.0,"max_hp_loss":0.0,"gold_gain":0.0,"event_name":"Big Fish","player_choice":"Donut","floor":12.0,"gold_loss":0.0,"damage_taken":0.0},{"damage_healed":0,"gold_gain":0,"player_choice":"Simplicity","damage_taken":0,"max_hp_gain":0,"max_hp_loss":0,"event_name":"Back to Basics","floor":22,"gold_loss":0,"cards_upgraded":["Strike_R","Strike_R"]},{"damage_healed":0,"gold_gain":0,"player_choice":"Got Potions","damage_taken":0,"max_hp_gain":0,"max_hp_loss":0,"event_name":"Lab","floor":30,"gold_loss":0}],"is_beta":false,"boss_relics":[{"not_picked":["Orrery","Eternal Feather"],"picked":"Astrolabe"}],"items_purged_floors":[4,19,27],"is_endless":false,"potions_floor_spawned":[7,14,16,21,28],"killed_by":"Automaton","ascension_level":0}