{"gold_per_floor":[114,69,82,93,113,113,124,124,175,5,37,47,67,85,85,189,189,208,222,4,4,14,48,65,65,92,109,138,138,173,184,184,285,285,304,304,526,526],"floor_reached":38,"playtime":5313,"items_purged":["Strike_R"],"score":445,"play_id":"e392d786-5c6b-47c0-a138-6c9c70e51541","local_time":"20180922191302","is_ascension_mode":false,"campfire_choices":[{"data":"Iron Wave","floor":6,"key":"SMITH"},{"data":"Armaments","floor":8,"key":"SMITH"},{"data":"Armaments","floor":15,"key":"SMITH"},{"floor":25,"key":"REST"},{"floor":29,"key":"REST"},{"floor":32,"key":"REST"}],"neow_cost":"","seed_source_timestamp":218580214467270,"circlet_count":0,"master_deck":["Strike_R","Strike_R","Defend_R","Defend_R+1","Defend_R","Defend_R","Bash","Sever Soul","Armaments+1","Armaments+1","Iron Wave+1","Shrug It Off","Armaments+1","Offering","Mind Blast","Anger","Berserk","Rampage","Headbutt","Reaper","Pommel Strike","Headbutt","Metallicize","Discovery","Writhe","Ghostly Armor","Fiend Fire","Rage","Battle Trance+1","Seeing Red","Dropkick+1","Iron Wave","Feed","Whirlwind+1","Madness","Madness"],"relics":["Burning Blood","Bronze Scales","Self Forming Clay","Empty Cage","War Paint","Ancient Tea Set","PreservedInsect","Bag of Preparation","Red Mask","Mark of Pain"],"potions_floor_usage":[16,16,33,33],"damage_taken":[{"damage":6,"enemies":"Cultist","floor":1,"turns":3},{"damage":4,"enemies":"Small Slimes","floor":3,"turns":5},{"damage":0,"enemies":"2 Louse","floor":4,"turns":3},{"damage":0,"enemies":"Looter","floor":5,"turns":4},{"damage":6,"enemies":"2 Fungi Beasts","floor":7,"turns":5},{"damage":14,"enemies":"Lagavulin","floor":11,"turns":7},{"damage":9,"enemies":"Large Slime","floor":12,"turns":7},{"damage":8,"enemies":"Looter","floor":13,"turns":2},{"damage":3,"enemies":"3 Louse","floor":14,"turns":4},{"damage":34,"enemies":"The Guardian","floor":16,"turns":10},{"damage":14,"enemies":"Shell Parasite","floor":18,"turns":5},{"damage":6,"enemies":"Spheric Guardian","floor":19,"turns":3},{"damage":29,"enemies":"Snake Plant","floor":22,"turns":5},{"damage":31,"enemies":"Book of Stabbing","floor":23,"turns":8},{"damage":32,"enemies":"Sentry and Sphere","floor":24,"turns":5},{"damage":16,"enemies":"Centurion and Healer","floor":27,"turns":6},{"damage":27,"enemies":"Slavers","floor":28,"turns":5},{"damage":11,"enemies":"Masked Bandits","floor":30,"turns":7},{"damage":14,"enemies":"Snake Plant","floor":31,"turns":3},{"damage":38,"enemies":"Champ","floor":33,"turns":8},{"damage":32,"enemies":"3 Shapes","floor":35,"turns":6},{"damage":54,"enemies":"3 Darklings","floor":38,"turns":4}],"seed_played":"-8365471888309969628","potions_obtained":[{"floor":1,"key":"FearPotion"},{"floor":7,"key":"Poison Potion"},{"floor":12,"key":"LiquidBronze"},{"floor":14,"key":"EssenceOfSteel"},{"floor":16,"key":"SteroidPotion"},{"floor":19,"key":"AttackPotion"},{"floor":24,"key":"Fire Potion"},{"floor":30,"key":"Energy Potion"}],"is_trial":false,"path_per_floor":["M","$","M","M","M","R","M","R","T","$","E","M","M","M","R","B",null,"M","M","$","?","M","E","M","R","T","M","E","R","?","M","R","B",null,"M","?","?"],"character_chosen":"IRONCLAD","items_purchased":["Armaments","Offering","Mind Blast","Metallicize","Discovery"],"campfire_rested":3,"item_purchase_floors":[2,10,10,20,20],"current_hp_per_floor":[80,80,80,80,80,80,80,80,80,80,72,69,67,70,70,42,80,76,76,76,76,56,36,10,34,34,44,23,47,45,43,67,47,80,58,47,47,0],"gold":526,"neow_bonus":"","is_prod":false,"is_daily":false,"chose_seed":false,"campfire_upgraded":3,"win_rate":0.0,"timestamp":1537665182,"path_taken":["M","?","M","M","M","R","M","R","T","$","E","?","M","?","R","BOSS","M","M","$","?","M","E","M","R","T","M","E","R","?","M","R","BOSS","M","?","?","M"],"build_version":"2018-09-20","purchased_purges":1,"victory":false,"max_hp_per_floor":[80,80,80,80,80,80,80,80,80,80,80,80,80,80,80,80,80,80,80,80,80,80,80,80,80,80,80,80,80,80,80,80,80,80,84,84,84,84],"card_choices":[{"not_picked":["Burning Pact","Warcry"],"picked":"Sever Soul","floor":1},{"not_picked":["Iron Wave","Inflame"],"picked":"Armaments","floor":3},{"not_picked":["Clothesline","Body Slam"],"picked":"Iron Wave","floor":4},{"not_picked":["Thunderclap","True Grit"],"picked":"Shrug It Off","floor":5},{"not_picked":["Dual Wield","True Grit"],"picked":"Armaments","floor":7},{"not_picked":["Hemokinesis","Flex"],"picked":"Anger","floor":11},{"not_picked":["Sword Boomerang","Shockwave"],"picked":"Berserk","floor":12},{"not_picked":["Sever Soul","Armaments"],"picked":"Rampage","floor":13},{"not_picked":["Sever Soul","Second Wind"],"picked":"Headbutt","floor":14},{"not_picked":["Fiend Fire","Double Tap"],"picked":"Reaper","floor":16},{"not_picked":["Anger","True Grit"],"picked":"Pommel Strike","floor":18},{"not_picked":["Blood for Blood+1","Power Through"],"picked":"Headbutt","floor":19},{"not_picked":["Dual Wield","Rage"],"picked":"Ghostly Armor","floor":22},{"not_picked":["Corruption","Clothesline"],"picked":"Fiend Fire","floor":23},{"not_picked":["Shrug It Off","Pommel Strike"],"picked":"Rage","floor":24},{"not_picked":["Headbutt+1","Cleave"],"picked":"Battle Trance+1","floor":27},{"not_picked":["Dark Embrace","Carnage"],"picked":"Seeing Red","floor":28},{"not_picked":["Thunderclap","Second Wind+1"],"picked":"Dropkick+1","floor":30},{"not_picked":["Pommel Strike","Twin Strike"],"picked":"Iron Wave","floor":31},{"not_picked":["Fiend Fire","Dark Embrace"],"picked":"Feed","floor":33},{"not_picked":["Body Slam","Flex+1"],"picked":"Whirlwind+1","floor":35}],"player_experience":0,"relics_obtained":[{"floor":9,"key":"Bronze Scales"},{"floor":11,"key":"Self Forming Clay"},{"floor":23,"key":"Ancient Tea Set"},{"floor":26,"key":"PreservedInsect"},{"floor":28,"key":"Bag of Preparation"},{"floor":30,"key":"Red Mask"}],"event_choices":[{"event_name":"The Mausoleum","player_choice":"Yes","floor":21,"damage_taken":0},{"event_name":"Masked Bandits","player_choice":"Fought Bandits","floor":30,"damage_taken":0},{"event_name":"Winding Halls","player_choice":"Embrace Madness","floor":36,"damage_taken":0},{"event_name":"Tomb of Lord Red Mask","player_choice":"Wore Mask","floor":37,"damage_taken":0}],"is_beta":false,"boss_relics":[{"not_picked":["White Beast Statue","Lizard Tail"],"picked":"Empty Cage"},{"not_picked":["Philosopher\u0027s Stone","Astrolabe"],"picked":"Mark of Pain"}],"items_purged_floors":[20],"is_endless":false,"potions_floor_spawned":[1,7,12,14,16,19,23,24,27,30],"killed_by":"3 Darklings","ascension_level":0}