{"gold_per_floor":[111,127,141,90,100,129,140,45,45,45,103,113,113,124,124,224,224,240,256,142,142,322,347,347,17,17,17],"floor_reached":27,"playtime":1216,"items_purged":["Skim"],"score":233,"play_id":"568e113c-5a8b-481e-b618-db208b9257e5","local_time":"20181019224613","is_ascension_mode":false,"campfire_choices":[{"data":"Ball Lightning","floor":10,"key":"SMITH"},{"data":"Glacier","floor":13,"key":"SMITH"},{"floor":15,"key":"REST"},{"floor":24,"key":"REST"}],"neow_cost":"NONE","seed_source_timestamp":295345737564118,"circlet_count":0,"master_deck":["Strike_B","Strike_B","Strike_B","Defend_B","Defend_B","Defend_B","Defend_B","Zap","Dualcast","Finesse","Turbo","Glacier+1","Sweeping Beam","Barrage","Ball Lightning+1","Ball Lightning","Cold Snap","Cold Snap","Coolheaded","Multi-Cast","Ball Lightning+1","Redo+1","Consume","Hello World"],"relics":["Cracked Core","Cables","Sundial","Fusion Hammer","Girya","Mummified Hand","Art of War"],"potions_floor_usage":[5,16,23],"damage_taken":[{"damage":0,"enemies":"2 Louse","floor":1,"turns":3},{"damage":2,"enemies":"Cultist","floor":2,"turns":4},{"damage":1,"enemies":"Small Slimes","floor":3,"turns":4},{"damage":7,"enemies":"2 Fungi Beasts","floor":5,"turns":2},{"damage":22,"enemies":"Gremlin Nob","floor":6,"turns":5},{"damage":1,"enemies":"3 Louse","floor":7,"turns":3},{"damage":0,"enemies":"Looter","floor":12,"turns":3},{"damage":0,"enemies":"Exordium Thugs","floor":14,"turns":4},{"damage":25,"enemies":"The Guardian","floor":16,"turns":12},{"damage":12,"enemies":"3 Byrds","floor":18,"turns":3},{"damage":19,"enemies":"Shell Parasite","floor":19,"turns":5},{"damage":13,"enemies":"Book of Stabbing","floor":23,"turns":7},{"damage":0,"enemies":"Snecko","floor":27,"turns":1}],"seed_played":"-1744147465906514814","potions_obtained":[{"floor":2,"key":"EssenceOfSteel"},{"floor":3,"key":"LiquidBronze"},{"floor":16,"key":"SpeedPotion"},{"floor":23,"key":"Weak Potion"}],"is_trial":false,"path_per_floor":["M","M","M","$","M","E","M","$","T","R","?","M","R","M","R","B",null,"M","M","$","?","?","E","R","$","T"],"character_chosen":"DEFECT","items_purchased":["Sweeping Beam","Ball Lightning","Cold Snap","Consume","Mummified Hand","Hello World"],"campfire_rested":2,"item_purchase_floors":[4,8,8,20,25,25],"current_hp_per_floor":[75,73,72,72,65,43,42,42,42,42,42,42,42,42,64,39,75,63,44,44,44,23,10,32,32,32,32],"gold":17,"neow_bonus":"RANDOM_COLORLESS","is_prod":false,"is_daily":false,"chose_seed":false,"campfire_upgraded":2,"win_rate":0,"timestamp":1539978373,"path_taken":["M","M","M","$","M","E","M","$","T","R","?","M","R","M","R","BOSS","M","M","$","?","?","E","R","$","T","M"],"build_version":"2018-10-18","purchased_purges":1,"victory":false,"max_hp_per_floor":[75,75,75,75,75,75,75,75,75,75,75,75,75,75,75,75,75,75,75,75,75,75,75,75,75,75,75],"card_choices":[{"not_picked":["Reinforced Body","Go for the Eyes"],"picked":"Turbo","floor":1},{"not_picked":["Go for the Eyes","Steam"],"picked":"Glacier","floor":2},{"not_picked":["Conserve Battery","Rebound","Blizzard"],"picked":"SKIP","floor":3},{"not_picked":["Leap","Amplify"],"picked":"Barrage","floor":5},{"not_picked":["Hello World","Leap"],"picked":"Skim","floor":6},{"not_picked":["Rebound","Go for the Eyes"],"picked":"Ball Lightning","floor":7},{"not_picked":["Go for the Eyes","Barrage"],"picked":"Cold Snap","floor":12},{"not_picked":["Sweeping Beam","Gash"],"picked":"Coolheaded","floor":14},{"not_picked":["Echo Form","Fission"],"picked":"Multi-Cast","floor":16},{"not_picked":["Steam","Sweeping Beam"],"picked":"Ball Lightning+1","floor":18},{"not_picked":["Conserve Battery","Force Field+1"],"picked":"Redo+1","floor":19},{"not_picked":["Amplify","Reprogram+1","Stack"],"picked":"SKIP","floor":23}],"player_experience":169318,"relics_obtained":[{"floor":6,"key":"Cables"},{"floor":9,"key":"Sundial"},{"floor":23,"key":"Girya"},{"floor":26,"key":"Art of War"}],"event_choices":[{"damage_healed":0,"gold_gain":58,"player_choice":"Gained Gold","damage_taken":0,"max_hp_gain":0,"max_hp_loss":0,"event_name":"Golden Wing","floor":11,"gold_loss":0},{"cards_removed":["Strike_B"],"damage_healed":0,"gold_gain":0,"player_choice":"Offered Basic","damage_taken":0,"max_hp_gain":0,"max_hp_loss":0,"event_name":"Bonfire Elementals","floor":21,"gold_loss":0},{"damage_healed":0,"gold_gain":180,"player_choice":"GOLD GOLD ","damage_taken":21,"max_hp_gain":0,"max_hp_loss":0,"event_name":"Knowing Skull","floor":22,"potions_obtained":[],"gold_loss":0,"cards_obtained":[]}],"is_beta":false,"boss_relics":[{"not_picked":["FrozenCore","Ectoplasm"],"picked":"Fusion Hammer"}],"items_purged_floors":[20],"is_endless":false,"potions_floor_spawned":[2,3,16,23],"killed_by":"Snecko","ascension_level":0}