{"gold_per_floor":[20,39,39,39,57,85,85,102,173,187,187,198,198,198,198,297,297,309,160,160],"floor_reached":20,"playtime":1755,"items_purged":["Storm of Steel+1"],"score":174,"play_id":"6b21c0d2-ab55-4d3c-af59-59dc7a9c162b","local_time":"20190417002442","is_ascension_mode":false,"campfire_choices":[{"data":"Noxious Fumes","floor":7,"key":"SMITH"},{"floor":11,"key":"REST"},{"data":"Malaise","floor":13,"key":"SMITH"},{"data":"Neutralize","floor":15,"key":"SMITH"}],"neow_cost":"NO_GOLD","seed_source_timestamp":206538225173760,"circlet_count":0,"master_deck":["Defend_G","Defend_G","Defend_G","Defend_G","Survivor","Neutralize+1","Malaise+1","Acrobatics","Backflip","Dagger Spray","Leg Sweep","Noxious Fumes+1","Catalyst","Predator","Backstab+1","Dodge and Roll+1","Blur","Footwork"],"relics":["Ring of the Snake","Shovel","Astrolabe"],"potions_floor_usage":[16,20],"damage_taken":[{"damage":0,"enemies":"Small Slimes","floor":1,"turns":5},{"damage":1,"enemies":"Jaw Worm","floor":2,"turns":8},{"damage":0,"enemies":"Cultist","floor":5,"turns":4},{"damage":36,"enemies":"3 Sentries","floor":6,"turns":12},{"damage":7,"enemies":"2 Fungi Beasts","floor":8,"turns":3},{"damage":0,"enemies":"Blue Slaver","floor":10,"turns":6},{"damage":3,"enemies":"Large Slime","floor":12,"turns":7},{"damage":21,"enemies":"The Guardian","floor":16,"turns":12},{"damage":20,"enemies":"2 Thieves","floor":18,"turns":3},{"damage":8,"enemies":"Colosseum Slavers","floor":20,"turns":7},{"damage":68,"enemies":"Colosseum Nobs","floor":20,"turns":8}],"seed_played":"6143707892655859303","potions_obtained":[{"floor":2,"key":"FearPotion"},{"floor":8,"key":"Fruit Juice"},{"floor":12,"key":"Energy Potion"}],"is_trial":false,"path_per_floor":["M","M","?","?","M","E","R","M","T","M","R","M","R","?","R","B",null,"M","$","?"],"character_chosen":"THE_SILENT","items_purchased":["Footwork"],"campfire_rested":1,"item_purchase_floors":[19],"current_hp_per_floor":[70,69,62,62,62,26,26,19,19,19,40,37,37,37,37,21,75,55,55,0],"gold":160,"neow_bonus":"THREE_RARE_CARDS","is_prod":false,"is_daily":false,"chose_seed":false,"campfire_upgraded":3,"win_rate":0,"timestamp":1555475082,"path_taken":["M","M","?","?","?","E","R","M","T","M","R","M","R","?","R","BOSS","M","$","?"],"build_version":"2019-01-23","purchased_purges":1,"victory":false,"max_hp_per_floor":[70,70,70,70,70,70,70,70,70,70,70,70,70,70,70,75,75,75,75,75],"card_choices":[{"not_picked":["Bullet Time","Grand Finale"],"picked":"Malaise","floor":0},{"not_picked":["Finisher","Bane"],"picked":"Acrobatics","floor":1},{"not_picked":["Setup","Dagger Spray"],"picked":"Backflip","floor":2},{"not_picked":["Expertise","Predator"],"picked":"Leg Sweep","floor":5},{"not_picked":["Catalyst","Deadly Poison"],"picked":"Noxious Fumes","floor":6},{"not_picked":["Sucker Punch","Acrobatics"],"picked":"Catalyst","floor":8},{"not_picked":["Acrobatics","Flying Knee","Infinite Blades"],"picked":"SKIP","floor":10},{"not_picked":["Accuracy","Poisoned Stab"],"picked":"Predator","floor":12},{"not_picked":["Dagger Throw+1","Masterful Stab"],"picked":"Blur","floor":18}],"player_experience":165334,"relics_obtained":[{"floor":6,"key":"Shovel"}],"event_choices":[{"cards_removed":["Strike_G"],"damage_healed":0,"gold_gain":0,"player_choice":"Card Removal","damage_taken":7,"max_hp_gain":0,"max_hp_loss":0,"event_name":"Golden Wing","floor":3,"gold_loss":0},{"damage_healed":0,"gold_gain":0,"cards_transformed":["Strike_G"],"player_choice":"Transformed","damage_taken":0,"max_hp_gain":0,"max_hp_loss":0,"event_name":"Transmorgrifier","floor":4,"gold_loss":0,"cards_obtained":["Dagger Spray"]},{"cards_removed":["Strike_G"],"damage_healed":0,"gold_gain":0,"player_choice":"Forget","damage_taken":0,"max_hp_gain":0,"max_hp_loss":0,"event_name":"Living Wall","floor":14,"gold_loss":0},{"damage_healed":0,"gold_gain":0,"player_choice":"Fight","damage_taken":0,"max_hp_gain":0,"max_hp_loss":0,"event_name":"Colosseum","floor":20,"gold_loss":0},{"damage_healed":0,"gold_gain":0,"player_choice":"Fought Nobs","damage_taken":0,"max_hp_gain":0,"max_hp_loss":0,"event_name":"Colosseum","floor":20,"gold_loss":0}],"is_beta":false,"boss_relics":[{"not_picked":["Runic Pyramid","Snecko Eye"],"picked":"Astrolabe"}],"items_purged_floors":[19],"is_endless":false,"potions_floor_spawned":[2,8,12,20],"killed_by":"Colosseum Nobs","ascension_level":0}