{"gold_per_floor":[114,114,126,140,160,160,192,192,217,217],"floor_reached":10,"playtime":550,"items_purged":[],"score":71,"play_id":"0c6ec83c-497e-412f-b354-afc9afeb82b2","local_time":"20190407231006","is_ascension_mode":true,"campfire_choices":[{"data":"Prepared","floor":6,"key":"SMITH"},{"floor":8,"key":"REST"}],"neow_cost":"NONE","seed_source_timestamp":534041625778534,"circlet_count":0,"master_deck":["Defend_G","Defend_G","Defend_G","Defend_G","Defend_G","Strike_G","Strike_G","Strike_G","Strike_G","Strike_G","Survivor","Neutralize","Distraction","Bouncing Flask","Dagger Throw","Prepared+1","Concentrate","Escape Plan"],"relics":["Ring of the Snake","Omamori","Blood Vial"],"potions_floor_usage":[],"damage_taken":[{"damage":0,"enemies":"2 Louse","floor":1,"turns":5},{"damage":1,"enemies":"Cultist","floor":3,"turns":4},{"damage":9,"enemies":"Small Slimes","floor":4,"turns":4},{"damage":9,"enemies":"Exordium Thugs","floor":5,"turns":5},{"damage":34,"enemies":"Lagavulin","floor":7,"turns":8},{"damage":41,"enemies":"3 Sentries","floor":10,"turns":6}],"seed_played":"-1960783164678685913","potions_obtained":[{"floor":1,"key":"Poison Potion"},{"floor":5,"key":"Strength Potion"}],"is_trial":false,"path_per_floor":["M","?","M","M","M","R","E","R","T","E"],"character_chosen":"THE_SILENT","items_purchased":[],"campfire_rested":1,"item_purchase_floors":[],"current_hp_per_floor":[70,70,69,60,51,51,17,38,38,0],"gold":217,"neow_bonus":"THREE_CARDS","is_prod":false,"is_daily":false,"chose_seed":false,"campfire_upgraded":1,"win_rate":0,"timestamp":1554693006,"path_taken":["M","?","M","?","M","R","E","R","T","E"],"build_version":"2019-01-23","purchased_purges":0,"victory":false,"max_hp_per_floor":[70,70,70,70,70,70,70,70,70,70],"card_choices":[{"not_picked":["Endless Agony","Deflect"],"picked":"Distraction","floor":0},{"not_picked":["Dodge and Roll","Outmaneuver"],"picked":"Bouncing Flask","floor":1},{"not_picked":["Deflect","Endless Agony"],"picked":"Dagger Throw","floor":3},{"not_picked":["Backflip","Unload"],"picked":"Prepared","floor":4},{"not_picked":["Outmaneuver","Sucker Punch"],"picked":"Concentrate","floor":5},{"not_picked":["Endless Agony","All Out Attack"],"picked":"Escape Plan","floor":7}],"player_experience":111821,"relics_obtained":[{"floor":7,"key":"Blood Vial"}],"event_choices":[{"damage_healed":0,"gold_gain":0,"player_choice":"Gave Potion","damage_taken":0,"relics_obtained":["Omamori"],"max_hp_gain":0,"max_hp_loss":0,"event_name":"WeMeetAgain","floor":2,"gold_loss":0}],"is_beta":false,"boss_relics":[],"items_purged_floors":[],"is_endless":false,"potions_floor_spawned":[1,5],"killed_by":"3 Sentries","ascension_level":1}