{"gold_per_floor":[114,130,130,140,150,150,178,178,178,239,239,239,66,84,84,184,184,194,67,82,93,113,113,130,110,110,128,128,158,158,190,190,286,286,305,214,7,21,21,46,46,46,46,46,98,116,133,133],"floor_reached":48,"playtime":2093,"items_purged":["Strike_R"],"score":813,"play_id":"8094875d-aa4f-44d7-89fa-666ee5b83414","local_time":"20190423232217","is_ascension_mode":true,"campfire_choices":[{"data":"True Grit","floor":6,"key":"SMITH"},{"data":"Uppercut","floor":8,"key":"SMITH"},{"data":"Inflame","floor":11,"key":"SMITH"},{"data":"Mayhem","floor":15,"key":"SMITH"},{"floor":23,"key":"REST"},{"floor":28,"key":"REST"},{"floor":30,"key":"REST"},{"floor":32,"key":"REST"},{"data":"True Grit","floor":41,"key":"SMITH"},{"data":"Barricade","floor":44,"key":"SMITH"}],"neow_cost":"NONE","seed_source_timestamp":467923983723103,"circlet_count":0,"master_deck":["AscendersBane","Bash+1","True Grit+1","Pommel Strike","Spot Weakness+1","Uppercut+1","Inflame+1","Mayhem+1","Shockwave","Barricade+1","True Grit+1","Bludgeon+1","Armaments+1","Fire Breathing","Clothesline+1","Fire Breathing","Shrug It Off"],"relics":["Burning Blood","Pen Nib","Happy Flower","Whetstone","Molten Egg 2","Mercury Hourglass","Busted Crown","Singing Bowl","Mummified Hand","Shuriken","Pandora\u0027s Box","Potion Belt","Lee\u0027s Waffle","War Paint","Darkstone Periapt","Peace Pipe"],"potions_floor_usage":[7,16,18,22,29,29,31,33,35,46,47],"damage_taken":[{"damage":6,"enemies":"2 Louse","floor":1,"turns":5},{"damage":6,"enemies":"Cultist","floor":2,"turns":3},{"damage":8,"enemies":"Jaw Worm","floor":4,"turns":4},{"damage":8,"enemies":"Blue Slaver","floor":5,"turns":5},{"damage":32,"enemies":"Gremlin Nob","floor":7,"turns":4},{"damage":13,"enemies":"Gremlin Nob","floor":10,"turns":3},{"damage":9,"enemies":"Red Slaver","floor":14,"turns":3},{"damage":8,"enemies":"The Guardian","floor":16,"turns":8},{"damage":21,"enemies":"3 Byrds","floor":18,"turns":5},{"damage":9,"enemies":"Shell Parasite","floor":20,"turns":5},{"damage":36,"enemies":"3 Cultists","floor":21,"turns":6},{"damage":24,"enemies":"Cultist and Chosen","floor":22,"turns":8},{"damage":20,"enemies":"Snake Plant","floor":24,"turns":5},{"damage":10,"enemies":"Shelled Parasite and Fungi","floor":27,"turns":5},{"damage":31,"enemies":"Slavers","floor":29,"turns":4},{"damage":21,"enemies":"Book of Stabbing","floor":31,"turns":4},{"damage":46,"enemies":"Collector","floor":33,"turns":8},{"damage":24,"enemies":"3 Darklings","floor":35,"turns":5},{"damage":13,"enemies":"Orb Walker","floor":38,"turns":3},{"damage":27,"enemies":"Giant Head","floor":40,"turns":7},{"damage":43,"enemies":"2 Orb Walkers","floor":45,"turns":4},{"damage":17,"enemies":"Writhing Mass","floor":46,"turns":4},{"damage":30,"enemies":"Jaw Worm Horde","floor":47,"turns":6},{"damage":19,"enemies":"Sphere and 2 Shapes","floor":48,"turns":2}],"seed_played":"-3960450853966989063","potions_obtained":[{"floor":1,"key":"AttackPotion"},{"floor":4,"key":"SpeedPotion"},{"floor":10,"key":"SkillPotion"},{"floor":16,"key":"Regen Potion"},{"floor":18,"key":"Strength Potion"},{"floor":24,"key":"LiquidBronze"},{"floor":25,"key":"LiquidBronze"},{"floor":31,"key":"Dexterity Potion"},{"floor":33,"key":"Fire Potion"},{"floor":38,"key":"SteroidPotion"},{"floor":45,"key":"Swift Potion"}],"is_trial":false,"path_per_floor":["M","M","?","M","M","R","E","R","T","?","R","T","$","M","R","B",null,"M","$","M","M","M","R","M","?","T","M","R","E","R","E","R","B",null,"M","?","$","M","?","E","R","?","T","R","?","M","M","M"],"character_chosen":"IRONCLAD","items_purchased":["Mayhem","True Grit","Lee\u0027s Waffle"],"campfire_rested":4,"item_purchase_floors":[13,19,37],"current_hp_per_floor":[72,72,72,70,68,68,42,42,42,35,35,35,35,32,32,30,68,65,65,62,32,14,38,24,24,24,22,46,23,48,35,60,22,72,56,56,97,92,92,73,73,75,75,75,40,31,9,0],"gold":133,"neow_bonus":"RANDOM_COMMON_RELIC","is_prod":false,"is_daily":false,"chose_seed":false,"campfire_upgraded":6,"win_rate":0,"timestamp":1556076137,"path_taken":["M","M","?","?","?","R","E","R","T","?","R","?","$","M","R","BOSS","M","?","M","M","M","R","M","?","T","?","R","E","R","E","R","BOSS","M","?","$","?","?","E","R","?","T","R","?","M","M","M"],"build_version":"2019-01-23","purchased_purges":1,"victory":false,"max_hp_per_floor":[80,80,80,80,80,80,80,80,80,80,80,80,80,80,80,80,80,80,80,80,80,80,80,80,80,80,82,82,84,84,86,86,88,88,90,90,97,99,99,101,101,103,103,103,105,107,109,109],"card_choices":[{"not_picked":["Hemokinesis","Iron Wave","Clash"],"picked":"SKIP","floor":1},{"not_picked":["Reckless Charge","Combust"],"picked":"True Grit","floor":2},{"not_picked":["Sentinel","Pommel Strike","Second Wind"],"picked":"SKIP","floor":4},{"not_picked":["Warcry","Anger"],"picked":"Spot Weakness","floor":5},{"not_picked":["Evolve","Battle Trance"],"picked":"Uppercut","floor":7},{"not_picked":["Corruption","Iron Wave"],"picked":"Inflame","floor":10},{"not_picked":["Pommel Strike+1","Twin Strike+1"],"picked":"Shockwave","floor":14},{"not_picked":["Brutality","Immolate+1"],"picked":"Barricade","floor":16},{"not_picked":["Thunderclap+1"],"picked":"SKIP","floor":18},{"not_picked":["Fire Breathing"],"picked":"SKIP","floor":20},{"not_picked":["Warcry"],"picked":"SKIP","floor":21},{"not_picked":["Dropkick+1"],"picked":"SKIP","floor":22},{"not_picked":["True Grit"],"picked":"SKIP","floor":24},{"not_picked":["Pummel+1"],"picked":"Singing Bowl","floor":27},{"not_picked":["Anger+1"],"picked":"Singing Bowl","floor":29},{"not_picked":["Power Through"],"picked":"Singing Bowl","floor":31},{"not_picked":["Juggernaut"],"picked":"Singing Bowl","floor":33},{"not_picked":["Armaments"],"picked":"Singing Bowl","floor":35},{"not_picked":["Cleave+1"],"picked":"Singing Bowl","floor":38},{"not_picked":["Uppercut+1"],"picked":"Singing Bowl","floor":40},{"not_picked":["Secret Weapon"],"picked":"Singing Bowl","floor":42},{"not_picked":["Iron Wave+1"],"picked":"Singing Bowl","floor":45},{"not_picked":["Carnage+1"],"picked":"Singing Bowl","floor":46},{"not_picked":["Headbutt+1"],"picked":"Singing Bowl","floor":47}],"player_experience":285368,"relics_obtained":[{"floor":7,"key":"Happy Flower"},{"floor":9,"key":"Whetstone"},{"floor":10,"key":"Molten Egg 2"},{"floor":12,"key":"Mercury Hourglass"},{"floor":26,"key":"Singing Bowl"},{"floor":29,"key":"Mummified Hand"},{"floor":31,"key":"Shuriken"},{"floor":40,"key":"War Paint"},{"floor":43,"key":"Darkstone Periapt"},{"floor":45,"key":"Peace Pipe"}],"event_choices":[{"damage_healed":0,"gold_gain":0,"cards_transformed":["Strike_R"],"player_choice":"Transformed","damage_taken":0,"max_hp_gain":0,"max_hp_loss":0,"event_name":"Transmorgrifier","floor":3,"gold_loss":0,"cards_obtained":["Pommel Strike"]},{"damage_healed":0,"gold_gain":0,"player_choice":"Searched \u00271\u0027 times","damage_taken":0,"max_hp_gain":0,"max_hp_loss":0,"event_name":"Dead Adventurer","floor":10,"gold_loss":0},{"damage_healed":0,"gold_gain":0,"player_choice":"Bought 1 Potion","damage_taken":0,"max_hp_gain":0,"max_hp_loss":0,"event_name":"The Woman in Blue","floor":25,"gold_loss":0},{"damage_healed":0,"gold_gain":0,"player_choice":"Paid Gold","damage_taken":0,"relics_obtained":["Potion Belt"],"max_hp_gain":0,"max_hp_loss":0,"event_name":"WeMeetAgain","floor":36,"gold_loss":91},{"cards_removed":["Feed"],"damage_healed":0,"gold_gain":0,"player_choice":"Removed Attack","damage_taken":0,"max_hp_gain":0,"max_hp_loss":0,"event_name":"Falling","floor":39,"gold_loss":0},{"damage_healed":0,"gold_gain":0,"player_choice":"Memory 1","damage_taken":0,"max_hp_gain":0,"max_hp_loss":0,"event_name":"SensoryStone","floor":42,"gold_loss":0},{"damage_healed":0,"gold_gain":0,"player_choice":"Fight","damage_taken":0,"max_hp_gain":0,"max_hp_loss":0,"event_name":"Mysterious Sphere","floor":45,"gold_loss":0}],"is_beta":false,"boss_relics":[{"not_picked":["Velvet Choker","Runic Cube"],"picked":"Busted Crown"},{"not_picked":["Calling Bell","Black Blood"],"picked":"Pandora\u0027s Box"}],"items_purged_floors":[19],"is_endless":false,"potions_floor_spawned":[1,4,10,16,18,24,31,33,38,45],"killed_by":"Sphere and 2 Shapes","ascension_level":10}