{"gold_per_floor":[119,131,150,170,190,190,215,215,215,37,52,52,52,72,72,171,171,185,196,196,213,213,213,213],"floor_reached":24,"playtime":3061,"items_purged":[],"score":200,"play_id":"35c6b4b9-788a-4e35-9fff-e7fd17ffe13b","local_time":"20190602000737","is_ascension_mode":false,"campfire_choices":[{"data":"Infinite Blades","floor":6,"key":"SMITH"},{"floor":15,"key":"REST"},{"floor":23,"key":"REST"}],"neow_cost":"NONE","seed_source_timestamp":13549421731360,"circlet_count":0,"master_deck":["Defend_G+1","Defend_G","Defend_G","Defend_G","Strike_G","Strike_G","Strike_G","Strike_G","Strike_G","Survivor","Neutralize","Outmaneuver","Dagger Throw","Flechettes","Poisoned Stab","Blade Dance","Infinite Blades+1","Tools of the Trade","Backflip+1","Finesse","Predator","Prepared","Dodge and Roll","Adrenaline","Writhe","Injury","Doubt","Underhanded Strike+1","Blur","Writhe","Leg Sweep+1"],"relics":["Ring of the Snake","Pear","Paper Crane","Calling Bell","Orichalcum","Molten Egg 2","Bird Faced Urn","Snake Skull","MutagenicStrength"],"potions_floor_usage":[7,16,16,19,24],"damage_taken":[{"damage":2,"enemies":"Jaw Worm","floor":1,"turns":6},{"damage":0,"enemies":"Cultist","floor":2,"turns":4},{"damage":0,"enemies":"Small Slimes","floor":3,"turns":2},{"damage":3,"enemies":"2 Fungi Beasts","floor":4,"turns":3},{"damage":3,"enemies":"Red Slaver","floor":5,"turns":4},{"damage":14,"enemies":"Lagavulin","floor":7,"turns":6},{"damage":1,"enemies":"Exordium Wildlife","floor":11,"turns":3},{"damage":3,"enemies":"2 Fungi Beasts","floor":14,"turns":4},{"damage":67,"enemies":"Slime Boss","floor":16,"turns":13},{"damage":13,"enemies":"Shell Parasite","floor":18,"turns":6},{"damage":19,"enemies":"2 Thieves","floor":19,"turns":5},{"damage":27,"enemies":"Sentry and Sphere","floor":21,"turns":6},{"damage":70,"enemies":"Gremlin Leader","floor":24,"turns":7}],"seed_played":"4428827722042535251","potions_obtained":[{"floor":1,"key":"PowerPotion"},{"floor":2,"key":"Regen Potion"},{"floor":3,"key":"GhostInAJar"},{"floor":11,"key":"Swift Potion"},{"floor":16,"key":"FairyPotion"},{"floor":21,"key":"Dexterity Potion"}],"is_trial":false,"path_per_floor":["M","M","M","M","M","R","E","?","T","$","M","?","?","M","R","B",null,"M","M","?","M","?","R","E"],"character_chosen":"THE_SILENT","items_purchased":["Backflip","Finesse","Predator"],"campfire_rested":2,"item_purchase_floors":[10,10,10],"current_hp_per_floor":[68,68,68,65,62,62,58,58,58,58,57,41,41,38,62,10,80,69,52,52,29,29,53,0],"gold":213,"neow_bonus":"THREE_CARDS","is_prod":false,"is_daily":false,"chose_seed":false,"campfire_upgraded":1,"win_rate":0.0,"timestamp":1559452057,"path_taken":["M","M","M","M","M","R","E","?","T","$","?","?","?","?","R","BOSS","M","M","?","M","?","R","E"],"build_version":"2019-01-23","purchased_purges":0,"victory":false,"max_hp_per_floor":[70,70,70,70,70,70,80,80,80,80,80,80,80,80,80,80,80,80,80,80,80,80,80,80],"card_choices":[{"not_picked":["Escape Plan","Well Laid Plans"],"picked":"Outmaneuver","floor":0},{"not_picked":["Distraction","Predator"],"picked":"Dagger Throw","floor":1},{"not_picked":["Prepared","Acrobatics"],"picked":"Flechettes","floor":2},{"not_picked":["Acrobatics","Deflect"],"picked":"Poisoned Stab","floor":3},{"not_picked":["Predator","Deflect"],"picked":"Blade Dance","floor":4},{"not_picked":["Endless Agony","Noxious Fumes"],"picked":"Infinite Blades","floor":5},{"not_picked":["Underhanded Strike","Deflect"],"picked":"Tools of the Trade","floor":7},{"not_picked":["Expertise","Distraction"],"picked":"Prepared","floor":11},{"not_picked":["Poisoned Stab","Underhanded Strike"],"picked":"Dodge and Roll","floor":14},{"not_picked":["Wraith Form v2","A Thousand Cuts"],"picked":"Adrenaline","floor":16},{"not_picked":["Dodge and Roll","Predator+1"],"picked":"Underhanded Strike+1","floor":18},{"not_picked":["Bouncing Flask","Blade Dance"],"picked":"Blur","floor":19},{"not_picked":["Reflex","Deadly Poison"],"picked":"Leg Sweep+1","floor":21}],"player_experience":16526,"relics_obtained":[{"floor":7,"key":"Pear"},{"floor":9,"key":"Paper Crane"},{"floor":17,"key":"Orichalcum"},{"floor":17,"key":"Molten Egg 2"},{"floor":17,"key":"Bird Faced Urn"}],"event_choices":[{"cards_removed":["Defend_G"],"damage_healed":0,"gold_gain":0,"player_choice":"Purged","damage_taken":0,"max_hp_gain":0,"max_hp_loss":0,"event_name":"Purifier","floor":8,"gold_loss":0},{"damage_healed":0,"gold_gain":0,"player_choice":"Entered Light","damage_taken":16,"max_hp_gain":0,"max_hp_loss":0,"event_name":"Shining Light","floor":12,"gold_loss":0,"cards_upgraded":["Backflip","Defend_G"]},{"damage_healed":0,"gold_gain":0,"player_choice":"Bought 0 Potions","damage_taken":0,"max_hp_gain":0,"max_hp_loss":0,"event_name":"The Woman in Blue","floor":13,"gold_loss":0},{"damage_healed":0,"gold_gain":0,"player_choice":"Opened","damage_taken":0,"relics_obtained":["Snake Skull"],"max_hp_gain":0,"max_hp_loss":0,"event_name":"The Mausoleum","floor":20,"gold_loss":0,"cards_obtained":["Writhe"]},{"damage_healed":0,"gold_gain":0,"player_choice":"Inject Mutagens","damage_taken":0,"relics_obtained":["MutagenicStrength"],"max_hp_gain":0,"max_hp_loss":0,"event_name":"Drug Dealer","floor":22,"gold_loss":0}],"is_beta":false,"boss_relics":[{"not_picked":["Sozu","Ectoplasm"],"picked":"Calling Bell"}],"items_purged_floors":[],"is_endless":false,"potions_floor_spawned":[1,2,3,11,16,21],"killed_by":"Gremlin Leader","ascension_level":0}