{"gold_per_floor":[115,128,139,139,139,139,154,124,151,166,178,178,196,207,207,312,312,323,323,423,348,348],"floor_reached":22,"playtime":3701,"items_purged":[],"score":178,"play_id":"5a5aa447-ff5e-4c05-aad4-702fdf79b6db","local_time":"20190604201052","is_ascension_mode":false,"campfire_choices":[{"floor":6,"key":"REST"},{"floor":12,"key":"REST"},{"floor":15,"key":"REST"}],"neow_cost":"NONE","seed_source_timestamp":1709281740794100,"circlet_count":0,"master_deck":["Defend_G","Defend_G","Defend_G","Defend_G","Defend_G","Strike_G","Strike_G","Strike_G","Strike_G","Survivor","Neutralize","Skewer","Backstab","Footwork","Escape Plan","Deadly Poison","Noxious Fumes","Noxious Fumes","Acrobatics","Glass Knife","PiercingWail","Cloak And Dagger"],"relics":["Fusion Hammer"],"potions_floor_usage":[10,11,13,13,16,16,16,18,18,20],"damage_taken":[{"damage":0,"enemies":"2 Louse","floor":1,"turns":3},{"damage":0,"enemies":"Small Slimes","floor":2,"turns":3},{"damage":0,"enemies":"Cultist","floor":3,"turns":2},{"damage":0,"enemies":"2 Fungi Beasts","floor":7,"turns":3},{"damage":0,"enemies":"Looter","floor":10,"turns":2},{"damage":2,"enemies":"3 Louse","floor":11,"turns":3},{"damage":2,"enemies":"Exordium Thugs","floor":13,"turns":4},{"damage":0,"enemies":"2 Fungi Beasts","floor":14,"turns":3},{"damage":2,"enemies":"Slime Boss","floor":16,"turns":7},{"damage":0,"enemies":"3 Byrds","floor":18,"turns":4},{"damage":15,"enemies":"Colosseum Slavers","floor":20,"turns":5},{"damage":49,"enemies":"Colosseum Nobs","floor":20,"turns":6},{"damage":19,"enemies":"Shell Parasite","floor":22,"turns":5}],"seed_played":"5237428295214943444","potions_obtained":[{"floor":7,"key":"FearPotion"},{"floor":8,"key":"Swift Potion"},{"floor":8,"key":"Block Potion"},{"floor":10,"key":"SkillPotion"},{"floor":11,"key":"Swift Potion"},{"floor":13,"key":"FearPotion"},{"floor":14,"key":"EntropicBrew"},{"floor":18,"key":"GamblersBrew"}],"is_trial":false,"path_per_floor":["M","M","M","?","?","R","M","?","T","M","M","R","M","M","R","B",null,"M","?","?","?","M"],"character_chosen":"THE_SILENT","items_purchased":[],"campfire_rested":3,"item_purchase_floors":[],"current_hp_per_floor":[70,70,70,75,75,75,75,75,75,75,73,75,73,73,75,73,75,75,75,11,11,0],"gold":348,"neow_bonus":"BOSS_RELIC","is_prod":false,"is_daily":false,"chose_seed":false,"campfire_upgraded":0,"win_rate":0,"timestamp":1559693452,"path_taken":["M","M","M","?","?","R","M","?","T","M","M","R","?","M","R","BOSS","M","?","?","?","M"],"build_version":"2019-01-23","purchased_purges":0,"victory":false,"max_hp_per_floor":[70,70,70,75,75,75,75,75,75,75,75,75,75,75,75,75,75,75,75,75,75,75],"card_choices":[{"not_picked":["Quick Slash","Slice"],"picked":"Skewer","floor":1},{"not_picked":["Concentrate","Finisher"],"picked":"Backstab","floor":2},{"not_picked":["Backflip","Blade Dance"],"picked":"Footwork","floor":3},{"not_picked":["Dagger Spray","Acrobatics"],"picked":"Escape Plan","floor":7},{"not_picked":["Choke","Flechettes"],"picked":"Deadly Poison","floor":10},{"not_picked":["PiercingWail","Setup"],"picked":"Noxious Fumes","floor":11},{"not_picked":["Masterful Stab","Backflip"],"picked":"Noxious Fumes","floor":13},{"not_picked":["Quick Slash","Flying Knee"],"picked":"Acrobatics","floor":14},{"not_picked":["Doppelganger","Grand Finale"],"picked":"Glass Knife","floor":16},{"not_picked":["Dagger Spray","Quick Slash"],"picked":"PiercingWail","floor":18},{"not_picked":["Sucker Punch","Dagger Throw"],"picked":"Cloak And Dagger","floor":20}],"player_experience":1105792,"relics_obtained":[],"event_choices":[{"damage_healed":0,"gold_gain":0,"player_choice":"Donut","damage_taken":0,"max_hp_gain":5,"max_hp_loss":0,"event_name":"Big Fish","floor":4,"gold_loss":0},{"damage_healed":0,"gold_gain":0,"player_choice":"Ignored","damage_taken":0,"max_hp_gain":0,"max_hp_loss":0,"event_name":"Golden Idol","floor":5,"gold_loss":0},{"damage_healed":0,"gold_gain":0,"player_choice":"Bought 2 Potions","damage_taken":0,"max_hp_gain":0,"max_hp_loss":0,"event_name":"The Woman in Blue","floor":8,"gold_loss":0},{"damage_healed":0,"gold_gain":0,"player_choice":"Ignored","damage_taken":0,"max_hp_gain":0,"max_hp_loss":0,"event_name":"Ghosts","floor":19,"gold_loss":0},{"damage_healed":0,"gold_gain":0,"player_choice":"Fight","damage_taken":0,"max_hp_gain":0,"max_hp_loss":0,"event_name":"Colosseum","floor":20,"gold_loss":0},{"damage_healed":0,"gold_gain":0,"player_choice":"Fought Nobs","damage_taken":0,"max_hp_gain":0,"max_hp_loss":0,"event_name":"Colosseum","floor":20,"gold_loss":0},{"cards_removed":["Strike_G"],"damage_healed":0,"gold_gain":0,"player_choice":"Gave Gold","damage_taken":0,"max_hp_gain":0,"max_hp_loss":0,"event_name":"Beggar","floor":21,"gold_loss":75}],"is_beta":false,"boss_relics":[{"not_picked":[]}],"items_purged_floors":[],"is_endless":false,"potions_floor_spawned":[7,10,11,13,14,18,20],"killed_by":"Shell Parasite","ascension_level":0}