{"gold_per_floor":[119,119,137,87,87,87,105,144,144,71,71,92,115,138,138,266,266,284,209,234,16,291,291,324,324,324,348,348,13,13,46,46,167,167,190,106,381,381,401,401,414,414,414,414,429,429,495,495,495,495],"floor_reached":51,"playtime":4680,"items_purged":[],"score":742,"play_id":"099487e2-1d59-4ed5-b8bd-97260ab3cba8","local_time":"20180925075249","is_ascension_mode":true,"campfire_choices":[{"data":"Zap","floor":6.0,"key":"SMITH"},{"data":"Capacitor","floor":11.0,"key":"SMITH"},{"data":"Chaos","floor":15.0,"key":"SMITH"},{"floor":23.0,"key":"REST"},{"data":"Defragment","floor":25.0,"key":"SMITH"},{"floor":28.0,"key":"REST"},{"data":"White Noise","floor":32.0,"key":"SMITH"},{"data":"Defragment","floor":40.0,"key":"SMITH"},{"data":"Seek","floor":42.0,"key":"SMITH"},{"data":"Buffer","floor":44.0,"key":"SMITH"},{"data":"Machine Learning","floor":46.0,"key":"SMITH"},{"data":"Defragment","floor":49,"key":"SMITH"}],"neow_cost":"NONE","seed_source_timestamp":0,"circlet_count":0,"master_deck":["Strike_B+1","Defend_B+1","Defend_B+1","Defend_B+1","Defend_B+1","Zap+1","Dualcast","Coolheaded","BootSequence","Chaos+1","Capacitor+1","White Noise+1","Hologram","Machine Learning+1","Cold Snap+1","Ball Lightning+1","Defragment+1","Seek+1","Regret","Leap","Beam Cell","Leap","Hologram","Buffer+1","Defragment+1","Chill","Redo","Regret","Force Field","Conserve Battery+1","Defragment+1"],"special_seed":0,"relics":["Sozu","Golden Idol","Bag of Marbles","Mercury Hourglass","Juzu Bracelet","Nuclear Battery","Dodecahedron","Bottled Tornado","Dream Catcher","WingedGreaves","Vajra","Coffee Dripper","Sundial","Incense Burner"],"potions_floor_usage":[],"damage_taken":[{"damage":7.0,"enemies":"Jaw Worm","floor":1.0,"turns":3.0},{"damage":2.0,"enemies":"Small Slimes","floor":3.0,"turns":3.0},{"damage":0.0,"enemies":"2 Louse","floor":7.0,"turns":2.0},{"damage":9.0,"enemies":"Lagavulin","floor":8.0,"turns":7.0},{"damage":6.0,"enemies":"Blue Slaver","floor":12.0,"turns":4.0},{"damage":0.0,"enemies":"Red Slaver","floor":14.0,"turns":3.0},{"damage":34.0,"enemies":"Slime Boss","floor":16.0,"turns":9.0},{"damage":16.0,"enemies":"3 Byrds","floor":18.0,"turns":6.0},{"damage":28.0,"enemies":"2 Thieves","floor":20.0,"turns":4.0},{"damage":17.0,"enemies":"Gremlin Leader","floor":24.0,"turns":5.0},{"damage":2.0,"enemies":"Book of Stabbing","floor":31.0,"turns":5.0},{"damage":28.0,"enemies":"Champ","floor":33.0,"turns":12.0},{"damage":22.0,"enemies":"3 Darklings","floor":35.0,"turns":6.0},{"damage":12.0,"enemies":"Orb Walker","floor":39.0,"turns":6.0},{"damage":10.0,"enemies":"Sphere and 2 Shapes","floor":41.0,"turns":7.0},{"damage":14.0,"enemies":"Spire Growth","floor":45.0,"turns":6.0},{"damage":2,"enemies":"Mysterious Sphere","floor":47,"turns":8},{"damage":27,"enemies":"Awakened One","floor":50,"turns":14}],"seed_played":"-111800581264474073","potions_obtained":[],"is_trial":false,"path_per_floor":["M","?","M","?","?","R","M","E","T","$","R","M","T","M","R","B",null,"M","?","M","$","?","R","E","R","T","T","R","$","?","E","R","B",null,"M","$","?","?","M","R","M","R","T","R","M","R","?","?","R","B"],"character_chosen":"DEFECT","items_purchased":["Capacitor","Defragment","Seek","WingedGreaves","Leap","Chill","Redo"],"campfire_rested":2,"item_purchase_floors":[10,21,21,29,29,36,36],"current_hp_per_floor":[68,68,66,66,66,66,66,57,57,57,57,51,51,51,51,17,69,53,53,25,25,25,45,28,28,28,28,48,48,48,46,46,18,69,47,47,47,47,42,42,32,32,32,32,18,18,16,60,60,33],"gold":495,"neow_bonus":"BOSS_RELIC","is_prod":false,"is_daily":false,"chose_seed":false,"campfire_upgraded":10,"win_rate":0,"timestamp":1537883569,"path_taken":["M","?","M","?","?","R","?","E","T","?","R","M","?","M","R","BOSS","M","?","M","$","?","R","E","R","T","?","R","$","?","E","R","BOSS","M","$","?","?","M","R","M","R","T","R","M","R","?","?","R","BOSS"],"build_version":"2018-09-20","purchased_purges":0,"victory":true,"max_hp_per_floor":[75,69,69,69,69,69,69,69,69,69,69,69,69,69,69,69,69,69,69,69,69,69,69,69,69,69,69,69,69,69,69,69,69,69,69,69,69,69,69,69,69,69,69,69,69,69,69,60,60,60],"card_choices":[{"not_picked":["Sunder","Reinforced Body"],"picked":"Coolheaded","floor":1.0},{"not_picked":["Compile Driver","Stack","Doom and Gloom"],"picked":"SKIP","floor":3.0},{"not_picked":["BootSequence","Undo","Turbo"],"picked":"SKIP","floor":7.0},{"not_picked":["Coolheaded","Reinforced Body"],"picked":"Chaos","floor":8.0},{"not_picked":["Barrage","Compile Driver"],"picked":"White Noise","floor":12.0},{"not_picked":["Turbo","Barrage"],"picked":"Hologram","floor":14.0},{"not_picked":["Multi-Cast","Fission"],"picked":"Machine Learning","floor":16.0},{"not_picked":["Double Energy","Beam Cell"],"picked":"Cold Snap+1","floor":18.0},{"not_picked":["Chaos","Storm"],"picked":"Ball Lightning+1","floor":20.0},{"not_picked":["Barrage+1","Fusion+1"],"picked":"Leap","floor":24.0},{"not_picked":["Sweeping Beam","Barrage"],"picked":"Beam Cell","floor":28.0},{"not_picked":["FTL","Gash"],"picked":"Hologram","floor":31.0},{"not_picked":["Multi-Cast","Meteor Strike"],"picked":"Buffer","floor":33.0},{"not_picked":["Turbo+1","Hologram"],"picked":"Defragment","floor":35.0},{"not_picked":["Barrage","Cold Snap","Streamline"],"picked":"SKIP","floor":39.0},{"not_picked":["Turbo","Stack"],"picked":"Force Field","floor":41.0},{"not_picked":["Sweeping Beam+1","Barrage+1"],"picked":"Conserve Battery+1","floor":45.0},{"not_picked":["Doom and Gloom+1","Thunder Strike"],"picked":"Defragment","floor":47}],"player_experience":70279,"relics_obtained":[{"floor":8.0,"key":"Bag of Marbles"},{"floor":9.0,"key":"Mercury Hourglass"},{"floor":13.0,"key":"Juzu Bracelet"},{"floor":24.0,"key":"Dodecahedron"},{"floor":26.0,"key":"Bottled Tornado"},{"floor":27.0,"key":"Dream Catcher"},{"floor":31.0,"key":"Vajra"},{"floor":43.0,"key":"Sundial"},{"floor":47,"key":"Incense Burner"}],"event_choices":[{"event_name":"Golden Idol","player_choice":"Lose Max HP","floor":2.0,"damage_taken":0.0},{"event_name":"The Cleric","player_choice":"Card Removal","floor":4.0,"damage_taken":0.0},{"event_name":"Living Wall","player_choice":"Change","floor":5.0,"damage_taken":0.0},{"event_name":"Beggar","player_choice":"Gave Gold","floor":19.0,"damage_taken":0.0},{"event_name":"Golden Shrine","player_choice":"Desecrate","floor":22.0,"damage_taken":0.0},{"event_name":"Back to Basics","player_choice":"Simplicity","floor":30.0,"damage_taken":0.0},{"event_name":"Golden Shrine","player_choice":"Desecrate","floor":37.0,"damage_taken":0.0},{"event_name":"Tomb of Lord Red Mask","player_choice":"Ignored","floor":38.0,"damage_taken":0.0},{"event_name":"Mysterious Sphere","player_choice":"Fight","floor":47,"damage_taken":0},{"event_name":"The Moai Head","player_choice":"Heal","floor":48,"damage_taken":0}],"is_beta":false,"boss_relics":[{"not_picked":["Fusion Hammer","Eternal Feather"],"picked":"Nuclear Battery"},{"not_picked":["Runic Dome","Black Star"],"picked":"Coffee Dripper"}],"items_purged_floors":[],"is_endless":false,"potions_floor_spawned":[1,8,14,16,20,24,39,41],"ascension_level":2}