{"gold_per_floor":[113,113,131,131,131,162,162,41,95,142,166,178,155,182,194,302,314,338,275,258,185,217,229,251,263,330,342],"floor_reached":27,"playtime":1146,"items_purged":[],"score":309,"play_id":"48932a91-df3c-454c-bfaf-5bba1da3bacc","local_time":"20190421212809","is_ascension_mode":true,"campfire_choices":[{"data":"Disarm","floor":7,"key":"SMITH"},{"floor":12,"key":"REST"},{"data":"True Grit","floor":15,"key":"SMITH"},{"data":"Shrug It Off","floor":23,"key":"SMITH"},{"data":"Impervious","floor":25,"key":"SMITH"}],"neow_cost":"TEN_PERCENT_HP_LOSS","seed_source_timestamp":400676370049487,"circlet_count":0,"master_deck":["Strike_R","Defend_R","Defend_R","Defend_R","Defend_R+1","Bash","Demon Form+1","Combust","Rampage+1","Disarm+1","Impervious+1","Metallicize","True Grit+1","Shrug It Off+1","Metallicize","Offering","Shrug It Off+1","Shockwave","Shrug It Off+1","Battle Trance+1"],"relics":["Burning Blood","Boot","MawBank","Dodecahedron","Coffee Dripper","Blue Candle","Tiny Chest"],"potions_floor_usage":[6,6,14,22],"damage_taken":[{"damage":11,"enemies":"Cultist","floor":1,"turns":4},{"damage":9,"enemies":"Small Slimes","floor":3,"turns":4},{"damage":26,"enemies":"Gremlin Nob","floor":6,"turns":4},{"damage":38,"enemies":"3 Sentries","floor":10,"turns":12},{"damage":0,"enemies":"2 Louse","floor":11,"turns":4},{"damage":9,"enemies":"Exordium Thugs","floor":14,"turns":4},{"damage":27,"enemies":"Slime Boss","floor":16,"turns":11},{"damage":21,"enemies":"3 Byrds","floor":18,"turns":6},{"damage":8,"enemies":"2 Thieves","floor":20,"turns":5},{"damage":33,"enemies":"3 Cultists","floor":22,"turns":8},{"damage":15,"enemies":"Shelled Parasite and Fungi","floor":24,"turns":7},{"damage":17,"enemies":"Chosen and Byrds","floor":27,"turns":7}],"seed_played":"1201009777346922032","potions_obtained":[{"floor":1,"key":"Regen Potion"},{"floor":3,"key":"Weak Potion"},{"floor":10,"key":"LiquidBronze"},{"floor":20,"key":"BloodPotion"}],"is_trial":false,"path_per_floor":["M","?","M","?","?","E","R","$","T","E","M","R","?","M","R","B",null,"M","?","M","?","M","R","M","R","T","M"],"character_chosen":"IRONCLAD","items_purchased":["Metallicize","True Grit"],"campfire_rested":1,"item_purchase_floors":[8,8],"current_hp_per_floor":[67,67,64,50,50,39,39,39,39,7,13,34,52,49,49,28,61,46,46,44,44,24,24,15,15,15,0],"gold":342,"neow_bonus":"TRANSFORM_TWO_CARDS","is_prod":false,"is_daily":false,"chose_seed":false,"campfire_upgraded":4,"win_rate":0,"timestamp":1555896489,"path_taken":["M","?","?","?","?","E","R","$","T","E","?","R","?","M","R","BOSS","M","?","M","?","M","R","M","R","T","M"],"build_version":"2019-01-23","purchased_purges":0,"victory":false,"max_hp_per_floor":[72,72,72,72,72,72,72,72,72,72,72,72,72,72,72,72,72,72,72,72,72,72,72,72,72,72,72],"card_choices":[{"not_picked":["Armaments","Corruption"],"picked":"Rampage","floor":1},{"not_picked":["Shockwave","Spot Weakness"],"picked":"Disarm","floor":3},{"not_picked":["Wild Strike","Thunderclap","Carnage"],"picked":"SKIP","floor":6},{"not_picked":["Metallicize","Twin Strike"],"picked":"Shrug It Off","floor":10},{"not_picked":["Second Wind","Havoc","Iron Wave"],"picked":"SKIP","floor":11},{"not_picked":["Ghostly Armor","Wild Strike"],"picked":"Metallicize","floor":14},{"not_picked":["Fiend Fire","Dark Embrace"],"picked":"Offering","floor":16},{"not_picked":["Sword Boomerang","Second Wind"],"picked":"Shrug It Off+1","floor":18},{"not_picked":["Second Wind","Corruption"],"picked":"Shockwave","floor":20},{"not_picked":["Cleave","Disarm"],"picked":"Shrug It Off+1","floor":22},{"not_picked":["Cleave","Body Slam"],"picked":"Battle Trance+1","floor":24}],"player_experience":261727,"relics_obtained":[{"floor":6,"key":"Boot"},{"floor":9,"key":"MawBank"},{"floor":10,"key":"Dodecahedron"},{"floor":26,"key":"Tiny Chest"}],"event_choices":[{"damage_healed":0,"gold_gain":0,"player_choice":"Upgraded","damage_taken":0,"max_hp_gain":0,"max_hp_loss":0,"event_name":"Upgrade Shrine","floor":2,"gold_loss":0,"cards_upgraded":["Demon Form"]},{"damage_healed":0,"gold_gain":0,"player_choice":"Entered Light","damage_taken":14,"max_hp_gain":0,"max_hp_loss":0,"event_name":"Shining Light","floor":4,"gold_loss":0,"cards_upgraded":["Defend_R","Rampage"]},{"damage_healed":0,"gold_gain":0,"cards_transformed":["Strike_R"],"player_choice":"Transformed","damage_taken":0,"max_hp_gain":0,"max_hp_loss":0,"event_name":"Transmorgrifier","floor":5,"gold_loss":0,"cards_obtained":["Impervious"]},{"damage_healed":18,"gold_gain":0,"player_choice":"Healed","damage_taken":0,"max_hp_gain":0,"max_hp_loss":0,"event_name":"The Cleric","floor":13,"gold_loss":35},{"cards_removed":["Strike_R"],"damage_healed":0,"gold_gain":0,"player_choice":"Gave Gold","damage_taken":0,"max_hp_gain":0,"max_hp_loss":0,"event_name":"Beggar","floor":19,"gold_loss":75},{"damage_healed":0,"gold_gain":0,"player_choice":"Obtained Relic","damage_taken":0,"relics_obtained":["Blue Candle"],"max_hp_gain":0,"max_hp_loss":0,"event_name":"Addict","floor":21,"gold_loss":85}],"is_beta":false,"boss_relics":[{"not_picked":["Runic Pyramid","Ectoplasm"],"picked":"Coffee Dripper"}],"items_purged_floors":[],"is_endless":false,"potions_floor_spawned":[1,3,10,20],"killed_by":"Chosen and Byrds","ascension_level":8}