{"gold_per_floor":[115,78,3,19,19,19,59,39,39,58,58,71,71,94,94,187,187,200,213,233,158,181,181,181,181],"floor_reached":25,"playtime":1097,"items_purged":["Strike_G"],"score":466,"play_id":"dcaa45d2-4f43-49fe-9af1-8718eb8b77a9","local_time":"20190531154819","is_ascension_mode":true,"campfire_choices":[{"data":"Neutralize","floor":6.0,"key":"SMITH"},{"data":"Skewer","floor":11,"key":"SMITH"},{"data":"Deadly Poison","floor":13,"key":"SMITH"},{"data":"Dodge and Roll","floor":15,"key":"SMITH"},{"floor":23,"key":"REST"}],"neow_cost":"NONE","seed_source_timestamp":0,"circlet_count":0,"master_deck":["AscendersBane","Defend_G","Defend_G","Defend_G","Defend_G","Defend_G","Survivor","Neutralize+1","Dodge and Roll+1","Well Laid Plans","PiercingWail","Dodge and Roll","Skewer+1","Deadly Poison+1","Backstab","Glass Knife","Noxious Fumes+1","Backflip","Leg Sweep","Bite","Bite","Bite","Bite","Bite"],"special_seed":0,"relics":["Ring of the Snake","NeowsBlessing","Golden Idol","Prayer Wheel","Mummified Hand","Velvet Choker","Bronze Scales"],"potions_floor_usage":[14,16,16,25],"damage_taken":[{"damage":0.0,"enemies":"Cultist","floor":1.0,"turns":1.0},{"damage":0.0,"enemies":"Small Slimes","floor":4.0,"turns":1.0},{"damage":0.0,"enemies":"Lagavulin","floor":7.0,"turns":1.0},{"damage":0.0,"enemies":"2 Louse","floor":10.0,"turns":5.0},{"damage":0,"enemies":"Red Slaver","floor":12,"turns":7},{"damage":4,"enemies":"Lots of Slimes","floor":14,"turns":4},{"damage":29,"enemies":"Hexaghost","floor":16,"turns":13},{"damage":11,"enemies":"2 Thieves","floor":18,"turns":4},{"damage":12,"enemies":"Shell Parasite","floor":19,"turns":6},{"damage":23,"enemies":"Snake Plant","floor":20,"turns":5},{"damage":45,"enemies":"Gremlin Leader","floor":25,"turns":5}],"seed_played":"460387071074493056","potions_obtained":[{"floor":1.0,"key":"Weak Potion"},{"floor":8.0,"key":"Strength Potion"},{"floor":10.0,"key":"Fire Potion"},{"floor":14,"key":"Dexterity Potion"},{"floor":18,"key":"Strength Potion"}],"is_trial":false,"path_per_floor":["M","$","?","M","?","R","E","?","T","M","R","M","R","M","R","B",null,"M","M","M","$","T","R","?","E"],"character_chosen":"THE_SILENT","items_purchased":["Well Laid Plans"],"campfire_rested":1,"item_purchase_floors":[2],"current_hp_per_floor":[59,59,59,59,59,59,59,59,59,59,59,59,59,55,55,26,52,41,29,6,6,6,24,24,0],"gold":181,"neow_bonus":"THREE_ENEMY_KILL","is_prod":false,"is_daily":false,"chose_seed":false,"campfire_upgraded":4,"win_rate":0,"timestamp":1559332099,"path_taken":["M","$","?","M","?","R","E","?","T","?","R","M","R","M","R","BOSS","M","M","M","$","?","R","?","E"],"build_version":"2019-01-23","purchased_purges":1,"victory":false,"max_hp_per_floor":[66,66,66,66,60,60,60,60,60,60,60,60,60,60,60,60,60,60,60,60,60,60,60,42,42],"card_choices":[{"not_picked":["Caltrops","Bouncing Flask"],"picked":"Dodge and Roll","floor":1.0},{"not_picked":["Poisoned Stab","Flying Knee"],"picked":"PiercingWail","floor":4.0},{"not_picked":["Bane","Choke"],"picked":"Dodge and Roll","floor":7.0},{"not_picked":["Eviscerate","Acrobatics"],"picked":"Skewer","floor":10.0},{"not_picked":["Escape Plan","Bane","Terror"],"picked":"SKIP","floor":10.0},{"not_picked":["Deflect","Well Laid Plans"],"picked":"Deadly Poison","floor":12},{"not_picked":["Slice","Finisher","Cloak And Dagger"],"picked":"SKIP","floor":12},{"not_picked":["Sucker Punch","Flying Knee"],"picked":"Backstab","floor":14},{"not_picked":["Phantasmal Killer","Dodge and Roll","Bane"],"picked":"SKIP","floor":14},{"not_picked":["Storm of Steel","A Thousand Cuts"],"picked":"Glass Knife","floor":16},{"not_picked":["Backflip","Predator"],"picked":"Noxious Fumes+1","floor":18},{"not_picked":["Expertise+1","Prepared","Tactician"],"picked":"SKIP","floor":18},{"not_picked":["Accuracy","Outmaneuver"],"picked":"Backflip","floor":19},{"not_picked":["Slice","Dodge and Roll","Bane"],"picked":"SKIP","floor":19},{"not_picked":["Calculated Gamble","Quick Slash"],"picked":"Leg Sweep","floor":20},{"not_picked":["Heel Hook","Cloak And Dagger","Setup+1"],"picked":"SKIP","floor":20}],"player_experience":524348,"relics_obtained":[{"floor":7.0,"key":"Prayer Wheel"},{"floor":9.0,"key":"Mummified Hand"},{"floor":22,"key":"Bronze Scales"}],"event_choices":[{"cards_removed":["Strike_G"],"damage_healed":0.0,"max_hp_gain":0.0,"max_hp_loss":0.0,"gold_gain":0.0,"event_name":"The Cleric","player_choice":"Card Removal","floor":3.0,"gold_loss":75.0,"damage_taken":0.0},{"damage_healed":0.0,"max_hp_gain":0.0,"max_hp_loss":6.0,"gold_gain":0.0,"event_name":"Golden Idol","player_choice":"Lose Max HP","floor":5.0,"gold_loss":0.0,"damage_taken":0.0,"relics_obtained":["Golden Idol"]},{"damage_healed":0.0,"max_hp_gain":0.0,"max_hp_loss":0.0,"gold_gain":0.0,"event_name":"The Woman in Blue","player_choice":"Bought 1 Potion","floor":8.0,"gold_loss":0.0,"damage_taken":0.0},{"damage_healed":0,"gold_gain":0,"player_choice":"Became a vampire","damage_taken":0,"max_hp_gain":0,"max_hp_loss":18,"event_name":"Vampires","floor":24,"gold_loss":0,"cards_obtained":["Bite","Bite","Bite","Bite","Bite"]}],"is_beta":false,"boss_relics":[{"not_picked":["HoveringKite","Ring of the Serpent"],"picked":"Velvet Choker"}],"items_purged_floors":[21],"is_endless":false,"potions_floor_spawned":[1,10,14,18],"killed_by":"Gremlin Leader","ascension_level":19}