{"gold_per_floor":[114,131,147,147,164,191,191,191,191,206,206,221,256,274,274,402,402,376,395,395,418,418,418,433,53,83,108,149,149,199,213,213,213],"floor_reached":33,"playtime":3094,"items_purged":["Defend_G"],"score":321,"play_id":"abe93e1e-2e7c-4339-86ae-10f43f206d22","local_time":"20181024175849","is_ascension_mode":false,"campfire_choices":[{"floor":8,"key":"REST"},{"floor":15,"key":"REST"},{"floor":23,"key":"REST"},{"floor":29,"key":"REST"},{"floor":32,"key":"REST"}],"neow_cost":"NONE","seed_source_timestamp":98158885002757,"circlet_count":0,"master_deck":["Defend_G","Defend_G","Defend_G","Strike_G","Strike_G","Strike_G","Survivor","Neutralize","After Image","Slice","Blade Dance","Slice","Blade Dance","Cloak And Dagger","Noxious Fumes","Deflect","Backflip","Cloak And Dagger","Bane","Dodge and Roll","Backflip","Dagger Spray","Footwork","Backflip","Escape Plan","Bouncing Flask+1","Dagger Throw+1","A Thousand Cuts","Backflip+1","Prepared","Backstab","Outmaneuver","Infinite Blades+1","Quick Slash","Quick Slash+1","Backstab+1"],"relics":["Ring of the Snake","Prayer Wheel","Golden Idol","FossilizedHelix","Odd Mushroom","Orrery","Calipers","Tiny Chest","Shovel"],"potions_floor_usage":[13,16,27,28,33,33],"damage_taken":[{"damage":0,"enemies":"Jaw Worm","floor":1,"turns":8},{"damage":1,"enemies":"2 Louse","floor":2,"turns":3},{"damage":2,"enemies":"Small Slimes","floor":3,"turns":4},{"damage":8,"enemies":"3 Louse","floor":5,"turns":4},{"damage":31,"enemies":"Gremlin Nob","floor":6,"turns":6},{"damage":0,"enemies":"2 Fungi Beasts","floor":10,"turns":5},{"damage":1,"enemies":"Exordium Wildlife","floor":12,"turns":4},{"damage":4,"enemies":"The Mushroom Lair","floor":13,"turns":4},{"damage":0,"enemies":"Large Slime","floor":14,"turns":6},{"damage":11,"enemies":"The Guardian","floor":16,"turns":16},{"damage":19,"enemies":"2 Thieves","floor":18,"turns":5},{"damage":0,"enemies":"Spheric Guardian","floor":19,"turns":6},{"damage":28,"enemies":"Shelled Parasite and Fungi","floor":21,"turns":8},{"damage":0,"enemies":"Snecko","floor":24,"turns":8},{"damage":10,"enemies":"Centurion and Healer","floor":27,"turns":7},{"damage":34,"enemies":"Gremlin Leader","floor":28,"turns":7},{"damage":11,"enemies":"Sentry and Sphere","floor":31,"turns":8},{"damage":40,"enemies":"Champ","floor":33,"turns":13}],"seed_played":"1929995999903894334","potions_obtained":[{"floor":2,"key":"Ancient Potion"},{"floor":12,"key":"PowerPotion"},{"floor":13,"key":"Swift Potion"},{"floor":19,"key":"Swift Potion"},{"floor":24,"key":"Energy Potion"},{"floor":27,"key":"AttackPotion"}],"is_trial":false,"path_per_floor":["M","M","M","?","M","E","?","R","T","M","?","M","?","M","R","B",null,"M","M","?","M","?","R","M","$","T","M","E","R","?","M","R"],"character_chosen":"THE_SILENT","items_purchased":["Calipers"],"campfire_rested":5,"item_purchase_floors":[25],"current_hp_per_floor":[70,69,67,72,64,33,15,37,37,37,37,36,32,32,54,43,75,56,56,56,28,28,50,50,50,50,40,6,28,28,17,39,0],"gold":213,"neow_bonus":"ONE_RANDOM_RARE_CARD","is_prod":false,"is_daily":false,"chose_seed":false,"campfire_upgraded":0,"win_rate":0,"timestamp":1540393129,"path_taken":["M","M","M","?","M","E","?","R","T","M","?","M","?","M","R","BOSS","M","M","?","M","?","R","?","$","T","M","E","R","?","?","R","BOSS"],"build_version":"2018-10-18","purchased_purges":1,"victory":false,"max_hp_per_floor":[70,70,70,75,75,75,75,75,75,75,75,75,75,75,75,75,75,75,75,75,75,75,75,75,75,75,75,75,75,75,75,75,75],"card_choices":[{"not_picked":["Acrobatics","Bouncing Flask"],"picked":"Slice","floor":1},{"not_picked":["Terror","Setup"],"picked":"Blade Dance","floor":2},{"not_picked":["Dagger Spray","Catalyst","Caltrops"],"picked":"SKIP","floor":3},{"not_picked":["Bane","Underhanded Strike","Expertise"],"picked":"SKIP","floor":5},{"not_picked":["Deflect","Tactician"],"picked":"Slice","floor":6},{"not_picked":["Sucker Punch","Expertise"],"picked":"Blade Dance","floor":10},{"not_picked":["Backstab","Flechettes"],"picked":"Cloak And Dagger","floor":10},{"not_picked":["Underhanded Strike","Poisoned Stab"],"picked":"Noxious Fumes","floor":12},{"not_picked":["Underhanded Strike","Bane"],"picked":"Deflect","floor":12},{"not_picked":["Envenom","Deadly Poison"],"picked":"Backflip","floor":13},{"not_picked":["Acrobatics","Masterful Stab"],"picked":"Cloak And Dagger","floor":14},{"not_picked":["Deadly Poison","Distraction"],"picked":"Bane","floor":14},{"not_picked":["Slice","Escape Plan"],"picked":"Dodge and Roll","floor":17},{"not_picked":["Dagger Spray","Blur"],"picked":"Backflip","floor":17},{"not_picked":["PiercingWail","Underhanded Strike"],"picked":"Dagger Spray","floor":17},{"not_picked":["Acrobatics","Dagger Spray"],"picked":"Footwork","floor":17},{"not_picked":["Deadly Poison","Deflect"],"picked":"Backflip","floor":17},{"not_picked":["Crippling Poison","Eviscerate"],"picked":"Escape Plan","floor":18},{"not_picked":["Leg Sweep","Bane"],"picked":"Bouncing Flask+1","floor":18},{"not_picked":["Blade Dance","Backflip"],"picked":"Dagger Throw+1","floor":19},{"not_picked":["Calculated Gamble","Dagger Spray","PiercingWail"],"picked":"SKIP","floor":19},{"not_picked":["Sucker Punch+1","Corpse Explosion"],"picked":"Backflip+1","floor":21},{"not_picked":["Outmaneuver","Deflect"],"picked":"Prepared","floor":21},{"not_picked":["Dash","Flying Knee"],"picked":"Infinite Blades+1","floor":24},{"not_picked":["All Out Attack","Deadly Poison"],"picked":"Quick Slash","floor":24},{"not_picked":["PiercingWail+1","Acrobatics"],"picked":"Quick Slash+1","floor":27},{"not_picked":["Caltrops","Dagger Spray","Sucker Punch"],"picked":"SKIP","floor":27},{"not_picked":["Eviscerate+1","Bane","Expertise"],"picked":"SKIP","floor":28},{"not_picked":["Prepared+1","Underhanded Strike"],"picked":"Backstab+1","floor":31},{"not_picked":["Prepared","Infinite Blades+1","Tactician"],"picked":"SKIP","floor":31}],"player_experience":209085,"relics_obtained":[{"floor":6,"key":"Prayer Wheel"},{"floor":9,"key":"FossilizedHelix"},{"floor":13,"key":"Odd Mushroom"},{"floor":26,"key":"Tiny Chest"},{"floor":28,"key":"Shovel"}],"event_choices":[{"damage_healed":0,"gold_gain":0,"player_choice":"Donut","damage_taken":0,"max_hp_gain":5,"max_hp_loss":0,"event_name":"Big Fish","floor":4,"gold_loss":0},{"damage_healed":0,"gold_gain":0,"player_choice":"Take Damage","damage_taken":18,"relics_obtained":["Golden Idol"],"max_hp_gain":0,"max_hp_loss":0,"event_name":"Golden Idol","floor":7,"gold_loss":0},{"cards_removed":["Strike_G"],"damage_healed":0,"gold_gain":0,"player_choice":"Forget","damage_taken":0,"max_hp_gain":0,"max_hp_loss":0,"event_name":"Living Wall","floor":11,"gold_loss":0},{"damage_healed":0,"gold_gain":0,"player_choice":"Fought Mushrooms","damage_taken":0,"max_hp_gain":0,"max_hp_loss":0,"event_name":"Mushrooms","floor":13,"gold_loss":0},{"damage_healed":0,"gold_gain":0,"player_choice":"Read","damage_taken":0,"max_hp_gain":0,"max_hp_loss":0,"event_name":"The Library","floor":20,"gold_loss":0,"cards_obtained":["A Thousand Cuts"]},{"damage_healed":0,"gold_gain":0,"cards_transformed":["Defend_G","Strike_G"],"player_choice":"Became Test Subject","damage_taken":0,"max_hp_gain":0,"max_hp_loss":0,"event_name":"Drug Dealer","floor":22,"gold_loss":0,"cards_obtained":["Backstab","Outmaneuver"]},{"damage_healed":0,"gold_gain":100,"player_choice":"Bet on Murderer","damage_taken":0,"max_hp_gain":0,"max_hp_loss":0,"event_name":"The Joust","floor":30,"gold_loss":50}],"is_beta":false,"boss_relics":[{"not_picked":["Runic Dome","Snecko Eye"],"picked":"Orrery"}],"items_purged_floors":[25],"is_endless":false,"potions_floor_spawned":[2,12,13,19,24,27],"killed_by":"Champ","ascension_level":0}