{"gold_per_floor":[144,162,179,179,27,53,53,85,136,136,155,167,147,163,163,163],"floor_reached":16,"playtime":696,"items_purged":[],"score":118,"play_id":"819dfc5c-4047-4168-9180-4472f8abb35a","local_time":"20181207222939","is_ascension_mode":true,"campfire_choices":[{"floor":7.0,"key":"REST"},{"data":"Flex","floor":10.0,"key":"SMITH"},{"data":"Corruption","floor":15.0,"key":"SMITH"}],"neow_cost":"NONE","seed_source_timestamp":122738042964925,"circlet_count":0,"master_deck":["Strike_R","Strike_R","Strike_R","Strike_R","Strike_R","Defend_R","Defend_R","Defend_R","Defend_R","Bash","Twin Strike","Flex+1","Iron Wave","Twin Strike","Impervious","Corruption+1","Battle Trance"],"special_seed":0,"relics":["Burning Blood","Tiny Chest","Bird Faced Urn","Happy Flower","Letter Opener","Omamori","Regal Pillow"],"potions_floor_usage":[16,16],"damage_taken":[{"damage":10.0,"enemies":"Cultist","floor":1.0,"turns":4.0},{"damage":3.0,"enemies":"Small Slimes","floor":2.0,"turns":3.0},{"damage":5.0,"enemies":"Jaw Worm","floor":3.0,"turns":4.0},{"damage":43.0,"enemies":"3 Sentries","floor":6.0,"turns":9.0},{"damage":39.0,"enemies":"Lagavulin","floor":8.0,"turns":6.0},{"damage":1.0,"enemies":"Large Slime","floor":11.0,"turns":5.0},{"damage":0.0,"enemies":"Red Slaver","floor":12.0,"turns":1.0},{"damage":0.0,"enemies":"Lots of Slimes","floor":14.0,"turns":4.0},{"damage":65,"enemies":"The Guardian","floor":16,"turns":9}],"seed_played":"4937938869713795567","potions_obtained":[{"floor":1.0,"key":"GamblersBrew"},{"floor":3.0,"key":"BloodPotion"},{"floor":8.0,"key":"PowerPotion"},{"floor":13.0,"key":"Strength Potion"}],"is_trial":false,"path_per_floor":["M","M","M","T","$","E","R","E","T","R","M","M","?","M","R","B"],"character_chosen":"IRONCLAD","items_purchased":["Happy Flower"],"campfire_rested":1,"item_purchase_floors":[5],"current_hp_per_floor":[76,79,80,80,80,43,67,42,42,42,47,53,53,61,61,0],"gold":163,"neow_bonus":"RANDOM_COMMON_RELIC","is_prod":false,"is_daily":false,"chose_seed":false,"campfire_upgraded":2,"win_rate":0,"timestamp":1544210979,"path_taken":["M","M","M","?","$","E","R","E","T","R","M","M","?","M","R","BOSS"],"build_version":"2018-12-06","purchased_purges":0,"victory":false,"max_hp_per_floor":[80,80,80,80,80,80,80,80,80,80,80,80,80,80,80,80],"card_choices":[{"not_picked":["Carnage","Headbutt"],"picked":"Twin Strike","floor":1.0},{"not_picked":["Fire Breathing","Body Slam"],"picked":"Flex","floor":2.0},{"not_picked":["Pummel","Thunderclap"],"picked":"Iron Wave","floor":3.0},{"not_picked":["Infernal Blade","Reckless Charge"],"picked":"Twin Strike","floor":6.0},{"not_picked":["Sword Boomerang","Dark Embrace"],"picked":"Impervious","floor":8.0},{"not_picked":["Clash","Warcry"],"picked":"Corruption","floor":11.0},{"not_picked":["Havoc","Perfected Strike"],"picked":"Battle Trance","floor":12.0},{"not_picked":["Havoc","Clash","Rampage"],"picked":"SKIP","floor":14.0}],"player_experience":441966,"relics_obtained":[{"floor":4.0,"key":"Bird Faced Urn"},{"floor":6.0,"key":"Letter Opener"},{"floor":8.0,"key":"Omamori"},{"floor":9.0,"key":"Regal Pillow"}],"event_choices":[{"damage_healed":0.0,"max_hp_gain":0.0,"max_hp_loss":0.0,"gold_gain":0.0,"event_name":"The Woman in Blue","player_choice":"Bought 1 Potion","floor":13.0,"gold_loss":0.0,"damage_taken":0.0}],"is_beta":false,"boss_relics":[],"items_purged_floors":[],"is_endless":false,"potions_floor_spawned":[1,3,8],"killed_by":"The Guardian","ascension_level":1}