{"gold_per_floor":[117,133,145,0,0,0,14,14,14,45,62,62,95,105,105,205,205,205,105,105,105,105,105,105,105,105,105,105,105,105,105,105,105,105,105,105,105,105,29,29,29,29,29,29,29,29,29,29,29,29],"floor_reached":51,"playtime":3436,"items_purged":["Strike_G","Defend_G"],"score":1050,"play_id":"15e0b184-c39d-42a8-892a-b44aadf0aee5","local_time":"20190424203842","is_ascension_mode":true,"campfire_choices":[{"data":"Footwork","floor":6,"key":"SMITH"},{"data":"Neutralize","floor":8,"key":"SMITH"},{"data":"Envenom","floor":12,"key":"SMITH"},{"data":"Dodge and Roll","floor":15,"key":"SMITH"},{"data":"Noxious Fumes","floor":23,"key":"SMITH"},{"data":"Malaise","floor":25,"key":"SMITH"},{"data":"Backflip","floor":30,"key":"SMITH"},{"data":"Dodge and Roll","floor":32,"key":"SMITH"},{"data":"Tools of the Trade","floor":40,"key":"SMITH"},{"data":"Survivor","floor":42,"key":"SMITH"},{"floor":46,"key":"REST"},{"floor":49,"key":"REST"}],"neow_cost":"NONE","seed_source_timestamp":493717844803481,"circlet_count":0,"master_deck":["Defend_G","Defend_G","Defend_G","Defend_G","Strike_G","Survivor+1","Neutralize+1","Well Laid Plans","Deadly Poison","Predator","Footwork+1","Dash","Envenom+1","Dodge and Roll+1","Backflip+1","Dodge and Roll+1","Malaise+1","PiercingWail","Noxious Fumes+1","Flechettes","Noxious Fumes+1","Tools of the Trade+1","Parasite","Footwork+1"],"relics":["Ring of the Snake","Tingsha","Dead Branch","Regal Pillow","Ectoplasm","Matryoshka","Happy Flower","Busted Crown","Omamori","Lantern","Tough Bandages"],"potions_floor_usage":[11,28,33,33,38,44,50,50],"damage_taken":[{"damage":6,"enemies":"Cultist","floor":1,"turns":5},{"damage":5,"enemies":"Small Slimes","floor":2,"turns":4},{"damage":2,"enemies":"2 Louse","floor":3,"turns":3},{"damage":3,"enemies":"Looter","floor":7,"turns":4},{"damage":0,"enemies":"Gremlin Nob","floor":10,"turns":4},{"damage":0,"enemies":"Large Slime","floor":11,"turns":8},{"damage":0,"enemies":"Lagavulin","floor":13,"turns":7},{"damage":13,"enemies":"Exordium Thugs","floor":14,"turns":7},{"damage":1,"enemies":"The Guardian","floor":16,"turns":14},{"damage":1,"enemies":"Spheric Guardian","floor":18,"turns":8},{"damage":1,"enemies":"Chosen","floor":21,"turns":7},{"damage":2,"enemies":"Centurion and Healer","floor":24,"turns":6},{"damage":6,"enemies":"Snake Plant","floor":27,"turns":5},{"damage":0,"enemies":"Book of Stabbing","floor":28,"turns":6},{"damage":0,"enemies":"3 Cultists","floor":29,"turns":5},{"damage":31,"enemies":"Collector","floor":33,"turns":10},{"damage":0,"enemies":"3 Darklings","floor":35,"turns":4},{"damage":5,"enemies":"3 Shapes","floor":37,"turns":5},{"damage":0,"enemies":"Writhing Mass","floor":38,"turns":8},{"damage":23,"enemies":"Reptomancer","floor":44,"turns":8},{"damage":11,"enemies":"Transient","floor":45,"turns":5},{"damage":0,"enemies":"Maw","floor":48,"turns":8},{"damage":12,"enemies":"Time Eater","floor":50,"turns":13}],"seed_played":"-8488661970060668643","potions_obtained":[{"floor":3,"key":"SmokeBomb"},{"floor":7,"key":"EssenceOfSteel"},{"floor":10,"key":"Dexterity Potion"},{"floor":11,"key":"Dexterity Potion"},{"floor":14,"key":"Poison Potion"},{"floor":24,"key":"PowerPotion"},{"floor":28,"key":"Ancient Potion"},{"floor":38,"key":"AttackPotion"},{"floor":45,"key":"Swift Potion"},{"floor":48,"key":"PowerPotion"}],"is_trial":false,"path_per_floor":["M","M","M","$","?","R","M","R","T","E","M","R","E","M","R","B",null,"M","$","?","M","?","R","M","R","T","M","E","M","R","?","R","B",null,"M","?","M","M","$","R","?","R","T","E","M","R","$","M","R","B",null],"character_chosen":"THE_SILENT","items_purchased":["Footwork","GhostInAJar"],"campfire_rested":2,"item_purchase_floors":[4,39],"current_hp_per_floor":[57,52,50,50,50,50,47,47,47,47,47,47,47,34,34,33,61,60,60,60,59,59,59,57,57,57,51,51,51,51,51,51,20,58,58,58,53,53,53,53,53,53,53,30,19,55,55,55,70,58],"gold":29,"neow_bonus":"REMOVE_CARD","is_prod":false,"is_daily":false,"chose_seed":false,"campfire_upgraded":10,"win_rate":0,"timestamp":1556152722,"path_taken":["M","M","M","$","?","R","?","R","T","E","M","R","E","M","R","BOSS","M","$","?","M","?","R","M","R","T","M","E","?","R","?","R","BOSS","M","?","M","M","$","R","?","R","T","E","M","R","$","M","R","BOSS"],"build_version":"2019-01-23","purchased_purges":2,"victory":true,"max_hp_per_floor":[70,70,70,70,70,70,70,70,70,70,70,70,70,70,70,70,70,70,70,70,70,70,70,70,70,70,70,70,70,70,70,70,70,70,70,70,70,70,70,70,70,70,70,70,70,70,70,70,70,70],"card_choices":[{"not_picked":["Dagger Spray","Acrobatics"],"picked":"Well Laid Plans","floor":1},{"not_picked":["Dagger Throw","Flying Knee"],"picked":"Deadly Poison","floor":2},{"not_picked":["Sucker Punch","Bane"],"picked":"Predator","floor":3},{"not_picked":["Cloak And Dagger","Acrobatics","Blade Dance"],"picked":"SKIP","floor":7},{"not_picked":["PiercingWail","Riddle With Holes"],"picked":"Envenom","floor":10},{"not_picked":["Cloak And Dagger","Tactician"],"picked":"Dodge and Roll","floor":11},{"not_picked":["Prepared","Bouncing Flask"],"picked":"Backflip","floor":13},{"not_picked":["Reflex","Deflect"],"picked":"Dodge and Roll","floor":14},{"not_picked":["Envenom","Tools of the Trade"],"picked":"Malaise","floor":16},{"not_picked":["Outmaneuver+1","Underhanded Strike"],"picked":"PiercingWail","floor":18},{"not_picked":["Flying Knee","Slice"],"picked":"Noxious Fumes","floor":21},{"not_picked":["Finisher","Masterful Stab","Bane"],"picked":"SKIP","floor":24},{"not_picked":["Dash","Acrobatics","Prepared+1"],"picked":"SKIP","floor":27},{"not_picked":["Dagger Throw","Blur"],"picked":"Noxious Fumes+1","floor":28},{"not_picked":["Finisher","Sucker Punch","Choke"],"picked":"SKIP","floor":29},{"not_picked":["Night Terror","Unload"],"picked":"Tools of the Trade","floor":33},{"not_picked":["Prepared"],"picked":"SKIP","floor":35},{"not_picked":["Poisoned Stab+1"],"picked":"SKIP","floor":37},{"not_picked":["Riddle With Holes+1"],"picked":"SKIP","floor":38},{"not_picked":["Eviscerate+1"],"picked":"SKIP","floor":44},{"not_picked":["Flechettes"],"picked":"SKIP","floor":45},{"not_picked":["Slice"],"picked":"SKIP","floor":48}],"player_experience":294060,"relics_obtained":[{"floor":9,"key":"Tingsha"},{"floor":10,"key":"Dead Branch"},{"floor":13,"key":"Regal Pillow"},{"floor":26,"key":"Matryoshka"},{"floor":28,"key":"Happy Flower"},{"floor":43,"key":"Omamori"},{"floor":43,"key":"Lantern"},{"floor":44,"key":"Tough Bandages"}],"event_choices":[{"damage_healed":0,"gold_gain":0,"cards_transformed":["Strike_G"],"player_choice":"Transformed","damage_taken":0,"max_hp_gain":0,"max_hp_loss":0,"event_name":"Transmorgrifier","floor":5,"gold_loss":0,"cards_obtained":["Dash"]},{"damage_healed":0,"gold_gain":0,"player_choice":"Ignored","damage_taken":0,"max_hp_gain":0,"max_hp_loss":0,"event_name":"The Mausoleum","floor":20,"gold_loss":0},{"damage_healed":0,"gold_gain":0,"cards_transformed":["Strike_G"],"player_choice":"Transformed","damage_taken":0,"max_hp_gain":0,"max_hp_loss":0,"event_name":"Transmorgrifier","floor":22,"gold_loss":0,"cards_obtained":["Flechettes"]},{"damage_healed":0,"gold_gain":99,"player_choice":"Stole From Cult","damage_taken":0,"max_hp_gain":0,"max_hp_loss":0,"event_name":"Nest","floor":31,"gold_loss":0},{"damage_healed":0,"gold_gain":0,"player_choice":"Memory 1","damage_taken":0,"max_hp_gain":0,"max_hp_loss":0,"event_name":"SensoryStone","floor":36,"gold_loss":0},{"damage_healed":0,"gold_gain":0,"player_choice":"Copied","damage_taken":0,"max_hp_gain":0,"max_hp_loss":0,"event_name":"Duplicator","floor":41,"gold_loss":0,"cards_obtained":["Footwork"]}],"is_beta":false,"boss_relics":[{"not_picked":["Tiny House","Calling Bell"],"picked":"Ectoplasm"},{"not_picked":["Orrery","White Beast Statue"],"picked":"Busted Crown"}],"items_purged_floors":[4,19],"is_endless":false,"potions_floor_spawned":[3,7,10,11,14,24,28,29,38,45,48],"ascension_level":8}