{"gold_per_floor":[110,110,110,125,152,152,187,207,207,207,13,13,13,26,26,149,149,167,167,185,208,208,235,185,185],"floor_reached":25,"playtime":1212,"items_purged":[],"score":230,"play_id":"31892f7a-930f-4a54-a9ec-2fa6c5082ec2","local_time":"20181207001011","is_ascension_mode":true,"campfire_choices":[{"data":"True Grit","floor":6.0,"key":"SMITH"},{"floor":10.0,"key":"REST"},{"data":"Flame Barrier","floor":12.0,"key":"SMITH"},{"floor":15.0,"key":"REST"}],"neow_cost":"NONE","seed_source_timestamp":41781209816066,"circlet_count":0,"master_deck":["Strike_R","Strike_R","Strike_R","Strike_R","Strike_R","Defend_R","Defend_R","Defend_R","Defend_R","Bash","Twin Strike","True Grit+1","Feel No Pain","Heavy Blade","Flame Barrier+1","Shrug It Off","Sentinel","Anger","Barricade","Armaments","Flex+1","Sword Boomerang+1","Body Slam"],"special_seed":0,"relics":["Burning Blood","Red Skull","Dream Catcher","Ornamental Fan","Sundial","Vajra","Bloody Idol","Mark of Pain","Ginger"],"potions_floor_usage":[20,21,23,23],"damage_taken":[{"damage":2.0,"enemies":"Small Slimes","floor":1.0,"turns":4.0},{"damage":8.0,"enemies":"2 Louse","floor":4.0,"turns":3.0},{"damage":46.0,"enemies":"Lagavulin","floor":7.0,"turns":7.0},{"damage":1.0,"enemies":"Jaw Worm","floor":8.0,"turns":3.0},{"damage":0.0,"enemies":"Exordium Wildlife","floor":14.0,"turns":3.0},{"damage":27.0,"enemies":"The Guardian","floor":16.0,"turns":14.0},{"damage":20.0,"enemies":"3 Byrds","floor":18.0,"turns":6.0},{"damage":48,"enemies":"Colosseum Slavers","floor":19,"turns":5},{"damage":0,"enemies":"Shell Parasite","floor":20,"turns":3},{"damage":11,"enemies":"Centurion and Healer","floor":21,"turns":5},{"damage":25,"enemies":"Gremlin Leader","floor":23,"turns":8},{"damage":35,"enemies":"Book of Stabbing","floor":25,"turns":5}],"seed_played":"-6635796712786222947","potions_obtained":[{"floor":7.0,"key":"Poison Potion"},{"floor":14.0,"key":"Swift Potion"},{"floor":16.0,"key":"EssenceOfSteel"},{"floor":20,"key":"AttackPotion"},{"floor":21,"key":"Regen Potion"}],"is_trial":false,"path_per_floor":["M","?","?","M","T","R","E","M","T","R","$","R","?","M","R","B",null,"M","?","M","M","?","E","?","E"],"character_chosen":"IRONCLAD","items_purchased":["Vajra","Shrug It Off"],"campfire_rested":2,"item_purchase_floors":[11,11],"current_hp_per_floor":[80,85,85,83,83,83,43,48,48,73,73,73,52,58,83,62,85,71,29,35,30,30,31,31,0],"gold":185,"neow_bonus":"RANDOM_COMMON_RELIC","is_prod":false,"is_daily":false,"chose_seed":false,"campfire_upgraded":2,"win_rate":0,"timestamp":1544130611,"path_taken":["M","?","?","M","?","R","E","?","T","R","$","R","?","M","R","BOSS","M","?","M","M","?","E","?","E"],"build_version":"2018-11-15","purchased_purges":0,"victory":false,"max_hp_per_floor":[80,85,85,85,85,85,85,85,85,85,85,85,85,85,85,85,85,85,85,85,85,85,85,85,85],"card_choices":[{"not_picked":["Infernal Blade","Sentinel"],"picked":"Twin Strike","floor":1.0},{"not_picked":["Iron Wave","Thunderclap"],"picked":"True Grit","floor":4.0},{"not_picked":["Reaper","Wild Strike"],"picked":"Feel No Pain","floor":7.0},{"not_picked":["Evolve","Thunderclap"],"picked":"Heavy Blade","floor":8.0},{"not_picked":["Sword Boomerang","Sever Soul"],"picked":"Flame Barrier","floor":10.0},{"not_picked":["Searing Blow","Headbutt"],"picked":"Sentinel","floor":14.0},{"not_picked":["Cleave","Power Through"],"picked":"Anger","floor":15.0},{"not_picked":["Feed","Reaper"],"picked":"Barricade","floor":16.0},{"not_picked":["Feel No Pain+1","Perfected Strike"],"picked":"Armaments","floor":18.0},{"not_picked":["Cleave","Twin Strike"],"picked":"Flex+1","floor":20},{"not_picked":["Headbutt","Evolve"],"picked":"Sword Boomerang+1","floor":21},{"not_picked":["Dropkick","Thunderclap"],"picked":"Body Slam","floor":23}],"player_experience":440062,"relics_obtained":[{"floor":5.0,"key":"Dream Catcher"},{"floor":7.0,"key":"Ornamental Fan"},{"floor":9.0,"key":"Sundial"},{"floor":23,"key":"Ginger"}],"event_choices":[{"damage_healed":0.0,"max_hp_gain":5.0,"max_hp_loss":0.0,"gold_gain":0.0,"event_name":"Big Fish","player_choice":"Donut","floor":2.0,"gold_loss":0.0,"damage_taken":0.0},{"damage_healed":0.0,"max_hp_gain":0.0,"max_hp_loss":0.0,"gold_gain":0.0,"event_name":"Liars Game","player_choice":"Ignored","floor":3.0,"gold_loss":0.0,"damage_taken":0.0},{"damage_healed":0.0,"max_hp_gain":0.0,"max_hp_loss":0.0,"gold_gain":0.0,"event_name":"Golden Idol","player_choice":"Take Damage","floor":13.0,"gold_loss":0.0,"damage_taken":21.0,"relics_obtained":["Golden Idol"]},{"damage_healed":0,"gold_gain":0,"player_choice":"Fight","damage_taken":0,"max_hp_gain":0,"max_hp_loss":0,"event_name":"Colosseum","floor":19,"gold_loss":0},{"damage_healed":0,"gold_gain":0,"player_choice":"Fled From Nobs","damage_taken":0,"max_hp_gain":0,"max_hp_loss":0,"event_name":"Colosseum","floor":19,"gold_loss":0},{"damage_healed":0,"gold_gain":0,"player_choice":"Gave Idol","damage_taken":0,"relics_obtained":["Bloody Idol"],"max_hp_gain":0,"max_hp_loss":0,"event_name":"Forgotten Altar","floor":22,"relics_lost":["Golden Idol"],"gold_loss":0},{"damage_healed":0,"gold_gain":0,"player_choice":"Bet on Owner","damage_taken":0,"max_hp_gain":0,"max_hp_loss":0,"event_name":"The Joust","floor":24,"gold_loss":50}],"is_beta":false,"boss_relics":[{"not_picked":["White Beast Statue","Orrery"],"picked":"Mark of Pain"}],"items_purged_floors":[],"is_endless":false,"potions_floor_spawned":[7,14,16,20,21],"killed_by":"Book of Stabbing","ascension_level":1}