{"gold_per_floor":[112,112,112,43,55,55,130,165,234,49,49,66,78,93,93,190,190,210,223,236,255,255,255,49,80,132,132,23,35,35,46,46,141,141,155,174,274,292,305,305,319,63,89,99,119,134,11,25,25,25],"floor_reached":51,"playtime":3579,"items_purged":["Strike_R","Parasite"],"score":931,"play_id":"89b9a090-0853-4bae-9ca1-5f3463f37675","local_time":"20190422233344","is_ascension_mode":true,"campfire_choices":[{"data":"Metallicize","floor":6,"key":"SMITH"},{"floor":11,"key":"REST"},{"data":"Demon Form","floor":15,"key":"SMITH"},{"data":"True Grit","floor":23,"key":"SMITH"},{"floor":27,"key":"REST"},{"data":"Armaments","floor":30,"key":"SMITH"},{"floor":32,"key":"REST"},{"data":"Shrug It Off","floor":40,"key":"SMITH"},{"floor":49,"key":"REST"}],"neow_cost":"NONE","seed_source_timestamp":430435317497233,"circlet_count":0,"master_deck":["Defend_R","Defend_R","Defend_R","Defend_R","Bash","Double Tap","Armaments+1","Sword Boomerang+1","Metallicize+1","Headbutt+1","True Grit+1","Demon Form+1","Uppercut","Shrug It Off+1","Offering+1","Shrug It Off","Whirlwind","Intimidate","Impervious+1","Clothesline+1","Dual Wield","Battle Trance+1","Parasite","Seeing Red+1","Metallicize"],"relics":["Burning Blood","Happy Flower","Shuriken","Runic Pyramid","Whetstone","Boot","PreservedInsect","Philosopher\u0027s Stone","War Paint","Juzu Bracelet"],"potions_floor_usage":[8,13,16,21,25,25,31,33,41,46,46,50,50,50],"damage_taken":[{"damage":14,"enemies":"Jaw Worm","floor":1,"turns":6},{"damage":0,"enemies":"2 Louse","floor":5,"turns":3},{"damage":43,"enemies":"Lagavulin","floor":8,"turns":6},{"damage":0,"enemies":"Cultist","floor":12,"turns":3},{"damage":22,"enemies":"Lots of Slimes","floor":13,"turns":5},{"damage":0,"enemies":"2 Fungi Beasts","floor":14,"turns":6},{"damage":14,"enemies":"Hexaghost","floor":16,"turns":9},{"damage":8,"enemies":"Shell Parasite","floor":18,"turns":5},{"damage":3,"enemies":"Chosen","floor":19,"turns":5},{"damage":16,"enemies":"Centurion and Healer","floor":20,"turns":6},{"damage":9,"enemies":"Cultist and Chosen","floor":21,"turns":6},{"damage":38,"enemies":"Slavers","floor":25,"turns":4},{"damage":19,"enemies":"Shelled Parasite and Fungi","floor":29,"turns":8},{"damage":24,"enemies":"3 Cultists","floor":31,"turns":5},{"damage":25,"enemies":"Champ","floor":33,"turns":9},{"damage":27,"enemies":"3 Shapes","floor":35,"turns":5},{"damage":15,"enemies":"3 Darklings","floor":36,"turns":5},{"damage":15,"enemies":"Sphere and 2 Shapes","floor":38,"turns":4},{"damage":6,"enemies":"Writhing Mass","floor":39,"turns":8},{"damage":12,"enemies":"3 Darklings","floor":41,"turns":5},{"damage":10,"enemies":"4 Shapes","floor":44,"turns":7},{"damage":6,"enemies":"Writhing Mass","floor":45,"turns":9},{"damage":0,"enemies":"3 Darklings","floor":46,"turns":6},{"damage":20,"enemies":"4 Shapes","floor":48,"turns":8},{"damage":29,"enemies":"Time Eater","floor":50,"turns":12}],"seed_played":"4378360828707284216","potions_obtained":[{"floor":5,"key":"FearPotion"},{"floor":8,"key":"Strength Potion"},{"floor":13,"key":"BloodPotion"},{"floor":16,"key":"AttackPotion"},{"floor":20,"key":"SkillPotion"},{"floor":21,"key":"SteroidPotion"},{"floor":29,"key":"SpeedPotion"},{"floor":31,"key":"LiquidBronze"},{"floor":33,"key":"GamblersBrew"},{"floor":35,"key":"FearPotion"},{"floor":44,"key":"Explosive Potion"},{"floor":45,"key":"BloodPotion"},{"floor":46,"key":"Ancient Potion"},{"floor":48,"key":"Regen Potion"}],"is_trial":false,"path_per_floor":["M","?","?","$","M","R","?","E","T","$","R","M","M","M","R","B",null,"M","M","M","M","?","R","$","E","T","R","$","M","R","M","R","B",null,"M","M","?","M","M","R","M","$","T","M","M","M","$","M","R","B",null],"character_chosen":"IRONCLAD","items_purchased":["Metallicize","Demon Form","Uppercut","Shrug It Off","Whetstone","Shrug It Off","Whirlwind","War Paint","Metallicize","Energy Potion"],"campfire_rested":4,"item_purchase_floors":[4,10,10,10,24,24,28,42,47,47],"current_hp_per_floor":[64,57,57,57,63,63,55,18,18,18,42,48,32,38,38,38,70,68,71,61,58,58,58,58,26,26,50,50,37,37,19,43,24,66,45,36,36,27,27,27,21,21,21,17,17,30,30,16,39,31],"gold":25,"neow_bonus":"TRANSFORM_CARD","is_prod":false,"is_daily":false,"chose_seed":false,"campfire_upgraded":5,"win_rate":0,"timestamp":1555990424,"path_taken":["M","?","?","?","M","R","?","E","T","$","R","M","?","M","R","BOSS","M","M","M","?","?","R","$","E","T","R","?","M","R","M","R","BOSS","M","M","?","M","?","R","M","?","T","M","M","M","$","M","R","BOSS"],"build_version":"2019-01-23","purchased_purges":2,"victory":true,"max_hp_per_floor":[80,80,80,80,80,80,80,80,80,80,80,80,80,80,80,80,80,80,80,80,80,80,80,80,80,80,80,80,80,80,80,80,80,80,80,80,80,80,80,80,80,77,77,77,77,77,77,77,77,77],"card_choices":[{"not_picked":["Heavy Blade","Feel No Pain"],"picked":"Armaments","floor":1},{"not_picked":["Clash","Rage"],"picked":"Headbutt","floor":5},{"not_picked":["Dropkick","Thunderclap"],"picked":"True Grit","floor":8},{"not_picked":["Pommel Strike","Clothesline","Thunderclap"],"picked":"SKIP","floor":12},{"not_picked":["Twin Strike","Pommel Strike","Thunderclap"],"picked":"SKIP","floor":13},{"not_picked":["Combust","Entrench","Warcry"],"picked":"SKIP","floor":14},{"not_picked":["Fiend Fire","Berserk"],"picked":"Offering","floor":16},{"not_picked":["Twin Strike","Heavy Blade","Armaments"],"picked":"SKIP","floor":18},{"not_picked":["Entrench","Heavy Blade+1","Wild Strike"],"picked":"SKIP","floor":19},{"not_picked":["Wild Strike+1","Flex+1","Rage"],"picked":"SKIP","floor":20},{"not_picked":["Clash","Flex","Dropkick"],"picked":"SKIP","floor":21},{"not_picked":["Double Tap","Twin Strike","Body Slam"],"picked":"SKIP","floor":25},{"not_picked":["Clash","Anger","Pommel Strike"],"picked":"SKIP","floor":29},{"not_picked":["Entrench","Headbutt"],"picked":"Intimidate","floor":31},{"not_picked":["Berserk","Exhume"],"picked":"Impervious","floor":33},{"not_picked":["Feel No Pain+1","Hemokinesis"],"picked":"Clothesline+1","floor":35},{"not_picked":["Whirlwind","Feel No Pain+1"],"picked":"Dual Wield","floor":36},{"not_picked":["Heavy Blade","Perfected Strike+1","Twin Strike+1"],"picked":"SKIP","floor":38},{"not_picked":["Rupture+1","Twin Strike","Iron Wave"],"picked":"SKIP","floor":39},{"not_picked":["Sword Boomerang+1","Clothesline"],"picked":"Battle Trance+1","floor":41},{"not_picked":["Exhume","Sword Boomerang","Iron Wave"],"picked":"SKIP","floor":44},{"not_picked":["Searing Blow","Body Slam+1","True Grit+1"],"picked":"SKIP","floor":45},{"not_picked":["Body Slam+1","Twin Strike+1"],"picked":"Seeing Red+1","floor":46},{"not_picked":["Clothesline+1","Rampage","Perfected Strike"],"picked":"SKIP","floor":48}],"player_experience":270639,"relics_obtained":[{"floor":8,"key":"Happy Flower"},{"floor":9,"key":"Shuriken"},{"floor":25,"key":"Boot"},{"floor":26,"key":"PreservedInsect"},{"floor":43,"key":"Juzu Bracelet"}],"event_choices":[{"cards_removed":["Strike_R"],"damage_healed":0,"gold_gain":0,"player_choice":"Card Removal","damage_taken":7,"max_hp_gain":0,"max_hp_loss":0,"event_name":"Golden Wing","floor":2,"gold_loss":0},{"damage_healed":0,"gold_gain":0,"cards_transformed":["Strike_R"],"player_choice":"Change","damage_taken":0,"max_hp_gain":0,"max_hp_loss":0,"event_name":"Living Wall","floor":3,"gold_loss":0,"cards_obtained":["Sword Boomerang"]},{"damage_healed":0,"gold_gain":75,"player_choice":"Touch","damage_taken":8,"max_hp_gain":0,"max_hp_loss":0,"event_name":"FaceTrader","floor":7,"gold_loss":0},{"cards_removed":["Strike_R"],"damage_healed":0,"gold_gain":0,"player_choice":"Card Removal","damage_taken":0,"max_hp_gain":0,"max_hp_loss":0,"event_name":"Wheel of Change","floor":22,"gold_loss":0},{"damage_healed":0,"gold_gain":100,"player_choice":"Pray","damage_taken":0,"max_hp_gain":0,"max_hp_loss":0,"event_name":"Golden Shrine","floor":37,"gold_loss":0}],"is_beta":false,"boss_relics":[{"not_picked":["Lizard Tail","Runic Cube"],"picked":"Runic Pyramid"},{"not_picked":["Pandora\u0027s Box","Black Blood"],"picked":"Philosopher\u0027s Stone"}],"items_purged_floors":[28,42],"is_endless":false,"potions_floor_spawned":[5,8,13,16,20,21,29,31,33,35,44,45,46,48],"ascension_level":9}