{"gold_per_floor":[109,109,122,85,95,125,143,143,143,163,187,187,187,70,70,141,141,160,135,135,149,169,169,169],"floor_reached":24,"playtime":1003,"items_purged":["Strike_R"],"score":392,"play_id":"a6e16d1e-bff2-4df1-9306-5ceaa4dda775","local_time":"20190606185359","is_ascension_mode":true,"campfire_choices":[{"data":"Uppercut","floor":8,"key":"SMITH"},{"data":"Disarm","floor":13,"key":"SMITH"},{"floor":15,"key":"REST"},{"floor":23,"key":"REST"}],"neow_cost":"NONE","seed_source_timestamp":1932864928251547,"circlet_count":0,"master_deck":["AscendersBane","Strike_R","Strike_R","Strike_R","Strike_R","Defend_R","Defend_R","Defend_R","Defend_R","Bash","Disarm+1","Cleave","Evolve","Rampage","Inflame","Uppercut+1","Armaments+1","True Grit+1","Sentinel+1","Demon Form","Intimidate+1","Shrug It Off+1","Disarm+1"],"relics":["Burning Blood","NeowsBlessing","Toxic Egg 2","Sundial","Odd Mushroom","Pear","Mark of Pain","Happy Flower"],"potions_floor_usage":[6,6,11,24],"damage_taken":[{"damage":0,"enemies":"Small Slimes","floor":1,"turns":1},{"damage":0,"enemies":"Cultist","floor":3,"turns":1},{"damage":0,"enemies":"2 Louse","floor":5,"turns":1},{"damage":27,"enemies":"Gremlin Nob","floor":6,"turns":4},{"damage":20,"enemies":"Blue Slaver","floor":7,"turns":5},{"damage":19,"enemies":"Lots of Slimes","floor":10,"turns":5},{"damage":3,"enemies":"The Mushroom Lair","floor":11,"turns":4},{"damage":33,"enemies":"Hexaghost","floor":16,"turns":13},{"damage":28,"enemies":"Chosen","floor":18,"turns":6},{"damage":33,"enemies":"Spheric Guardian","floor":21,"turns":8},{"damage":19,"enemies":"Centurion and Healer","floor":22,"turns":7},{"damage":38,"enemies":"Slavers","floor":24,"turns":3}],"seed_played":"8057776204621688985","potions_obtained":[{"floor":1,"key":"FairyPotion"},{"floor":3,"key":"Poison Potion"},{"floor":5,"key":"Strength Potion"},{"floor":7,"key":"SpeedPotion"},{"floor":10,"key":"SkillPotion"},{"floor":22,"key":"SkillPotion"}],"is_trial":false,"path_per_floor":["M","?","M","$","M","E","M","R","T","M","?","T","R","$","R","B",null,"M","$","T","M","M","R","E"],"character_chosen":"IRONCLAD","items_purchased":["Evolve","Sentinel+1","Shrug It Off+1"],"campfire_rested":2,"item_purchase_floors":[4,14,19],"current_hp_per_floor":[74,74,75,75,75,54,40,40,40,27,30,40,40,40,65,38,73,51,51,51,24,11,36,0],"gold":169,"neow_bonus":"THREE_ENEMY_KILL","is_prod":false,"is_daily":false,"chose_seed":false,"campfire_upgraded":2,"win_rate":0,"timestamp":1559861639,"path_taken":["M","?","M","$","?","E","M","R","T","M","?","?","R","$","R","BOSS","M","$","?","?","M","R","E"],"build_version":"2019-01-23","purchased_purges":1,"victory":false,"max_hp_per_floor":[75,75,75,75,75,75,75,75,75,75,75,85,85,85,85,85,85,85,85,85,85,85,85,85],"card_choices":[{"not_picked":["Intimidate","Twin Strike"],"picked":"Disarm","floor":1},{"not_picked":["Ghostly Armor","Sword Boomerang"],"picked":"Cleave","floor":3},{"not_picked":["Corruption","Dropkick"],"picked":"Rampage","floor":5},{"not_picked":["Rage","Twin Strike"],"picked":"Inflame","floor":6},{"not_picked":["Warcry+1","Feed"],"picked":"Uppercut","floor":7},{"not_picked":["Body Slam","Carnage"],"picked":"Armaments+1","floor":10},{"not_picked":["Second Wind+1","Perfected Strike"],"picked":"True Grit+1","floor":11},{"not_picked":["Dark Embrace","Limit Break+1"],"picked":"Demon Form","floor":16},{"not_picked":["Dual Wield+1","Inflame"],"picked":"Intimidate+1","floor":18},{"not_picked":["Body Slam","Clothesline"],"picked":"Disarm+1","floor":21},{"not_picked":["Carnage","Blood for Blood","Rampage"],"picked":"SKIP","floor":22}],"player_experience":569831,"relics_obtained":[{"floor":6,"key":"Toxic Egg 2"},{"floor":9,"key":"Sundial"},{"floor":11,"key":"Odd Mushroom"},{"floor":12,"key":"Pear"},{"floor":20,"key":"Happy Flower"}],"event_choices":[{"damage_healed":0,"gold_gain":0,"player_choice":"0 cards matched","damage_taken":0,"max_hp_gain":0,"max_hp_loss":0,"event_name":"Match and Keep!","floor":2,"gold_loss":0,"cards_obtained":[]},{"damage_healed":0,"gold_gain":0,"player_choice":"Fought Mushrooms","damage_taken":0,"max_hp_gain":0,"max_hp_loss":0,"event_name":"Mushrooms","floor":11,"gold_loss":0}],"is_beta":false,"boss_relics":[{"not_picked":["Runic Pyramid","Orrery"],"picked":"Mark of Pain"}],"items_purged_floors":[14],"is_endless":false,"potions_floor_spawned":[1,3,5,7,10,22],"killed_by":"Slavers","ascension_level":20}