{"gold_per_floor":[114,289,300,22,33,62,62,88,113,125,143,174,186,214,226,336,348,380,67,67],"floor_reached":20,"playtime":1161,"items_purged":["Doubt","Strike_B"],"score":213,"play_id":"445fcb26-8892-44af-9f68-8ce4c888136d","local_time":"20181126041012","is_ascension_mode":true,"campfire_choices":[{"floor":13,"key":"REST"},{"floor":15,"key":"REST"}],"neow_cost":"NONE","seed_source_timestamp":169135028162893,"circlet_count":0,"master_deck":["Strike_B","Strike_B","Strike_B+1","Defend_B","Defend_B","Defend_B","Defend_B","Zap","Dualcast","Sweeping Beam","Cold Snap","Go for the Eyes+1","Tempest","Hologram","Rip and Tear","Chaos","Capacitor","Stack","Consume","Machine Learning","Reinforced Body","Turbo","Genetic Algorithm","Self Repair","Gash"],"relics":["Cracked Core","Anchor","Lantern","Centennial Puzzle","Pen Nib","Oddly Smooth Stone","MawBank","Runic Pyramid"],"potions_floor_usage":[6,6,8,12,12,20],"damage_taken":[{"damage":0,"enemies":"Small Slimes","floor":1,"turns":3},{"damage":0,"enemies":"2 Louse","floor":3,"turns":3},{"damage":0,"enemies":"Jaw Worm","floor":5,"turns":2},{"damage":15,"enemies":"Lagavulin","floor":6,"turns":5},{"damage":15,"enemies":"3 Sentries","floor":8,"turns":5},{"damage":0,"enemies":"2 Fungi Beasts","floor":10,"turns":2},{"damage":2,"enemies":"Exordium Thugs","floor":11,"turns":3},{"damage":7,"enemies":"Lagavulin","floor":12,"turns":5},{"damage":0,"enemies":"Looter","floor":14,"turns":2},{"damage":22,"enemies":"Hexaghost","floor":16,"turns":9},{"damage":0,"enemies":"Chosen","floor":18,"turns":5},{"damage":7,"enemies":"Shell Parasite","floor":20,"turns":3}],"seed_played":"4605379640310254007","potions_obtained":[{"floor":3,"key":"EntropicBrew"},{"floor":6,"key":"PowerPotion"},{"floor":8,"key":"Swift Potion"},{"floor":11,"key":"EssenceOfSteel"},{"floor":14,"key":"Weak Potion"},{"floor":18,"key":"EssenceOfSteel"}],"is_trial":false,"path_per_floor":["M","?","M","$","M","E","?","E","T","M","M","E","R","M","R","B",null,"M","$","M"],"character_chosen":"DEFECT","items_purchased":["Lantern","Go for the Eyes","Turbo","Genetic Algorithm","Self Repair","Gash"],"campfire_rested":2,"item_purchase_floors":[4,4,19,19,19,19],"current_hp_per_floor":[75,75,75,75,75,60,45,30,30,30,28,21,43,43,65,43,75,75,75,68],"gold":67,"neow_bonus":"RANDOM_COMMON_RELIC","is_prod":false,"is_daily":false,"chose_seed":false,"campfire_upgraded":0,"win_rate":0,"timestamp":1543194612,"path_taken":["M","?","M","$","M","E","?","E","T","M","M","E","R","M","R","BOSS","M","$","M"],"build_version":"2018-11-15","purchased_purges":2,"victory":false,"max_hp_per_floor":[75,75,75,75,75,75,75,75,75,75,75,75,75,75,75,75,75,75,75,75],"card_choices":[{"not_picked":["Turbo","Barrage"],"picked":"Sweeping Beam","floor":1},{"not_picked":["Undo","Redo"],"picked":"Cold Snap","floor":3},{"not_picked":["Steam","Aggregate"],"picked":"Tempest","floor":5},{"not_picked":["Heatsinks","Cold Snap"],"picked":"Hologram","floor":6},{"not_picked":["Reprogram","Sunder"],"picked":"Rip and Tear","floor":8},{"not_picked":["Go for the Eyes","Storm"],"picked":"Chaos","floor":10},{"not_picked":["Multi-Cast","Stack"],"picked":"Capacitor","floor":11},{"not_picked":["Leap","FTL"],"picked":"Stack","floor":12},{"not_picked":["Streamline","Go for the Eyes"],"picked":"Consume","floor":14},{"not_picked":["Meteor Strike","Fission"],"picked":"Machine Learning","floor":16},{"not_picked":["Scrape","Reprogram"],"picked":"Reinforced Body","floor":18}],"player_experience":397125,"relics_obtained":[{"floor":6,"key":"Centennial Puzzle"},{"floor":8,"key":"Pen Nib"},{"floor":9,"key":"Oddly Smooth Stone"},{"floor":12,"key":"MawBank"}],"event_choices":[{"damage_healed":0,"gold_gain":175,"player_choice":"AGREE","damage_taken":0,"max_hp_gain":0,"max_hp_loss":0,"event_name":"Liars Game","floor":2,"gold_loss":0,"cards_obtained":["Doubt"]},{"damage_healed":0,"gold_gain":0,"player_choice":"Entered Light","damage_taken":15,"max_hp_gain":0,"max_hp_loss":0,"event_name":"Shining Light","floor":7,"gold_loss":0,"cards_upgraded":["Go for the Eyes","Strike_B"]}],"is_beta":false,"boss_relics":[{"not_picked":["Coffee Dripper","Velvet Choker"],"picked":"Runic Pyramid"}],"items_purged_floors":[4,19],"is_endless":false,"potions_floor_spawned":[3,6,8,11,14,18],"killed_by":"Shell Parasite","ascension_level":2}