{"gold_per_floor":[115,128,140,215,229,255,280,308,361,361,389,389,421,440,440,440],"floor_reached":16,"playtime":1025,"items_purged":[],"score":156,"play_id":"e2b54b2f-32c8-4c8f-94f7-b7b4c3cfb06d","local_time":"20181028165438","is_ascension_mode":true,"campfire_choices":[{"data":"Perfected Strike","floor":10,"key":"SMITH"},{"data":"Perfected Strike","floor":15,"key":"SMITH"}],"neow_cost":"TEN_PERCENT_HP_LOSS","seed_source_timestamp":350420782198554,"circlet_count":0,"master_deck":["Strike_R","Strike_R","Strike_R","Strike_R","Strike_R","Defend_R","Defend_R","Defend_R","Defend_R","Bash","Feed","Clash","Shrug It Off","Impervious","Perfected Strike+1","Perfected Strike+1","Flex","Double Tap","Pommel Strike"],"relics":["Burning Blood","Meat on the Bone","Odd Mushroom","Art of War","Tiny Chest","Pen Nib","Unceasing Top","Pear"],"potions_floor_usage":[8,16,16],"damage_taken":[{"damage":7,"enemies":"Small Slimes","floor":1,"turns":3},{"damage":7,"enemies":"Jaw Worm","floor":2,"turns":2},{"damage":0,"enemies":"2 Louse","floor":3,"turns":3},{"damage":4,"enemies":"Looter","floor":5,"turns":3},{"damage":35,"enemies":"Gremlin Nob","floor":6,"turns":5},{"damage":22,"enemies":"The Mushroom Lair","floor":7,"turns":4},{"damage":20,"enemies":"Lagavulin","floor":8,"turns":8},{"damage":12,"enemies":"3 Sentries","floor":11,"turns":8},{"damage":12,"enemies":"Lagavulin","floor":13,"turns":5},{"damage":4,"enemies":"2 Fungi Beasts","floor":14,"turns":3},{"damage":72,"enemies":"Hexaghost","floor":16,"turns":9}],"seed_played":"-5608094763848962712","potions_obtained":[{"floor":1,"key":"Ancient Potion"},{"floor":6,"key":"EssenceOfSteel"},{"floor":7,"key":"BloodPotion"},{"floor":8,"key":"Strength Potion"}],"is_trial":false,"path_per_floor":["M","M","M","?","M","E","?","E","T","R","E","T","E","M","R"],"character_chosen":"IRONCLAD","items_purchased":[],"campfire_rested":0,"item_purchase_floors":[],"current_hp_per_floor":[74,73,78,67,69,40,39,45,45,45,51,51,67,69,69,0],"gold":440,"neow_bonus":"THREE_RARE_CARDS","is_prod":false,"is_daily":false,"chose_seed":false,"campfire_upgraded":2,"win_rate":0,"timestamp":1540767278,"path_taken":["M","M","M","?","M","E","?","E","T","R","E","?","E","?","R","BOSS"],"build_version":"2018-10-25v2","purchased_purges":0,"victory":false,"max_hp_per_floor":[75,75,78,78,78,78,81,81,81,81,81,81,91,91,91,91],"card_choices":[{"not_picked":["Immolate","Fiend Fire"],"picked":"Feed","floor":0},{"not_picked":["Fire Breathing","Heavy Blade"],"picked":"Clash","floor":1},{"not_picked":["Flame Barrier","Body Slam"],"picked":"Shrug It Off","floor":2},{"not_picked":["Evolve","Fire Breathing"],"picked":"Impervious","floor":3},{"not_picked":["Rage","Uppercut","Entrench"],"picked":"SKIP","floor":5},{"not_picked":["Wild Strike","Anger"],"picked":"Perfected Strike","floor":6},{"not_picked":["Shockwave","Shrug It Off"],"picked":"Perfected Strike","floor":7},{"not_picked":["Fire Breathing","Pummel","Combust"],"picked":"SKIP","floor":8},{"not_picked":["Cleave","Headbutt"],"picked":"Flex","floor":11},{"not_picked":["Wild Strike","Intimidate"],"picked":"Double Tap","floor":13},{"not_picked":["Whirlwind","Power Through"],"picked":"Pommel Strike","floor":14}],"player_experience":214628,"relics_obtained":[{"floor":6,"key":"Meat on the Bone"},{"floor":7,"key":"Odd Mushroom"},{"floor":8,"key":"Art of War"},{"floor":9,"key":"Tiny Chest"},{"floor":11,"key":"Pen Nib"},{"floor":12,"key":"Unceasing Top"},{"floor":13,"key":"Pear"}],"event_choices":[{"damage_healed":0,"gold_gain":75,"player_choice":"Gather Gold","damage_taken":11,"max_hp_gain":0,"max_hp_loss":0,"event_name":"World of Goop","floor":4,"gold_loss":0},{"damage_healed":0,"gold_gain":0,"player_choice":"Fought Mushrooms","damage_taken":0,"max_hp_gain":0,"max_hp_loss":0,"event_name":"Mushrooms","floor":7,"gold_loss":0}],"is_beta":false,"boss_relics":[],"items_purged_floors":[],"is_endless":false,"potions_floor_spawned":[1,6,7,8,13],"killed_by":"Hexaghost","ascension_level":4}