{"gold_per_floor":[118,133,53,64,82,82,98,23,48,59,59,9,25,42,42,140,140,150,165,39,39],"floor_reached":21,"playtime":2772,"items_purged":["Strike_R"],"score":254,"play_id":"48a017b9-6b48-4168-8184-cd176f03c93f","local_time":"20190609124850","is_ascension_mode":true,"campfire_choices":[{"data":"True Grit","floor":6,"key":"SMITH"},{"data":"Bash","floor":11,"key":"SMITH"},{"data":"Flame Barrier","floor":15,"key":"SMITH"}],"neow_cost":"NONE","seed_source_timestamp":857631168671372,"circlet_count":0,"master_deck":["Strike_R","Strike_R","Strike_R","Defend_R","Defend_R","Defend_R","Defend_R","Bash+1","True Grit+1","Sentinel","Flame Barrier+1","Wild Strike","Burning Pact","Wild Strike","Shrug It Off","Double Tap","Body Slam","Metallicize","Shrug It Off"],"relics":["Burning Blood","Mark of Pain"],"potions_floor_usage":[14,16,16,21],"damage_taken":[{"damage":5,"enemies":"2 Louse","floor":1,"turns":4},{"damage":3,"enemies":"Small Slimes","floor":2,"turns":4},{"damage":16,"enemies":"Cultist","floor":4,"turns":7},{"damage":9,"enemies":"Red Slaver","floor":5,"turns":7},{"damage":7,"enemies":"3 Louse","floor":7,"turns":5},{"damage":1,"enemies":"Looter","floor":10,"turns":4},{"damage":0,"enemies":"2 Fungi Beasts","floor":13,"turns":5},{"damage":5,"enemies":"Gremlin Gang","floor":14,"turns":5},{"damage":90,"enemies":"The Guardian","floor":16,"turns":17},{"damage":35,"enemies":"Shell Parasite","floor":18,"turns":8},{"damage":20,"enemies":"Chosen","floor":19,"turns":7},{"damage":36,"enemies":"Masked Bandits","floor":21,"turns":3}],"seed_played":"-1803415177682489318","potions_obtained":[{"floor":2,"key":"Regen Potion"},{"floor":5,"key":"Swift Potion"},{"floor":10,"key":"Poison Potion"},{"floor":16,"key":"FearPotion"},{"floor":19,"key":"Weak Potion"}],"is_trial":false,"path_per_floor":["M","M","$","M","M","R","M","$","T","M","R","?","M","M","R","B",null,"M","M","$","?"],"character_chosen":"IRONCLAD","items_purchased":["Flame Barrier","Metallicize","Shrug It Off"],"campfire_rested":0,"item_purchase_floors":[3,20,20],"current_hp_per_floor":[81,84,84,74,71,71,70,70,70,75,75,75,81,82,82,7,68,39,25,25,0],"gold":39,"neow_bonus":"TEN_PERCENT_HP_BONUS","is_prod":false,"is_daily":false,"chose_seed":false,"campfire_upgraded":3,"win_rate":0,"timestamp":1560098930,"path_taken":["M","M","$","M","M","R","M","$","T","M","R","?","M","M","R","BOSS","M","M","$","?"],"build_version":"2019-01-23","purchased_purges":1,"victory":false,"max_hp_per_floor":[88,88,88,88,88,88,88,88,88,88,88,88,88,88,88,88,88,88,88,88,88],"card_choices":[{"not_picked":["Perfected Strike","Corruption"],"picked":"True Grit","floor":1},{"not_picked":["Rupture","Twin Strike"],"picked":"Sentinel","floor":2},{"not_picked":["Whirlwind","Body Slam","Reckless Charge"],"picked":"SKIP","floor":4},{"not_picked":["Twin Strike","Perfected Strike"],"picked":"Wild Strike","floor":5},{"not_picked":["Wild Strike","Pommel Strike"],"picked":"Burning Pact","floor":7},{"not_picked":["Clash","Burning Pact"],"picked":"Wild Strike","floor":10},{"not_picked":["Anger","Thunderclap","Twin Strike"],"picked":"SKIP","floor":13},{"not_picked":["Cleave","Heavy Blade"],"picked":"Shrug It Off","floor":14},{"not_picked":["Feed","Brutality"],"picked":"Double Tap","floor":16},{"not_picked":["Anger","Sword Boomerang+1","Thunderclap"],"picked":"SKIP","floor":18},{"not_picked":["Corruption","Anger"],"picked":"Body Slam","floor":19}],"player_experience":418243,"relics_obtained":[],"event_choices":[{"cards_removed":["Strike_R"],"damage_healed":0,"gold_gain":0,"player_choice":"Card Removal","damage_taken":0,"max_hp_gain":0,"max_hp_loss":0,"event_name":"The Cleric","floor":12,"gold_loss":50},{"damage_healed":0,"gold_gain":0,"player_choice":"Fought Bandits","damage_taken":0,"max_hp_gain":0,"max_hp_loss":0,"event_name":"Masked Bandits","floor":21,"gold_loss":0}],"is_beta":false,"boss_relics":[{"not_picked":["Black Star","Lizard Tail"],"picked":"Mark of Pain"}],"items_purged_floors":[8],"is_endless":false,"potions_floor_spawned":[2,5,10,16,19],"killed_by":"Masked Bandits","ascension_level":9}