{"gold_per_floor":[116,25,125,141,141,141,167,117,194,194,22,22,22,35,35,130,130,150,161,11,23,23,23,57,57,83,83,99,99,46,63,63,160,160,177,192,192,45,45,45,62,62,62,62,87,87,87,11,11,11],"floor_reached":51,"playtime":5420,"items_purged":["Strike_B"],"score":993,"play_id":"db2ba282-ca9c-4e06-bef4-bf61f38a419e","local_time":"20190531203941","is_ascension_mode":true,"campfire_choices":[{"data":"Coolheaded","floor":6.0,"key":"SMITH"},{"data":"Barrage","floor":10.0,"key":"SMITH"},{"data":"Apotheosis","floor":12.0,"key":"SMITH"},{"data":"Sweeping Beam","floor":15.0,"key":"SMITH"},{"data":"Creative AI","floor":23.0,"key":"SMITH"},{"floor":27.0,"key":"REST"},{"data":"BootSequence","floor":29.0,"key":"SMITH"},{"floor":32.0,"key":"REST"},{"data":"Defragment","floor":40.0,"key":"SMITH"},{"floor":42.0,"key":"REST"},{"floor":47.0,"key":"REST"},{"floor":49.0,"key":"REST"}],"neow_cost":"NONE","seed_source_timestamp":0,"circlet_count":0,"master_deck":["AscendersBane","Strike_B+1","Strike_B+1","Defend_B","Defend_B","Defend_B","Zap","Dualcast","Sweeping Beam+1","Coolheaded+1","BootSequence+1","Go for the Eyes+1","Barrage+1","Apotheosis+1","Hologram+1","Defragment+1","Creative AI+1","Coolheaded","Seek","Capacitor","Aggregate","FTL"],"special_seed":0,"relics":["FrozenCore","NeowsBlessing","Bag of Preparation","Sundial","Vajra","Runic Dome","Nilry\u0027s Codex","Dodecahedron","PreservedInsect","Oddly Smooth Stone","Calipers","Whetstone"],"potions_floor_usage":[50,50],"damage_taken":[{"damage":0.0,"enemies":"2 Louse","floor":1.0,"turns":1.0},{"damage":0.0,"enemies":"Cultist","floor":4.0,"turns":1.0},{"damage":0.0,"enemies":"Gremlin Nob","floor":7.0,"turns":1.0},{"damage":0.0,"enemies":"Small Slimes","floor":14.0,"turns":3.0},{"damage":9.0,"enemies":"Hexaghost","floor":16.0,"turns":10.0},{"damage":12.0,"enemies":"Chosen","floor":18.0,"turns":3.0},{"damage":0.0,"enemies":"Shell Parasite","floor":19.0,"turns":3.0},{"damage":0.0,"enemies":"Shelled Parasite and Fungi","floor":21.0,"turns":3.0},{"damage":8.0,"enemies":"Book of Stabbing","floor":24.0,"turns":6.0},{"damage":12.0,"enemies":"Colosseum Slavers","floor":25.0,"turns":5.0},{"damage":18.0,"enemies":"Snake Plant","floor":28.0,"turns":4.0},{"damage":14.0,"enemies":"Snecko","floor":31.0,"turns":4.0},{"damage":33.0,"enemies":"Champ","floor":33.0,"turns":13.0},{"damage":0.0,"enemies":"3 Shapes","floor":35.0,"turns":5.0},{"damage":27.0,"enemies":"3 Darklings","floor":36.0,"turns":5.0},{"damage":0.0,"enemies":"Jaw Worm Horde","floor":41.0,"turns":6.0},{"damage":39.0,"enemies":"Reptomancer","floor":45.0,"turns":7.0},{"damage":11,"enemies":"Donu and Deca","floor":50,"turns":11}],"seed_played":"-4384561478256553590","potions_obtained":[{"floor":1.0,"key":"Energy Potion"},{"floor":4.0,"key":"Block Potion"},{"floor":14.0,"key":"Fruit Juice"},{"floor":18.0,"key":"Fire Potion"},{"floor":24.0,"key":"PowerPotion"},{"floor":28.0,"key":"FearPotion"},{"floor":31.0,"key":"Ancient Potion"},{"floor":33.0,"key":"Weak Potion"},{"floor":45.0,"key":"Energy Potion"}],"is_trial":false,"path_per_floor":["M","$","?","M","?","R","E","?","T","R","$","R","?","M","R","B",null,"M","M","$","M","?","R","E","?","T","R","M","R","$","M","R","B",null,"M","M","?","$","?","R","M","R","T","$","E","?","R","$","R","B",null],"character_chosen":"DEFECT","items_purchased":["Coolheaded","BootSequence","Apotheosis","Defragment","Coolheaded","Oddly Smooth Stone","FTL"],"campfire_rested":5,"item_purchase_floors":[2,2,11,20,30,38,48],"current_hp_per_floor":[68,68,68,68,53,53,53,53,53,53,53,53,50,50,50,46,72,60,60,60,60,44,44,36,24,24,48,30,30,30,16,40,7,62,62,35,35,35,35,35,35,59,59,59,20,20,44,44,68,57],"gold":11,"neow_bonus":"THREE_ENEMY_KILL","is_prod":false,"is_daily":false,"chose_seed":false,"campfire_upgraded":7,"win_rate":0,"timestamp":1559349581,"path_taken":["M","$","?","?","?","R","E","?","T","R","?","R","?","?","R","BOSS","M","M","$","M","?","R","E","?","T","R","M","R","$","M","R","BOSS","M","M","?","$","?","R","M","R","T","$","E","?","R","$","R","BOSS"],"build_version":"2019-01-23","purchased_purges":1,"victory":true,"max_hp_per_floor":[75,75,75,75,75,75,75,75,75,75,75,75,75,75,75,80,80,80,80,80,80,80,80,80,80,80,80,80,80,80,80,80,80,80,80,80,80,80,80,80,80,80,80,80,80,80,80,80,80,80],"card_choices":[{"not_picked":["Genetic Algorithm","Ball Lightning"],"picked":"Sweeping Beam","floor":1.0},{"not_picked":["Conserve Battery","Doom and Gloom"],"picked":"Go for the Eyes","floor":4.0},{"not_picked":["Cold Snap","Capacitor"],"picked":"Barrage","floor":7.0},{"not_picked":["Rebound","Sweeping Beam","Reinforced Body"],"picked":"SKIP","floor":14.0},{"not_picked":["Tempest+1","Sweeping Beam","Steam"],"picked":"SKIP","floor":18.0},{"not_picked":["Sweeping Beam","Reinforced Body"],"picked":"Hologram+1","floor":19.0},{"not_picked":["Turbo","Barrage"],"picked":"Creative AI","floor":21.0},{"not_picked":["Turbo","Cold Snap","Gash"],"picked":"SKIP","floor":24.0},{"not_picked":["Darkness","Sweeping Beam","Skim"],"picked":"SKIP","floor":28.0},{"not_picked":["Sweeping Beam","Rebound","Steam"],"picked":"SKIP","floor":31.0},{"not_picked":["Amplify","Electrodynamics"],"picked":"Seek","floor":33.0},{"not_picked":["Darkness","Go for the Eyes+1","Gash"],"picked":"SKIP","floor":35.0},{"not_picked":["Genetic Algorithm+1","Redo+1"],"picked":"Capacitor","floor":36.0},{"not_picked":["White Noise+1","Hello World","Doom and Gloom"],"picked":"SKIP","floor":41.0},{"not_picked":["Redo","Self Repair","Heatsinks+1"],"picked":"SKIP","floor":45.0}],"player_experience":527133,"relics_obtained":[{"floor":7.0,"key":"Bag of Preparation"},{"floor":9.0,"key":"Sundial"},{"floor":22.0,"key":"Nilry\u0027s Codex"},{"floor":24.0,"key":"Dodecahedron"},{"floor":26.0,"key":"PreservedInsect"},{"floor":43.0,"key":"Calipers"},{"floor":45.0,"key":"Whetstone"}],"event_choices":[{"damage_healed":0.0,"max_hp_gain":0.0,"max_hp_loss":0.0,"gold_gain":100.0,"event_name":"Golden Shrine","player_choice":"Pray","floor":3.0,"gold_loss":0.0,"damage_taken":0.0},{"damage_healed":0.0,"max_hp_gain":0.0,"max_hp_loss":0.0,"gold_gain":0.0,"event_name":"Shining Light","player_choice":"Entered Light","floor":5.0,"gold_loss":0.0,"damage_taken":15.0,"cards_upgraded":["Go for the Eyes","Strike_B"]},{"cards_removed":["Strike_B"],"damage_healed":0.0,"max_hp_gain":0.0,"max_hp_loss":0.0,"gold_gain":0.0,"event_name":"The Cleric","player_choice":"Card Removal","floor":8.0,"gold_loss":50.0,"damage_taken":0.0},{"damage_healed":0.0,"max_hp_gain":0.0,"max_hp_loss":0.0,"gold_gain":0.0,"event_name":"Scrap Ooze","player_choice":"Success","floor":13.0,"gold_loss":0.0,"damage_taken":3.0,"relics_obtained":["Vajra"]},{"damage_healed":0.0,"max_hp_gain":0.0,"max_hp_loss":0.0,"gold_gain":0.0,"event_name":"Cursed Tome","player_choice":"Obtained Book","floor":22.0,"gold_loss":0.0,"damage_taken":16.0},{"damage_healed":0.0,"max_hp_gain":0.0,"max_hp_loss":0.0,"gold_gain":0.0,"event_name":"Colosseum","player_choice":"Fight","floor":25.0,"gold_loss":0.0,"damage_taken":0.0},{"damage_healed":0.0,"max_hp_gain":0.0,"max_hp_loss":0.0,"gold_gain":0.0,"event_name":"Colosseum","player_choice":"Fled From Nobs","floor":25.0,"gold_loss":0.0,"damage_taken":0.0},{"damage_healed":0.0,"max_hp_gain":0.0,"max_hp_loss":0.0,"gold_gain":0.0,"event_name":"Tomb of Lord Red Mask","player_choice":"Ignored","floor":37.0,"gold_loss":0.0,"damage_taken":0.0},{"damage_healed":0.0,"max_hp_gain":0.0,"max_hp_loss":0.0,"gold_gain":0.0,"event_name":"SensoryStone","player_choice":"Memory 1","floor":39.0,"gold_loss":0.0,"damage_taken":0.0},{"damage_healed":0.0,"max_hp_gain":0.0,"max_hp_loss":0.0,"gold_gain":0.0,"cards_transformed":["Defend_B"],"event_name":"Transmorgrifier","player_choice":"Transformed","floor":46.0,"gold_loss":0.0,"damage_taken":0.0,"cards_obtained":["Aggregate"]}],"is_beta":false,"boss_relics":[{"not_picked":["Empty Cage","Black Star"],"picked":"Runic Dome"},{"not_picked":["Busted Crown","Tiny House"],"picked":"FrozenCore"}],"items_purged_floors":[20],"is_endless":false,"potions_floor_spawned":[1,4,14,18,24,28,31,33,41,45],"ascension_level":10}