{"gold_per_floor":[116,130,5,5,20,20,49,49,49,63,63,78,78,108,108,182,182,200,33,50,50,67,67,94,94,141,141,151,167,267,300,300,373,423,436,20,0,20,33,67,67,77,101,101,101,128,128,128,128,128,128,128,128,15,43,43],"floor_reached":57,"playtime":4317,"items_purged":["Strike_B","Strike_B"],"score":2666,"play_id":"d7b01906-f210-45f7-86dd-06741f7c0c09","local_time":"20190609120504","is_ascension_mode":true,"campfire_choices":[{"data":"Sweeping Beam","floor":6.0,"key":"SMITH"},{"data":"Rainbow","floor":8.0,"key":"SMITH"},{"data":"Zap","floor":13.0,"key":"SMITH"},{"data":"Chill","floor":15.0,"key":"SMITH"},{"data":"Chill","floor":23.0,"key":"SMITH"},{"data":"Hologram","floor":25.0,"key":"SMITH"},{"floor":27.0,"key":"REST"},{"data":"Creative AI","floor":32.0,"key":"SMITH"},{"floor":41.0,"key":"REST"},{"floor":44.0,"key":"RECALL"},{"data":"Capacitor","floor":47.0,"key":"SMITH"},{"data":"Consume","floor":49.0,"key":"SMITH"},{"floor":53.0,"key":"REST"}],"neow_cost":"PERCENT_DAMAGE","seed_source_timestamp":929050921227403,"circlet_count":0,"master_deck":["AscendersBane","Strike_B","Defend_B","Defend_B","Defend_B","Defend_B","Zap+1","Dualcast","Chill+1","Sunder+1","Sweeping Beam+1","Chill+1","Rainbow+1","Barrage+1","Genetic Algorithm","Sweeping Beam+1","Genetic Algorithm","Electrodynamics+1","Hologram+1","Compile Driver+1","Go for the Eyes+1","Coolheaded","Beam Cell+1","Creative AI+1","Capacitor+1","Skim","Go for the Eyes+1","Biased Cognition","Consume+1","Undo","Steam","Seek"],"special_seed":0,"relics":["Cracked Core","Dead Branch","Thread and Needle","Molten Egg 2","Pantograph","Velvet Choker","Bag of Preparation","Matryoshka","Ancient Tea Set","Centennial Puzzle","StoneCalendar","Symbiotic Virus","Pear","Tiny House","Potion Belt","Red Mask","PreservedInsect","Letter Opener","Torii","Bottled Tornado"],"potions_floor_usage":[56,56,56,56],"damage_taken":[{"damage":0.0,"enemies":"Cultist","floor":1.0,"turns":3.0},{"damage":0.0,"enemies":"2 Louse","floor":2.0,"turns":3.0},{"damage":2.0,"enemies":"Jaw Worm","floor":5.0,"turns":2.0},{"damage":10.0,"enemies":"Lagavulin","floor":7.0,"turns":6.0},{"damage":0.0,"enemies":"Gremlin Gang","floor":10.0,"turns":4.0},{"damage":0.0,"enemies":"Large Slime","floor":12.0,"turns":3.0},{"damage":2.0,"enemies":"Gremlin Nob","floor":14.0,"turns":3.0},{"damage":30.0,"enemies":"Hexaghost","floor":16.0,"turns":8.0},{"damage":0.0,"enemies":"Shell Parasite","floor":18.0,"turns":5.0},{"damage":0.0,"enemies":"Spheric Guardian","floor":20.0,"turns":3.0},{"damage":1.0,"enemies":"Snake Plant","floor":22.0,"turns":3.0},{"damage":8.0,"enemies":"Book of Stabbing","floor":24.0,"turns":7.0},{"damage":2.0,"enemies":"Centurion and Healer","floor":28.0,"turns":5.0},{"damage":7.0,"enemies":"Shelled Parasite and Fungi","floor":29.0,"turns":4.0},{"damage":0.0,"enemies":"Colosseum Slavers","floor":30.0,"turns":3.0},{"damage":2.0,"enemies":"Colosseum Nobs","floor":30.0,"turns":4.0},{"damage":0.0,"enemies":"Gremlin Leader","floor":31.0,"turns":6.0},{"damage":59.0,"enemies":"Collector","floor":33.0,"turns":9.0},{"damage":2.0,"enemies":"Orb Walker","floor":35.0,"turns":3.0},{"damage":0.0,"enemies":"3 Shapes","floor":38.0,"turns":4.0},{"damage":33.0,"enemies":"Maw","floor":39.0,"turns":7.0},{"damage":1.0,"enemies":"Reptomancer","floor":40.0,"turns":6.0},{"damage":0.0,"enemies":"Transient","floor":42.0,"turns":6.0},{"damage":3.0,"enemies":"Nemesis","floor":46.0,"turns":6.0},{"damage":17.0,"enemies":"Time Eater","floor":50.0,"turns":13.0},{"damage":76.0,"enemies":"Donu and Deca","floor":51.0,"turns":10.0},{"damage":10.0,"enemies":"Shield and Spear","floor":55.0,"turns":5.0},{"damage":65,"enemies":"The Heart","floor":56,"turns":9}],"seed_played":"-678138468770920423","potions_obtained":[{"floor":1.0,"key":"GamblersBrew"},{"floor":10.0,"key":"SkillPotion"},{"floor":14.0,"key":"SpeedPotion"},{"floor":16.0,"key":"FocusPotion"},{"floor":24.0,"key":"Poison Potion"},{"floor":28.0,"key":"Block Potion"},{"floor":33.0,"key":"GamblersBrew"},{"floor":34.0,"key":"LiquidBronze"},{"floor":38.0,"key":"Regen Potion"},{"floor":39.0,"key":"Ancient Potion"}],"is_trial":false,"path_per_floor":["M","M","$","?","M","R","E","R","T","M","?","M","R","E","R","B",null,"M","$","M","?","M","R","E","R","T","R","M","M","?","E","R","B",null,"M","$","?","M","M","E","R","M","T","R","?","E","R","$","R","B","B",null,"R","$","E","B",null],"character_chosen":"DEFECT","items_purchased":["Sweeping Beam","Bag of Preparation","Capacitor","Potion Belt","Weak Potion","Energy Potion","Ancient Potion","Steam"],"campfire_rested":3,"item_purchase_floors":[3,19,36,36,36,36,54,54],"current_hp_per_floor":[46,46,46,46,44,44,34,34,34,34,34,34,34,32,32,27,60,60,60,60,60,59,59,51,51,51,71,69,62,60,70,70,22,71,69,69,69,69,48,47,72,72,72,72,72,69,69,69,69,65,6,63,82,82,72,17],"gold":43,"neow_bonus":"ONE_RARE_RELIC","is_prod":false,"is_daily":false,"chose_seed":false,"campfire_upgraded":9,"win_rate":0,"timestamp":1560107104,"path_taken":["M","?","$","?","M","R","E","R","T","?","?","?","R","E","R","BOSS","M","$","?","?","M","R","E","R","T","R","M","M","?","E","R","BOSS","M","$","?","M","M","E","R","M","T","R","?","E","R","?","R","BOSS","BOSS","R","$","E","BOSS"],"build_version":"2019-06-07","purchased_purges":2,"victory":true,"max_hp_per_floor":[71,71,71,71,71,71,71,71,71,71,71,71,71,71,71,71,71,71,71,71,71,71,71,71,71,71,71,71,71,71,81,81,81,86,86,86,86,86,86,86,86,86,86,86,82,82,82,82,82,82,82,82,82,82,82,82],"card_choices":[{"not_picked":["Tempest","Beam Cell"],"picked":"Chill","floor":1.0},{"not_picked":["Turbo","Barrage"],"picked":"Sunder","floor":2.0},{"not_picked":["Beam Cell","Redo"],"picked":"Chill","floor":5.0},{"not_picked":["Barrage","Skim"],"picked":"Rainbow","floor":7.0},{"not_picked":["Scrape+1","Turbo"],"picked":"Barrage+1","floor":10.0},{"not_picked":["FTL+1","Stack"],"picked":"Sweeping Beam+1","floor":12.0},{"not_picked":["Sunder+1","Gash+1"],"picked":"Genetic Algorithm","floor":14.0},{"not_picked":["Core Surge+1","Seek"],"picked":"Electrodynamics","floor":16.0},{"not_picked":["Auto Shields","Heatsinks"],"picked":"Hologram","floor":18.0},{"not_picked":["Coolheaded","Ball Lightning+1"],"picked":"Compile Driver+1","floor":20.0},{"not_picked":["Barrage+1","Streamline+1"],"picked":"Go for the Eyes+1","floor":22.0},{"not_picked":["Ball Lightning+1","All For One+1","Aggregate"],"picked":"SKIP","floor":24.0},{"not_picked":["Redo","Streamline+1"],"picked":"Coolheaded","floor":28.0},{"not_picked":["Chill","Compile Driver+1"],"picked":"Beam Cell+1","floor":29.0},{"not_picked":["Redo","Ball Lightning+1"],"picked":"Creative AI","floor":31.0},{"not_picked":["Streamline+1","Conserve Battery","Stack"],"picked":"SKIP","floor":35.0},{"not_picked":["Hologram+1","Redo"],"picked":"Skim","floor":38.0},{"not_picked":["Streamline+1","Fission"],"picked":"Go for the Eyes+1","floor":39.0},{"not_picked":["Streamline+1","Hologram"],"picked":"Biased Cognition","floor":40.0},{"not_picked":["Lockon+1","Rebound+1"],"picked":"Consume","floor":42.0},{"not_picked":["Turbo","Ball Lightning+1"],"picked":"Undo","floor":46.0},{"not_picked":["Chaos","FTL+1"],"picked":"Seek","floor":55.0}],"player_experience":1631711,"relics_obtained":[{"floor":7.0,"key":"Thread and Needle"},{"floor":9.0,"key":"Molten Egg 2"},{"floor":14.0,"key":"Pantograph"},{"floor":24.0,"key":"Matryoshka"},{"floor":26.0,"key":"Ancient Tea Set"},{"floor":26.0,"key":"Centennial Puzzle"},{"floor":30.0,"key":"StoneCalendar"},{"floor":30.0,"key":"Symbiotic Virus"},{"floor":31.0,"key":"Pear"},{"floor":40.0,"key":"PreservedInsect"},{"floor":43.0,"key":"Letter Opener"},{"floor":46.0,"key":"Torii"},{"floor":55.0,"key":"Bottled Tornado"}],"event_choices":[{"damage_healed":0.0,"max_hp_gain":0.0,"max_hp_loss":0.0,"gold_gain":0.0,"event_name":"Upgrade Shrine","player_choice":"Upgraded","floor":4.0,"gold_loss":0.0,"damage_taken":0.0,"cards_upgraded":["Sunder"]},{"damage_healed":0.0,"max_hp_gain":0.0,"max_hp_loss":0.0,"gold_gain":0.0,"cards_transformed":["Strike_B"],"event_name":"Transmorgrifier","player_choice":"Transformed","floor":11.0,"gold_loss":0.0,"damage_taken":0.0,"cards_obtained":["Genetic Algorithm"]},{"damage_healed":0.0,"max_hp_gain":0.0,"max_hp_loss":0.0,"gold_gain":0.0,"event_name":"The Mausoleum","player_choice":"Ignored","floor":21.0,"gold_loss":0.0,"damage_taken":0.0},{"damage_healed":0.0,"max_hp_gain":0.0,"max_hp_loss":0.0,"gold_gain":0.0,"event_name":"Colosseum","player_choice":"Fight","floor":30.0,"gold_loss":0.0,"damage_taken":0.0},{"damage_healed":0.0,"max_hp_gain":0.0,"max_hp_loss":0.0,"gold_gain":0.0,"event_name":"Colosseum","player_choice":"Fought Nobs","floor":30.0,"gold_loss":0.0,"damage_taken":0.0},{"damage_healed":0.0,"max_hp_gain":0.0,"max_hp_loss":0.0,"gold_gain":0.0,"event_name":"Tomb of Lord Red Mask","player_choice":"Paid","floor":37.0,"gold_loss":20.0,"damage_taken":0.0,"relics_obtained":["Red Mask"]},{"damage_healed":0.0,"max_hp_gain":0.0,"max_hp_loss":4.0,"gold_gain":0.0,"event_name":"Winding Halls","player_choice":"Max HP","floor":45.0,"gold_loss":0.0,"damage_taken":0.0}],"is_beta":true,"boss_relics":[{"not_picked":["Busted Crown","Pandora\u0027s Box"],"picked":"Velvet Choker"},{"not_picked":["Orrery","Calling Bell"],"picked":"Tiny House"}],"items_purged_floors":[3,36],"is_endless":false,"potions_floor_spawned":[1,10,14,16,22,24,28,33,38,39],"ascension_level":20}