{"gold_per_floor":[109,124,144,154,167,167,167,167,167,167,179,194,227,242,242,344,344,363,379,379,66,81,81,106,106,106,37,65,80,130,230,230,330,330,345,620,632,245,256,256,267,267,267,267,279,279,299,6,6,6],"floor_reached":51,"playtime":5801,"items_purged":["Pain","Pain"],"score":776,"play_id":"f5e874ea-f78f-470e-a469-d9889590dc28","local_time":"20190609231309","is_ascension_mode":true,"campfire_choices":[{"data":"Neutralize","floor":6,"key":"SMITH"},{"data":"Sucker Punch","floor":8,"key":"SMITH"},{"data":"Dagger Spray","floor":10,"key":"SMITH"},{"data":"Adrenaline","floor":15,"key":"SMITH"},{"data":"After Image","floor":23,"key":"SMITH"},{"data":"Well Laid Plans","floor":25,"key":"SMITH"},{"data":"Noxious Fumes","floor":32,"key":"SMITH"},{"data":"A Thousand Cuts","floor":40,"key":"SMITH"},{"data":"Accuracy","floor":42,"key":"SMITH"},{"data":"Malaise","floor":46,"key":"SMITH"},{"data":"Accuracy","floor":49,"key":"SMITH"}],"neow_cost":"NONE","seed_source_timestamp":2150101483749299,"circlet_count":0,"master_deck":["Defend_G","Defend_G","Defend_G+1","Defend_G","Defend_G","Survivor","Neutralize+1","Sucker Punch+1","Heel Hook+1","Dagger Spray+1","Backflip","Terror","Doubt","Clumsy","Adrenaline+1","Deflect+1","Heel Hook","Malaise+1","After Image+1","Deflect+1","Cloak And Dagger+1","Bite","Bite+1","Bite","Bite","Bite","Terror+1","Well Laid Plans+1","Noxious Fumes+1","Cloak And Dagger+1","Dodge and Roll+1","A Thousand Cuts+1","Backflip","Regret","Expertise+1","Dramatic Entrance","Accuracy+1","Footwork+1","Parasite","Madness","Madness","Blade Dance+1","Accuracy+1","Bandage Up"],"relics":["Cursed Key","Matryoshka","Art of War","Blue Candle","Sundial","Philosopher\u0027s Stone","Torii","Mercury Hourglass","Potion Belt","Thread and Needle","War Paint","Whetstone","WingedGreaves","Bottled Lightning","Coffee Dripper","Ornamental Fan"],"potions_floor_usage":[3,16,18,31,31,33,39,47,47,50,50,50,50,50],"damage_taken":[{"damage":0,"enemies":"Cultist","floor":1,"turns":4},{"damage":0,"enemies":"Small Slimes","floor":2,"turns":3},{"damage":0,"enemies":"Jaw Worm","floor":3,"turns":4},{"damage":0,"enemies":"Blue Slaver","floor":4,"turns":4},{"damage":0,"enemies":"Exordium Wildlife","floor":5,"turns":4},{"damage":0,"enemies":"Red Slaver","floor":11,"turns":3},{"damage":0,"enemies":"Gremlin Gang","floor":12,"turns":5},{"damage":9,"enemies":"3 Sentries","floor":13,"turns":8},{"damage":0,"enemies":"3 Louse","floor":14,"turns":2},{"damage":3,"enemies":"The Guardian","floor":16,"turns":15},{"damage":17,"enemies":"Spheric Guardian","floor":18,"turns":5},{"damage":2,"enemies":"3 Byrds","floor":19,"turns":7},{"damage":16,"enemies":"Centurion and Healer","floor":22,"turns":11},{"damage":13,"enemies":"Gremlin Leader","floor":24,"turns":9},{"damage":44,"enemies":"Slavers","floor":28,"turns":8},{"damage":9,"enemies":"Sentry and Sphere","floor":29,"turns":9},{"damage":3,"enemies":"Colosseum Slavers","floor":31,"turns":4},{"damage":3,"enemies":"Colosseum Nobs","floor":31,"turns":4},{"damage":14,"enemies":"Champ","floor":33,"turns":16},{"damage":4,"enemies":"3 Shapes","floor":35,"turns":4},{"damage":24,"enemies":"3 Darklings","floor":37,"turns":5},{"damage":3,"enemies":"Transient","floor":39,"turns":5},{"damage":3,"enemies":"4 Shapes","floor":41,"turns":4},{"damage":3,"enemies":"3 Darklings","floor":45,"turns":5},{"damage":27,"enemies":"Transient","floor":47,"turns":5},{"damage":3,"enemies":"Donu and Deca","floor":50,"turns":9}],"seed_played":"7934788531984998209","potions_obtained":[{"floor":1,"key":"Ancient Potion"},{"floor":2,"key":"GamblersBrew"},{"floor":5,"key":"Poison Potion"},{"floor":18,"key":"Fruit Juice"},{"floor":24,"key":"FearPotion"},{"floor":29,"key":"FearPotion"},{"floor":35,"key":"Explosive Potion"},{"floor":41,"key":"SpeedPotion"},{"floor":45,"key":"Regen Potion"}],"is_trial":false,"path_per_floor":["M","M","M","M","M","R","T","R","T","R","M","M","E","M","R","B",null,"M","M","?","$","M","R","E","R","T","$","E","M","T","?","R","B",null,"M","?","M","$","M","R","M","R","T","?","M","R","M","$","R","B",null],"character_chosen":"THE_SILENT","items_purchased":["Torii","Noxious Fumes","Dramatic Entrance","Accuracy","PowerPotion","SkillPotion","Swift Potion","PowerPotion","AttackPotion","Bandage Up"],"campfire_rested":0,"item_purchase_floors":[21,27,38,38,38,38,38,48,48,48],"current_hp_per_floor":[70,70,70,70,70,70,70,70,70,70,70,70,61,61,61,58,70,58,56,52,52,52,52,52,52,52,52,24,31,31,43,43,48,52,52,52,34,34,40,40,43,43,43,36,44,44,26,26,26,52],"gold":6,"neow_bonus":"BOSS_RELIC","is_prod":false,"is_daily":false,"chose_seed":false,"campfire_upgraded":11,"win_rate":0,"timestamp":1560136389,"path_taken":["M","M","M","M","M","R","?","R","T","R","M","M","E","M","R","BOSS","M","M","?","$","M","R","E","R","T","$","E","M","?","?","R","BOSS","M","?","?","$","?","R","M","R","T","?","M","R","M","$","R","BOSS"],"build_version":"2019-01-23","purchased_purges":2,"victory":true,"max_hp_per_floor":[70,70,70,70,70,70,70,70,70,70,70,70,70,70,70,70,70,75,75,52,52,52,52,52,52,52,52,52,52,52,52,52,52,52,52,52,52,52,52,52,52,52,52,52,52,52,52,52,52,52],"card_choices":[{"not_picked":["Masterful Stab","Prepared"],"picked":"Sucker Punch","floor":1},{"not_picked":["Terror","Underhanded Strike"],"picked":"Heel Hook","floor":2},{"not_picked":["Outmaneuver","Flechettes"],"picked":"Dagger Spray","floor":3},{"not_picked":["Prepared","Flying Knee"],"picked":"Backflip","floor":4},{"not_picked":["Poisoned Stab","Dagger Throw"],"picked":"Terror","floor":5},{"not_picked":["Prepared","Deflect"],"picked":"Adrenaline","floor":11},{"not_picked":["Underhanded Strike","Endless Agony"],"picked":"Deflect","floor":12},{"not_picked":["Accuracy","Leg Sweep"],"picked":"Heel Hook","floor":13},{"not_picked":["Acrobatics","Eviscerate"],"picked":"Malaise","floor":14},{"not_picked":["Corpse Explosion","Envenom"],"picked":"After Image","floor":16},{"not_picked":["Choke","Dagger Spray+1"],"picked":"Deflect+1","floor":18},{"not_picked":["Backstab","Finisher"],"picked":"Cloak And Dagger+1","floor":19},{"not_picked":["Dodge and Roll","Deflect"],"picked":"Terror+1","floor":22},{"not_picked":["Backflip","Catalyst"],"picked":"Well Laid Plans","floor":24},{"not_picked":["Dash","Flechettes+1"],"picked":"Cloak And Dagger+1","floor":28},{"not_picked":["Sucker Punch","Quick Slash","Bane"],"picked":"SKIP","floor":29},{"not_picked":["Distraction","Dagger Throw"],"picked":"Dodge and Roll+1","floor":31},{"not_picked":["Bullet Time","Burst"],"picked":"A Thousand Cuts","floor":33},{"not_picked":["Flying Knee","Underhanded Strike"],"picked":"Backflip","floor":35},{"not_picked":["All Out Attack","Dagger Spray"],"picked":"Expertise+1","floor":37},{"not_picked":["Outmaneuver+1","Heel Hook"],"picked":"Footwork+1","floor":39},{"not_picked":["Dagger Throw+1","Slice+1","Acrobatics+1"],"picked":"SKIP","floor":41},{"not_picked":["Flying Knee+1","Setup+1"],"picked":"Blade Dance+1","floor":45},{"not_picked":["Sucker Punch+1","Concentrate"],"picked":"Accuracy","floor":47}],"player_experience":1228751,"relics_obtained":[{"floor":7,"key":"Matryoshka"},{"floor":9,"key":"Art of War"},{"floor":9,"key":"Blue Candle"},{"floor":13,"key":"Sundial"},{"floor":24,"key":"Mercury Hourglass"},{"floor":26,"key":"Potion Belt"},{"floor":26,"key":"Thread and Needle"},{"floor":28,"key":"War Paint"},{"floor":30,"key":"Whetstone"},{"floor":31,"key":"WingedGreaves"},{"floor":31,"key":"Bottled Lightning"},{"floor":43,"key":"Ornamental Fan"}],"event_choices":[{"damage_healed":0,"gold_gain":0,"player_choice":"Became a vampire","damage_taken":0,"max_hp_gain":0,"max_hp_loss":23,"event_name":"Vampires","floor":20,"gold_loss":0,"cards_obtained":["Bite","Bite","Bite","Bite","Bite"]},{"damage_healed":0,"gold_gain":0,"player_choice":"Fight","damage_taken":0,"max_hp_gain":0,"max_hp_loss":0,"event_name":"Colosseum","floor":31,"gold_loss":0},{"damage_healed":0,"gold_gain":0,"player_choice":"Fought Nobs","damage_taken":0,"max_hp_gain":0,"max_hp_loss":0,"event_name":"Colosseum","floor":31,"gold_loss":0},{"damage_healed":0,"gold_gain":275,"player_choice":"Desecrate","damage_taken":0,"max_hp_gain":0,"max_hp_loss":0,"event_name":"Golden Shrine","floor":36,"gold_loss":0,"cards_obtained":["Regret"]},{"damage_healed":0,"gold_gain":0,"player_choice":"Embrace Madness","damage_taken":7,"max_hp_gain":0,"max_hp_loss":0,"event_name":"Winding Halls","floor":44,"gold_loss":0,"cards_obtained":["Madness","Madness"]}],"is_beta":false,"boss_relics":[{"not_picked":["Velvet Choker","Fusion Hammer"],"picked":"Philosopher\u0027s Stone"},{"not_picked":["Tiny House","Black Star"],"picked":"Coffee Dripper"}],"items_purged_floors":[38,48],"is_endless":false,"potions_floor_spawned":[1,2,5,18,24,29,35,41,45],"ascension_level":1}