{"gold_per_floor":[114,114,21,21,36,36,65,65,65,82,108,118,118,118,118,191,191,208,98,18,31,42,42,59,87,140,150,166,166,166,166],"floor_reached":31,"playtime":1233,"items_purged":[],"score":566,"play_id":"541c9af6-6c4c-4c38-8cda-9781ea44b2c7","local_time":"20190608213817","is_ascension_mode":true,"campfire_choices":[{"data":"Cloak And Dagger","floor":6,"key":"SMITH"},{"data":"Deadly Poison","floor":8,"key":"SMITH"},{"data":"Caltrops","floor":15,"key":"SMITH"},{"data":"Envenom","floor":23,"key":"SMITH"},{"floor":30,"key":"REST"}],"neow_cost":"NONE","seed_source_timestamp":55927277893244,"circlet_count":0,"master_deck":["AscendersBane","Defend_G+1","Defend_G","Defend_G","Defend_G","Defend_G+1","Strike_G","Survivor+1","Neutralize","Masterful Stab","Footwork+1","Cloak And Dagger+1","Dagger Throw","Deadly Poison+1","Backstab","Caltrops+1","Envenom+1","Catalyst","Footwork","Sucker Punch+1","PiercingWail","Decay"],"relics":["Ring of the Snake","NeowsBlessing","Letter Opener","Blue Candle","War Paint","Bag of Preparation","Empty Cage","Vajra","Juzu Bracelet"],"potions_floor_usage":[11,16,21,25,27],"damage_taken":[{"damage":0,"enemies":"Jaw Worm","floor":1,"turns":1},{"damage":0,"enemies":"Cultist","floor":5,"turns":1},{"damage":0,"enemies":"3 Sentries","floor":7,"turns":2},{"damage":2,"enemies":"2 Louse","floor":10,"turns":3},{"damage":8,"enemies":"Gremlin Nob","floor":11,"turns":3},{"damage":0,"enemies":"Looter","floor":12,"turns":3},{"damage":25,"enemies":"Hexaghost","floor":16,"turns":8},{"damage":10,"enemies":"Shell Parasite","floor":18,"turns":7},{"damage":0,"enemies":"Spheric Guardian","floor":21,"turns":6},{"damage":4,"enemies":"Centurion and Healer","floor":22,"turns":10},{"damage":13,"enemies":"Snake Plant","floor":24,"turns":5},{"damage":18,"enemies":"Slavers","floor":25,"turns":7},{"damage":5,"enemies":"Cultist and Chosen","floor":27,"turns":7},{"damage":1,"enemies":"Centurion and Healer","floor":28,"turns":7},{"damage":29,"enemies":"Shelled Parasite and Fungi","floor":31,"turns":3}],"seed_played":"5185879399065258813","potions_obtained":[{"floor":1,"key":"Swift Potion"},{"floor":5,"key":"LiquidBronze"},{"floor":16,"key":"Swift Potion"},{"floor":18,"key":"Ancient Potion"},{"floor":24,"key":"PowerPotion"},{"floor":27,"key":"SpeedPotion"}],"is_trial":false,"path_per_floor":["M","?","$","$","M","R","E","R","T","M","E","M","?","?","R","B",null,"M","?","$","M","M","R","M","E","T","M","M","?","R","M"],"character_chosen":"THE_SILENT","items_purchased":["Footwork","Cloak And Dagger","Footwork"],"campfire_rested":1,"item_purchase_floors":[3,3,20],"current_hp_per_floor":[59,59,59,59,59,59,59,59,59,57,49,49,49,44,44,19,54,44,44,44,44,40,40,27,9,9,4,3,3,22,0],"gold":166,"neow_bonus":"THREE_ENEMY_KILL","is_prod":false,"is_daily":false,"chose_seed":false,"campfire_upgraded":4,"win_rate":0,"timestamp":1560044297,"path_taken":["M","?","?","$","?","R","E","R","T","M","E","M","?","?","R","BOSS","M","?","$","M","M","R","?","E","T","M","M","?","R","M"],"build_version":"2019-01-23","purchased_purges":0,"victory":false,"max_hp_per_floor":[66,66,66,66,66,66,66,66,66,66,66,66,66,66,66,66,66,66,66,66,66,66,66,66,66,66,66,66,66,66,66],"card_choices":[{"not_picked":["Accuracy","Bane"],"picked":"Masterful Stab","floor":1},{"not_picked":["Escape Plan","Blade Dance"],"picked":"Dagger Throw","floor":5},{"not_picked":["Catalyst","Terror"],"picked":"Deadly Poison","floor":7},{"not_picked":["Infinite Blades","Concentrate"],"picked":"Backstab","floor":10},{"not_picked":["Flying Knee","Unload","Acrobatics"],"picked":"SKIP","floor":11},{"not_picked":["Acrobatics","Outmaneuver"],"picked":"Caltrops","floor":12},{"not_picked":["Grand Finale","Wraith Form v2"],"picked":"Envenom","floor":16},{"not_picked":["Riddle With Holes+1","Masterful Stab+1"],"picked":"Catalyst","floor":18},{"not_picked":["Masterful Stab","Distraction","Flying Knee"],"picked":"SKIP","floor":21},{"not_picked":["Footwork","Deadly Poison"],"picked":"Sucker Punch+1","floor":22},{"not_picked":["Outmaneuver","Accuracy","Bane"],"picked":"SKIP","floor":24},{"not_picked":["Slice","Dagger Throw"],"picked":"PiercingWail","floor":25},{"not_picked":["Outmaneuver","Quick Slash","Acrobatics"],"picked":"SKIP","floor":27},{"not_picked":["Underhanded Strike","Blade Dance","Setup"],"picked":"SKIP","floor":28}],"player_experience":607946,"relics_obtained":[{"floor":7,"key":"Letter Opener"},{"floor":9,"key":"Blue Candle"},{"floor":11,"key":"War Paint"},{"floor":25,"key":"Vajra"},{"floor":26,"key":"Juzu Bracelet"}],"event_choices":[{"cards_removed":["Strike_G"],"damage_healed":0,"gold_gain":0,"player_choice":"Offered Basic","damage_taken":0,"max_hp_gain":0,"max_hp_loss":0,"event_name":"Bonfire Elementals","floor":2,"gold_loss":0},{"damage_healed":0,"gold_gain":0,"player_choice":"Grow","damage_taken":0,"max_hp_gain":0,"max_hp_loss":0,"event_name":"Living Wall","floor":13,"gold_loss":0,"cards_upgraded":["Footwork"]},{"damage_healed":0,"gold_gain":0,"player_choice":"Success","damage_taken":5,"relics_obtained":["Bag of Preparation"],"max_hp_gain":0,"max_hp_loss":0,"event_name":"Scrap Ooze","floor":14,"gold_loss":0},{"cards_removed":["Strike_G"],"damage_healed":0,"gold_gain":0,"player_choice":"Upgrade and Remove","damage_taken":0,"max_hp_gain":0,"max_hp_loss":0,"event_name":"Designer","floor":19,"gold_loss":110,"cards_upgraded":["Survivor"]},{"damage_healed":0,"gold_gain":0,"player_choice":"Smashed Altar","damage_taken":0,"max_hp_gain":0,"max_hp_loss":0,"event_name":"Forgotten Altar","floor":29,"gold_loss":0,"cards_obtained":["Decay"]}],"is_beta":false,"boss_relics":[{"not_picked":["Ring of the Serpent","Orrery"],"picked":"Empty Cage"}],"items_purged_floors":[],"is_endless":false,"potions_floor_spawned":[1,5,16,18,24,27],"killed_by":"Shelled Parasite and Fungi","ascension_level":19}