{"gold_per_floor":[115,126,146,164,183,210,222,256,279,311,311,311,331,356,356,453,453,470,487,502,27,27,27,61,61,61,96,96,121,137,156,156,258,258,272,272,222,239,40,40,70,82,82,108,128,159,186,298,310,322,334,346,14,40,40],"floor_reached":55,"playtime":2557,"items_purged":[],"score":931,"play_id":"9817f60e-d94a-4302-a4bc-1f010881eeb6","local_time":"20190412214018","is_ascension_mode":true,"campfire_choices":[{"floor":12,"key":"REST"},{"data":"Rupture","floor":15,"key":"SMITH"},{"data":"Apotheosis","floor":23,"key":"SMITH"},{"data":"Reaper","floor":25,"key":"SMITH"},{"data":"Sword Boomerang","floor":32,"key":"SMITH"},{"floor":40,"key":"RECALL"},{"data":"Shrug It Off","floor":49,"key":"SMITH"},{"data":"Battle Trance","floor":52,"key":"SMITH"}],"neow_cost":"NONE","seed_source_timestamp":69992612381994,"circlet_count":0,"master_deck":["Strike_R","Strike_R","Strike_R","Strike_R+1","Strike_R+1","Defend_R","Defend_R","Defend_R","Defend_R","Bash","Rupture+1","Pommel Strike","Combust","Rupture","Sword Boomerang","Rupture","Metallicize","Sword Boomerang+1","Battle Trance+1","Reaper+1","Seeing Red","Apotheosis+1","Flash of Steel","Heavy Blade","Combust","Shrug It Off+1","Double Tap","Sword Boomerang","Twin Strike"],"relics":["Burning Blood","Whetstone","Incense Burner","Dream Catcher","Blood Vial","Busted Crown","Brimstone","Anchor","Kunai","Omamori","Necronomicon","Matryoshka","Coffee Dripper","Pen Nib","Lantern","Bronze Scales","Red Skull","Centennial Puzzle","MawBank","Dead Branch","ClockworkSouvenir","Strawberry","Thread and Needle"],"potions_floor_usage":[7,7,8,10,10,24,29,29,41,44,48,50,54],"damage_taken":[{"damage":3,"enemies":"2 Louse","floor":1,"turns":3},{"damage":1,"enemies":"Jaw Worm","floor":2,"turns":3},{"damage":12,"enemies":"Small Slimes","floor":3,"turns":3},{"damage":16,"enemies":"3 Louse","floor":4,"turns":3},{"damage":4,"enemies":"Large Slime","floor":5,"turns":5},{"damage":35,"enemies":"Lagavulin","floor":6,"turns":5},{"damage":6,"enemies":"Exordium Wildlife","floor":7,"turns":4},{"damage":29,"enemies":"Gremlin Nob","floor":8,"turns":4},{"damage":19,"enemies":"Lagavulin","floor":10,"turns":4},{"damage":4,"enemies":"Blue Slaver","floor":13,"turns":4},{"damage":20,"enemies":"The Guardian","floor":16,"turns":7},{"damage":16,"enemies":"Chosen","floor":18,"turns":5},{"damage":20,"enemies":"Shell Parasite","floor":19,"turns":5},{"damage":41,"enemies":"3 Cultists","floor":20,"turns":5},{"damage":49,"enemies":"Slavers","floor":24,"turns":3},{"damage":2,"enemies":"Gremlin Leader","floor":27,"turns":4},{"damage":30,"enemies":"Slavers","floor":29,"turns":4},{"damage":2,"enemies":"Cultist and Chosen","floor":30,"turns":3},{"damage":6,"enemies":"Snecko","floor":31,"turns":3},{"damage":26,"enemies":"Automaton","floor":33,"turns":5},{"damage":7,"enemies":"Orb Walker","floor":35,"turns":3},{"damage":10,"enemies":"3 Darklings","floor":38,"turns":3},{"damage":11,"enemies":"Giant Head","floor":41,"turns":5},{"damage":1,"enemies":"Jaw Worm Horde","floor":42,"turns":3},{"damage":28,"enemies":"Reptomancer","floor":44,"turns":4},{"damage":43,"enemies":"Writhing Mass","floor":45,"turns":4},{"damage":1,"enemies":"Nemesis","floor":46,"turns":3},{"damage":6,"enemies":"4 Shapes","floor":47,"turns":2},{"damage":45,"enemies":"Mind Bloom Boss Battle","floor":48,"turns":4},{"damage":76,"enemies":"Donu and Deca","floor":50,"turns":6},{"damage":56,"enemies":"Shield and Spear","floor":54,"turns":3},{"damage":113,"enemies":"The Heart","floor":55,"turns":5}],"seed_played":"7192494025743808647","potions_obtained":[{"floor":1,"key":"Poison Potion"},{"floor":4,"key":"EssenceOfSteel"},{"floor":5,"key":"FearPotion"},{"floor":7,"key":"FearPotion"},{"floor":8,"key":"AttackPotion"},{"floor":18,"key":"Fire Potion"},{"floor":24,"key":"Weak Potion"},{"floor":27,"key":"SteroidPotion"},{"floor":30,"key":"FearPotion"},{"floor":33,"key":"Explosive Potion"},{"floor":35,"key":"SkillPotion"},{"floor":38,"key":"SteroidPotion"},{"floor":42,"key":"Fruit Juice"},{"floor":45,"key":"Weak Potion"}],"is_trial":false,"path_per_floor":["M","M","M","M","M","E","M","E","T","E","?","R","M","T","R","B",null,"M","M","M","$","?","R","E","R","T","E","?","E","M","M","R","B",null,"M","?","$","M","$","R","E","M","T","E","M","E","M","?","R","B",null,"R","$","E","B"],"character_chosen":"IRONCLAD","items_purchased":["Apotheosis","Flash of Steel","Brimstone","Heavy Blade","Pen Nib","Shrug It Off","ClockworkSouvenir","Strawberry"],"campfire_rested":1,"item_purchase_floors":[21,21,21,37,39,39,53,53],"current_hp_per_floor":[88,88,82,72,74,45,45,22,22,9,9,35,37,37,37,25,88,78,74,55,55,55,55,50,50,50,56,40,52,88,88,88,88,88,87,87,87,84,84,84,88,88,88,71,69,76,93,54,54,23,93,93,100,51,0],"gold":40,"neow_bonus":"TEN_PERCENT_HP_BONUS","is_prod":false,"is_daily":false,"chose_seed":false,"campfire_upgraded":6,"win_rate":0,"timestamp":1555119618,"path_taken":["M","M","M","M","M","E","M","E","T","E","?","R","M","?","R","BOSS","M","M","M","$","?","R","E","R","T","E","?","E","M","M","R","BOSS","M","?","$","M","$","R","E","M","T","E","M","E","M","?","R","BOSS","R","$","E","BOSS"],"build_version":"2019-01-23","purchased_purges":0,"victory":false,"max_hp_per_floor":[88,88,88,88,88,88,88,88,88,88,88,88,88,88,88,88,88,88,88,88,88,88,88,88,88,88,88,88,88,88,88,88,88,88,88,88,88,88,88,88,88,88,88,93,93,93,93,93,93,93,93,93,100,100,100],"card_choices":[{"not_picked":["Warcry","Flex"],"picked":"Rupture","floor":1},{"not_picked":["Clothesline","Cleave"],"picked":"Pommel Strike","floor":2},{"not_picked":["True Grit","Searing Blow"],"picked":"Combust","floor":3},{"not_picked":["Clash","Sentinel"],"picked":"Rupture","floor":4},{"not_picked":["Carnage","Body Slam"],"picked":"Sword Boomerang","floor":5},{"not_picked":["Thunderclap","Searing Blow"],"picked":"Rupture","floor":6},{"not_picked":["Wild Strike","Evolve","Headbutt"],"picked":"SKIP","floor":7},{"not_picked":["Combust","Clothesline","Berserk"],"picked":"SKIP","floor":8},{"not_picked":["Entrench","Spot Weakness"],"picked":"Metallicize","floor":10},{"not_picked":["Infernal Blade","Cleave"],"picked":"Sword Boomerang","floor":12},{"not_picked":["Flame Barrier","Headbutt"],"picked":"Battle Trance","floor":13},{"not_picked":["Bludgeon","Demon Form"],"picked":"Reaper","floor":16},{"not_picked":[],"picked":"Seeing Red","floor":18},{"not_picked":["Anger"],"picked":"SKIP","floor":19},{"not_picked":["Headbutt"],"picked":"SKIP","floor":20},{"not_picked":["Headbutt"],"picked":"SKIP","floor":24},{"not_picked":["Armaments"],"picked":"SKIP","floor":27},{"not_picked":["Body Slam+1"],"picked":"SKIP","floor":29},{"not_picked":["Headbutt"],"picked":"SKIP","floor":30},{"not_picked":["True Grit"],"picked":"SKIP","floor":31},{"not_picked":["Sentinel"],"picked":"SKIP","floor":35},{"not_picked":[],"picked":"Combust","floor":38},{"not_picked":[],"picked":"Double Tap","floor":41},{"not_picked":["Body Slam"],"picked":"SKIP","floor":42},{"not_picked":["Searing Blow+1"],"picked":"SKIP","floor":44},{"not_picked":["Perfected Strike"],"picked":"SKIP","floor":45},{"not_picked":[],"picked":"Sword Boomerang","floor":46},{"not_picked":[],"picked":"Twin Strike","floor":47},{"not_picked":["Cleave"],"picked":"SKIP","floor":54}],"player_experience":132915,"relics_obtained":[{"floor":6,"key":"Whetstone"},{"floor":8,"key":"Incense Burner"},{"floor":10,"key":"Dream Catcher"},{"floor":14,"key":"Blood Vial"},{"floor":24,"key":"Anchor"},{"floor":26,"key":"Kunai"},{"floor":27,"key":"Omamori"},{"floor":28,"key":"Necronomicon"},{"floor":29,"key":"Matryoshka"},{"floor":41,"key":"Lantern"},{"floor":43,"key":"Bronze Scales"},{"floor":43,"key":"Red Skull"},{"floor":44,"key":"Centennial Puzzle"},{"floor":46,"key":"MawBank"},{"floor":48,"key":"Dead Branch"},{"floor":54,"key":"Thread and Needle"}],"event_choices":[{"damage_healed":0,"gold_gain":0,"player_choice":"Ignored","damage_taken":0,"max_hp_gain":0,"max_hp_loss":0,"event_name":"Shining Light","floor":11,"gold_loss":0},{"damage_healed":0,"gold_gain":0,"player_choice":"Ignored","damage_taken":0,"max_hp_gain":0,"max_hp_loss":0,"event_name":"Beggar","floor":22,"gold_loss":0},{"damage_healed":0,"gold_gain":0,"player_choice":"Obtained Book","damage_taken":16,"max_hp_gain":0,"max_hp_loss":0,"event_name":"Cursed Tome","floor":28,"gold_loss":0},{"damage_healed":0,"gold_gain":0,"player_choice":"Ignored","damage_taken":0,"max_hp_gain":0,"max_hp_loss":0,"event_name":"Tomb of Lord Red Mask","floor":36,"gold_loss":0},{"damage_healed":0,"gold_gain":0,"player_choice":"Fight","damage_taken":0,"max_hp_gain":0,"max_hp_loss":0,"event_name":"MindBloom","floor":48,"gold_loss":0}],"is_beta":false,"boss_relics":[{"not_picked":["Calling Bell","Runic Dome"],"picked":"Busted Crown"},{"not_picked":["Tiny House","Velvet Choker"],"picked":"Coffee Dripper"}],"items_purged_floors":[],"is_endless":false,"potions_floor_spawned":[1,4,5,7,8,18,24,27,30,33,35,38,42,45,47],"killed_by":"The Heart","ascension_level":1}