{"gold_per_floor":[109,28,43,43,43,75,75,87,87,119,119,160,175,13,13,109,109,128,82,82,105,105,105,4,4,4,4,15,26,26],"floor_reached":30,"playtime":2071,"items_purged":["Strike_G"],"score":630,"play_id":"6aa21a79-1932-4b24-b4e4-479b6737e2bb","local_time":"20190602161942","is_ascension_mode":true,"campfire_choices":[{"data":"Noxious Fumes","floor":7.0,"key":"SMITH"},{"data":"Footwork","floor":15.0,"key":"SMITH"},{"data":"Dagger Spray","floor":23.0,"key":"SMITH"},{"data":"Dodge and Roll","floor":25.0,"key":"SMITH"},{"data":"Cloak And Dagger","floor":27.0,"key":"SMITH"}],"neow_cost":"NONE","seed_source_timestamp":0,"circlet_count":0,"master_deck":["AscendersBane","Defend_G","Defend_G","Defend_G","Defend_G","Defend_G","Strike_G","Strike_G","Survivor","Neutralize","Noxious Fumes+1","Footwork+1","Dagger Throw","Cloak And Dagger+1","Backflip","Backflip","Catalyst","After Image","Deflect","Flechettes","Dagger Spray+1","Dodge and Roll+1","Caltrops","Dodge and Roll+1","Footwork","PiercingWail"],"special_seed":0,"relics":["Ring of the Snake","NeowsBlessing","Dream Catcher","Bottled Tornado","Torii","Bloody Idol","Mummified Hand","Runic Dome","Ornamental Fan"],"potions_floor_usage":[30],"damage_taken":[{"damage":1.0,"enemies":"2 Louse","floor":1.0,"turns":2.0},{"damage":0.0,"enemies":"Jaw Worm","floor":3.0,"turns":1.0},{"damage":0.0,"enemies":"Gremlin Nob","floor":6.0,"turns":1.0},{"damage":10.0,"enemies":"Small Slimes","floor":8.0,"turns":4.0},{"damage":22.0,"enemies":"3 Sentries","floor":10.0,"turns":8.0},{"damage":10.0,"enemies":"Lagavulin","floor":12.0,"turns":8.0},{"damage":0.0,"enemies":"Exordium Wildlife","floor":13.0,"turns":3.0},{"damage":0.0,"enemies":"The Guardian","floor":16.0,"turns":12.0},{"damage":0.0,"enemies":"Chosen","floor":18.0,"turns":8.0},{"damage":19.0,"enemies":"2 Thieves","floor":19.0,"turns":5.0},{"damage":0.0,"enemies":"Snake Plant","floor":21.0,"turns":6.0},{"damage":12.0,"enemies":"Chosen and Byrds","floor":28.0,"turns":7.0},{"damage":0.0,"enemies":"Centurion and Healer","floor":29.0,"turns":10.0},{"damage":45,"enemies":"Gremlin Leader","floor":30,"turns":4}],"seed_played":"-258226090914863302","potions_obtained":[{"floor":6.0,"key":"AttackPotion"},{"floor":8.0,"key":"Regen Potion"},{"floor":12.0,"key":"SkillPotion"},{"floor":18.0,"key":"FearPotion"},{"floor":19.0,"key":"Weak Potion"}],"is_trial":false,"path_per_floor":["M","$","M","?","?","E","R","M","T","E","?","E","M","$","R","B",null,"M","M","?","M","?","R","$","R","T","R","M","M","E"],"character_chosen":"THE_SILENT","items_purchased":["Footwork","Catalyst","Caltrops","Dodge and Roll"],"campfire_rested":0,"item_purchase_floors":[2,14,24,24],"current_hp_per_floor":[58,58,58,58,63,63,63,53,53,46,46,36,36,36,36,36,57,57,38,38,38,38,38,38,38,38,38,31,36,0],"gold":26,"neow_bonus":"THREE_ENEMY_KILL","is_prod":false,"is_daily":false,"chose_seed":false,"campfire_upgraded":5,"win_rate":0,"timestamp":1559506782,"path_taken":["M","$","M","?","?","E","R","M","T","E","?","E","?","$","R","BOSS","M","M","?","M","?","R","$","R","T","R","M","M","E"],"build_version":"2019-01-23","purchased_purges":1,"victory":false,"max_hp_per_floor":[66,66,66,66,71,71,71,71,71,71,64,64,64,64,64,64,64,64,64,64,64,64,64,64,64,64,64,64,64,64],"card_choices":[{"not_picked":["Sucker Punch","Prepared"],"picked":"Noxious Fumes","floor":1.0},{"not_picked":["Poisoned Stab","Predator","Crippling Poison"],"picked":"SKIP","floor":3.0},{"not_picked":["Slice","Setup","Reflex"],"picked":"SKIP","floor":6.0},{"not_picked":["Slice","Underhanded Strike"],"picked":"Dagger Throw","floor":8.0},{"not_picked":["Envenom","Masterful Stab"],"picked":"Cloak And Dagger","floor":10.0},{"not_picked":["Blade Dance","Infinite Blades"],"picked":"Backflip","floor":12.0},{"not_picked":["Endless Agony","Reflex"],"picked":"Backflip","floor":13.0},{"not_picked":["Unload","A Thousand Cuts"],"picked":"After Image","floor":16.0},{"not_picked":["Crippling Poison","Predator"],"picked":"Deflect","floor":18.0},{"not_picked":["Infinite Blades","Quick Slash","Dagger Throw"],"picked":"SKIP","floor":19.0},{"not_picked":["Sucker Punch","Noxious Fumes+1"],"picked":"Dodge and Roll+1","floor":21.0},{"not_picked":["Flying Knee+1","Bane"],"picked":"Footwork","floor":28.0},{"not_picked":["Flying Knee+1","Acrobatics"],"picked":"PiercingWail","floor":29.0}],"player_experience":542738,"relics_obtained":[{"floor":6.0,"key":"Dream Catcher"},{"floor":9.0,"key":"Bottled Tornado"},{"floor":10.0,"key":"Torii"},{"floor":12.0,"key":"Mummified Hand"},{"floor":26.0,"key":"Ornamental Fan"}],"event_choices":[{"damage_healed":0.0,"max_hp_gain":0.0,"max_hp_loss":0.0,"gold_gain":0.0,"event_name":"Liars Game","player_choice":"Ignored","floor":4.0,"gold_loss":0.0,"damage_taken":0.0},{"damage_healed":0.0,"max_hp_gain":5.0,"max_hp_loss":0.0,"gold_gain":0.0,"event_name":"Big Fish","player_choice":"Donut","floor":5.0,"gold_loss":0.0,"damage_taken":0.0},{"damage_healed":0.0,"max_hp_gain":0.0,"max_hp_loss":7.0,"gold_gain":0.0,"event_name":"Golden Idol","player_choice":"Lose Max HP","floor":11.0,"gold_loss":0.0,"damage_taken":0.0,"relics_obtained":["Golden Idol"]},{"damage_healed":0.0,"max_hp_gain":0.0,"max_hp_loss":0.0,"gold_gain":0.0,"cards_transformed":["Strike_G","Strike_G"],"event_name":"Drug Dealer","player_choice":"Became Test Subject","floor":20.0,"gold_loss":0.0,"damage_taken":0.0,"cards_obtained":["Flechettes","Dagger Spray"]},{"damage_healed":0.0,"max_hp_gain":0.0,"max_hp_loss":0.0,"gold_gain":0.0,"event_name":"Forgotten Altar","player_choice":"Gave Idol","floor":22.0,"relics_lost":["Golden Idol"],"gold_loss":0.0,"damage_taken":0.0,"relics_obtained":["Bloody Idol"]}],"is_beta":false,"boss_relics":[{"not_picked":["Empty Cage","Tiny House"],"picked":"Runic Dome"}],"items_purged_floors":[14],"is_endless":false,"potions_floor_spawned":[6,8,12,18,19],"killed_by":"Gremlin Leader","ascension_level":19}