{"gold_per_floor":[17,31,46,46,121,121,148,165,165,194,194,228,239,289,289,289],"floor_reached":16,"playtime":895,"items_purged":[],"score":144,"play_id":"8ce0d0bb-f123-4cab-85b4-37e0aa173cac","local_time":"20181028160630","is_ascension_mode":true,"campfire_choices":[{"floor":6,"key":"REST"},{"floor":15,"key":"REST"}],"neow_cost":"NO_GOLD","seed_source_timestamp":347662965999246,"circlet_count":0,"master_deck":["Strike_R","Strike_R+1","Strike_R","Strike_R","Strike_R","Defend_R","Defend_R","Defend_R","Defend_R+1","Bash","Offering","Clash","Inflame","Bloodletting","Shockwave","Wild Strike","Twin Strike","Clash"],"relics":["Burning Blood","Bottled Lightning","Bottled Tornado","Bag of Preparation","Ornamental Fan","Lantern"],"potions_floor_usage":[16,16],"damage_taken":[{"damage":8,"enemies":"2 Louse","floor":1,"turns":3},{"damage":6,"enemies":"Small Slimes","floor":2,"turns":2},{"damage":12,"enemies":"Cultist","floor":3,"turns":3},{"damage":25,"enemies":"Gremlin Nob","floor":7,"turns":3},{"damage":16,"enemies":"Large Slime","floor":8,"turns":5},{"damage":21,"enemies":"3 Sentries","floor":10,"turns":5},{"damage":26,"enemies":"Gremlin Nob","floor":12,"turns":4},{"damage":6,"enemies":"2 Fungi Beasts","floor":13,"turns":3},{"damage":61,"enemies":"Slime Boss","floor":16,"turns":9}],"seed_played":"7105349553038333014","potions_obtained":[{"floor":2,"key":"Dexterity Potion"},{"floor":7,"key":"Ancient Potion"},{"floor":12,"key":"EssenceOfSteel"}],"is_trial":false,"path_per_floor":["M","M","M","?","?","R","E","M","T","E","?","E","M","T","R"],"character_chosen":"IRONCLAD","items_purchased":[],"campfire_rested":2,"item_purchase_floors":[],"current_hp_per_floor":[78,78,72,56,45,69,50,40,40,25,51,31,31,31,55,0],"gold":289,"neow_bonus":"THREE_RARE_CARDS","is_prod":false,"is_daily":false,"chose_seed":false,"campfire_upgraded":0,"win_rate":0,"timestamp":1540764390,"path_taken":["M","M","M","?","?","R","E","M","T","E","?","E","M","?","R","BOSS"],"build_version":"2018-10-25v2","purchased_purges":0,"victory":false,"max_hp_per_floor":[80,80,80,80,80,80,80,80,80,80,80,80,80,80,80,80],"card_choices":[{"not_picked":["Juggernaut","Impervious"],"picked":"Offering","floor":0},{"not_picked":["Clothesline","Searing Blow"],"picked":"Clash","floor":1},{"not_picked":["Warcry","Second Wind"],"picked":"Inflame","floor":2},{"not_picked":["Pummel","Thunderclap"],"picked":"Bloodletting","floor":3},{"not_picked":["Evolve","Body Slam"],"picked":"Shockwave","floor":7},{"not_picked":["Flame Barrier","Pommel Strike"],"picked":"Wild Strike","floor":8},{"not_picked":["Rupture","Iron Wave","Whirlwind"],"picked":"SKIP","floor":10},{"not_picked":["Disarm","Body Slam"],"picked":"Twin Strike","floor":12},{"not_picked":["Headbutt","Havoc"],"picked":"Clash","floor":13}],"player_experience":211898,"relics_obtained":[{"floor":7,"key":"Bottled Lightning"},{"floor":9,"key":"Bottled Tornado"},{"floor":10,"key":"Bag of Preparation"},{"floor":12,"key":"Ornamental Fan"},{"floor":14,"key":"Lantern"}],"event_choices":[{"damage_healed":0,"gold_gain":0,"player_choice":"Entered Light","damage_taken":16,"max_hp_gain":0,"max_hp_loss":0,"event_name":"Shining Light","floor":4,"gold_loss":0,"cards_upgraded":["Strike_R","Defend_R"]},{"damage_healed":0,"gold_gain":75,"player_choice":"Gather Gold","damage_taken":11,"max_hp_gain":0,"max_hp_loss":0,"event_name":"World of Goop","floor":5,"gold_loss":0},{"damage_healed":26,"gold_gain":0,"player_choice":"Banana","damage_taken":0,"max_hp_gain":0,"max_hp_loss":0,"event_name":"Big Fish","floor":11,"gold_loss":0}],"is_beta":false,"boss_relics":[],"items_purged_floors":[],"is_endless":false,"potions_floor_spawned":[2,7,12],"killed_by":"Slime Boss","ascension_level":4}