{"gold_per_floor":[112,112,112,34,134,134,149,183,236,256,256],"floor_reached":11,"playtime":259,"items_purged":[],"score":78,"play_id":"63538216-488b-449f-b3ea-3181338206df","local_time":"20181130191925","is_ascension_mode":true,"campfire_choices":[{"floor":6,"key":"REST"}],"neow_cost":"PERCENT_DAMAGE","seed_source_timestamp":5506528663930,"circlet_count":0,"master_deck":["Strike_B","Strike_B","Strike_B","Strike_B","Defend_B","Defend_B","Defend_B","Defend_B","Zap","Dualcast","Rip and Tear","Genetic Algorithm","Storm","Melter","Chaos"],"relics":["Cracked Core","Incense Burner","Golden Idol","PreservedInsect","Dream Catcher","DataDisk"],"potions_floor_usage":[],"damage_taken":[{"damage":1,"enemies":"2 Louse","floor":1,"turns":3},{"damage":7,"enemies":"Small Slimes","floor":7,"turns":3},{"damage":16,"enemies":"Gremlin Nob","floor":8,"turns":3},{"damage":1,"enemies":"Cultist","floor":10,"turns":3}],"seed_played":"1439636992891800498","potions_obtained":[{"floor":10,"key":"Strength Potion"}],"is_trial":false,"path_per_floor":["M","?","?","$","?","R","M","E","T","M","?"],"character_chosen":"DEFECT","items_purchased":["Genetic Algorithm"],"campfire_rested":1,"item_purchase_floors":[4],"current_hp_per_floor":[53,35,17,17,17,39,32,16,16,15,0],"gold":256,"neow_bonus":"ONE_RARE_RELIC","is_prod":false,"is_daily":false,"chose_seed":false,"campfire_upgraded":0,"win_rate":0,"timestamp":1543594765,"path_taken":["M","?","?","$","?","R","?","E","T","M","?"],"build_version":"2018-11-15","purchased_purges":0,"victory":false,"max_hp_per_floor":[75,75,75,75,75,75,75,75,75,75,75],"card_choices":[{"not_picked":["Conserve Battery","Steam Power"],"picked":"Rip and Tear","floor":1},{"not_picked":["Steam","Turbo"],"picked":"Storm","floor":7},{"not_picked":["Beam Cell","Rebound"],"picked":"Melter","floor":8},{"not_picked":["Aggregate","Reprogram"],"picked":"Chaos","floor":10}],"player_experience":412331,"relics_obtained":[{"floor":8,"key":"Dream Catcher"},{"floor":9,"key":"DataDisk"}],"event_choices":[{"damage_healed":0,"gold_gain":0,"player_choice":"Take Damage","damage_taken":18,"relics_obtained":["Golden Idol"],"max_hp_gain":0,"max_hp_loss":0,"event_name":"Golden Idol","floor":2,"gold_loss":0},{"damage_healed":0,"gold_gain":0,"player_choice":"Success","damage_taken":18,"relics_obtained":["PreservedInsect"],"max_hp_gain":0,"max_hp_loss":0,"event_name":"Scrap Ooze","floor":3,"gold_loss":0},{"damage_healed":0,"gold_gain":100,"player_choice":"Pray","damage_taken":0,"max_hp_gain":0,"max_hp_loss":0,"event_name":"Golden Shrine","floor":5,"gold_loss":0}],"is_beta":false,"boss_relics":[],"items_purged_floors":[],"is_endless":false,"potions_floor_spawned":[10],"ascension_level":2}