{"gold_per_floor":[211,1,76,86,86,118,118,132,132,165,165,179,179,179,179,253,253,253,178,178,178,178,178,178,178,178,178,178,178,178,178,178,178,178,178,178,0,0,0,0],"floor_reached":40,"playtime":2278,"items_purged":[],"score":1004,"play_id":"c856c7a8-2f76-4c8b-95ea-1dd36826ed0d","local_time":"20190608190243","is_ascension_mode":true,"campfire_choices":[{"data":"Backstab","floor":7.0,"key":"SMITH"},{"floor":11.0,"key":"REST"},{"data":"PiercingWail","floor":13.0,"key":"SMITH"},{"data":"Crippling Poison","floor":15.0,"key":"SMITH"},{"floor":23.0,"key":"REST"},{"data":"Malaise","floor":25.0,"key":"SMITH"},{"data":"Footwork","floor":30.0,"key":"SMITH"},{"data":"Corpse Explosion","floor":32.0,"key":"SMITH"}],"neow_cost":"NONE","seed_source_timestamp":49141011823014,"circlet_count":0,"master_deck":["AscendersBane","Defend_G","Defend_G","Defend_G","Survivor","Neutralize","Backstab+1","Bane+1","Deadly Poison","Malaise+1","Crippling Poison+1","PiercingWail+1","Corpse Explosion+1","Acrobatics","PiercingWail","Well Laid Plans","Footwork+1","Deflect+1","Bite+1","Bite+1","Bite+1","Bite+1","Bite+1","Dash+1","Dagger Spray+1"],"special_seed":0,"relics":["Ring of the Snake","TwistedFunnel","Blue Candle","Strawberry","Shuriken","Ectoplasm","WingedGreaves","Molten Egg 2","Darkstone Periapt","Anchor","Letter Opener","Art of War","Empty Cage","Red Mask"],"potions_floor_usage":[40,40],"damage_taken":[{"damage":0.0,"enemies":"2 Louse","floor":1.0,"turns":4.0},{"damage":0.0,"enemies":"Small Slimes","floor":4.0,"turns":2.0},{"damage":27.0,"enemies":"3 Sentries","floor":6.0,"turns":9.0},{"damage":0.0,"enemies":"Cultist","floor":8.0,"turns":3.0},{"damage":12.0,"enemies":"Lagavulin","floor":10.0,"turns":5.0},{"damage":0.0,"enemies":"Large Slime","floor":12.0,"turns":3.0},{"damage":41.0,"enemies":"Slime Boss","floor":16.0,"turns":11.0},{"damage":13.0,"enemies":"Shell Parasite","floor":18.0,"turns":7.0},{"damage":0.0,"enemies":"Chosen","floor":20.0,"turns":4.0},{"damage":6.0,"enemies":"Colosseum Slavers","floor":21.0,"turns":2.0},{"damage":7.0,"enemies":"Colosseum Nobs","floor":21.0,"turns":3.0},{"damage":15.0,"enemies":"Sentry and Sphere","floor":22.0,"turns":5.0},{"damage":16.0,"enemies":"Book of Stabbing","floor":24.0,"turns":6.0},{"damage":0.0,"enemies":"Slavers","floor":27.0,"turns":2.0},{"damage":0.0,"enemies":"Book of Stabbing","floor":28.0,"turns":8.0},{"damage":2.0,"enemies":"Centurion and Healer","floor":29.0,"turns":5.0},{"damage":22.0,"enemies":"Collector","floor":33.0,"turns":9.0},{"damage":4.0,"enemies":"3 Darklings","floor":35.0,"turns":3.0},{"damage":2.0,"enemies":"Orb Walker","floor":36.0,"turns":3.0},{"damage":4.0,"enemies":"Sphere and 2 Shapes","floor":38.0,"turns":6.0},{"damage":126,"enemies":"Giant Head","floor":40,"turns":11}],"seed_played":"8374726488686588799","potions_obtained":[{"floor":4.0,"key":"LiquidBronze"},{"floor":16.0,"key":"Regen Potion"},{"floor":20.0,"key":"Dexterity Potion"},{"floor":21.0,"key":"LiquidBronze"},{"floor":24.0,"key":"GhostInAJar"},{"floor":38.0,"key":"GamblersBrew"}],"is_trial":false,"path_per_floor":["M","$","?","M","?","E","R","M","T","E","R","M","R","?","R","B",null,"M","?","M","?","M","R","E","R","T","E","E","M","R","?","R","B",null,"M","M","?","M","?","E"],"character_chosen":"THE_SILENT","items_purchased":["TwistedFunnel"],"campfire_rested":2,"item_purchase_floors":[2],"current_hp_per_floor":[59,59,48,48,48,21,21,21,28,16,37,37,37,42,42,1,59,61,61,61,48,33,56,40,40,40,40,40,38,38,38,38,46,52,51,52,52,53,64,0],"gold":0,"neow_bonus":"HUNDRED_GOLD","is_prod":false,"is_daily":false,"chose_seed":false,"campfire_upgraded":6,"win_rate":0,"timestamp":1560034963,"path_taken":["M","$","?","M","?","E","R","M","T","E","R","?","R","?","R","BOSS","M","?","M","?","M","R","E","R","T","E","E","?","R","?","R","BOSS","M","M","?","M","?","E"],"build_version":"2019-01-23","purchased_purges":0,"victory":false,"max_hp_per_floor":[66,66,66,66,66,66,66,66,73,73,73,73,73,78,78,78,78,78,78,78,78,78,78,78,78,78,78,78,78,78,54,54,54,54,54,54,54,54,64,64],"card_choices":[{"not_picked":["Bane","Expertise"],"picked":"Backstab","floor":1.0},{"not_picked":["Poisoned Stab","Blade Dance"],"picked":"Bane","floor":4.0},{"not_picked":["Quick Slash","Sucker Punch"],"picked":"Deadly Poison","floor":6.0},{"not_picked":["Dodge and Roll","Deflect"],"picked":"Malaise","floor":8.0},{"not_picked":["Underhanded Strike","Grand Finale"],"picked":"Crippling Poison","floor":10.0},{"not_picked":["Blade Dance","Quick Slash"],"picked":"PiercingWail","floor":12.0},{"not_picked":["Wraith Form v2","Die Die Die"],"picked":"Corpse Explosion","floor":16.0},{"not_picked":["Prepared","Slice"],"picked":"Acrobatics","floor":18.0},{"not_picked":["Blade Dance","Deflect"],"picked":"PiercingWail","floor":20.0},{"not_picked":["Poisoned Stab+1","Slice+1","Underhanded Strike+1"],"picked":"SKIP","floor":22.0},{"not_picked":["Dodge and Roll","Leg Sweep"],"picked":"Well Laid Plans","floor":24.0},{"not_picked":["Blade Dance","Bane+1","Storm of Steel"],"picked":"SKIP","floor":27.0},{"not_picked":["Blade Dance","Bane+1","Storm of Steel"],"picked":"SKIP","floor":27.0},{"not_picked":["Blade Dance","All Out Attack+1"],"picked":"Footwork","floor":28.0},{"not_picked":["Dagger Throw+1","Accuracy"],"picked":"Deflect+1","floor":29.0},{"not_picked":["Unload+1","Envenom"],"picked":"Malaise","floor":33.0},{"not_picked":["Eviscerate+1","Quick Slash+1"],"picked":"Dash+1","floor":35.0},{"not_picked":["Bane+1","Finisher+1"],"picked":"Dagger Spray+1","floor":36.0},{"not_picked":["Outmaneuver","Quick Slash+1","Concentrate"],"picked":"SKIP","floor":38.0}],"player_experience":604545,"relics_obtained":[{"floor":6.0,"key":"Blue Candle"},{"floor":9.0,"key":"Strawberry"},{"floor":10.0,"key":"Shuriken"},{"floor":21.0,"key":"WingedGreaves"},{"floor":21.0,"key":"Molten Egg 2"},{"floor":24.0,"key":"Darkstone Periapt"},{"floor":26.0,"key":"Anchor"},{"floor":27.0,"key":"Letter Opener"},{"floor":28.0,"key":"Art of War"}],"event_choices":[{"damage_healed":0.0,"max_hp_gain":0.0,"max_hp_loss":0.0,"gold_gain":75.0,"event_name":"World of Goop","player_choice":"Gather Gold","floor":3.0,"gold_loss":0.0,"damage_taken":11.0},{"damage_healed":0.0,"max_hp_gain":0.0,"max_hp_loss":0.0,"gold_gain":0.0,"event_name":"Upgrade Shrine","player_choice":"Upgraded","floor":5.0,"gold_loss":0.0,"damage_taken":0.0,"cards_upgraded":["Bane"]},{"damage_healed":0.0,"max_hp_gain":5.0,"max_hp_loss":0.0,"gold_gain":0.0,"event_name":"Big Fish","player_choice":"Donut","floor":14.0,"gold_loss":0.0,"damage_taken":0.0},{"cards_removed":["Strike_G"],"damage_healed":0.0,"max_hp_gain":0.0,"max_hp_loss":0.0,"gold_gain":0.0,"event_name":"Beggar","player_choice":"Gave Gold","floor":19.0,"gold_loss":75.0,"damage_taken":0.0},{"damage_healed":0.0,"max_hp_gain":0.0,"max_hp_loss":0.0,"gold_gain":0.0,"event_name":"Colosseum","player_choice":"Fight","floor":21.0,"gold_loss":0.0,"damage_taken":0.0},{"damage_healed":0.0,"max_hp_gain":0.0,"max_hp_loss":0.0,"gold_gain":0.0,"event_name":"Colosseum","player_choice":"Fought Nobs","floor":21.0,"gold_loss":0.0,"damage_taken":0.0},{"damage_healed":0.0,"max_hp_gain":0.0,"max_hp_loss":24.0,"gold_gain":0.0,"event_name":"Vampires","player_choice":"Became a vampire","floor":31.0,"gold_loss":0.0,"damage_taken":0.0,"cards_obtained":["Bite","Bite","Bite","Bite","Bite"]},{"damage_healed":0.0,"max_hp_gain":0.0,"max_hp_loss":0.0,"gold_gain":0.0,"event_name":"Tomb of Lord Red Mask","player_choice":"Paid","floor":37.0,"gold_loss":178.0,"damage_taken":0.0,"relics_obtained":["Red Mask"]},{"cards_removed":["Malaise"],"damage_healed":1.0,"max_hp_gain":10.0,"max_hp_loss":0.0,"gold_gain":0.0,"event_name":"Bonfire Elementals","player_choice":"Offered Rare","floor":39.0,"gold_loss":0.0,"damage_taken":0.0}],"is_beta":false,"boss_relics":[{"not_picked":["Velvet Choker","Busted Crown"],"picked":"Ectoplasm"},{"not_picked":["WristBlade","Eternal Feather"],"picked":"Empty Cage"}],"items_purged_floors":[],"is_endless":false,"potions_floor_spawned":[4,16,20,21,24,28,38],"killed_by":"Giant Head","ascension_level":19}