{"gold_per_floor":[118,118,143,168,193,226,242,242,268,268,286,311,71,71,71,191,191,216,229,229,239,139,174,174,174,174,49,49,49,97,114,114,114],"floor_reached":33,"playtime":2348,"items_purged":["Strike_G","Strike_G","Strike_G"],"score":267,"play_id":"1371f77c-e05d-49a4-af08-cb1d06b20965","local_time":"20181017190902","is_ascension_mode":false,"campfire_choices":[{"data":"Cloak And Dagger","floor":8,"key":"SMITH"},{"floor":10,"key":"REST"},{"data":"Caltrops","floor":15,"key":"SMITH"},{"data":"Envenom","floor":24,"key":"SMITH"},{"data":"Tools of the Trade","floor":29,"key":"SMITH"},{"floor":32,"key":"REST"}],"neow_cost":"NONE","seed_source_timestamp":145513952154020,"circlet_count":0,"master_deck":["Defend_G","Defend_G","Defend_G","Strike_G","Survivor","Neutralize","Adrenaline","Finisher","Backflip","Cloak And Dagger+1","All Out Attack","Tools of the Trade+1","Poisoned Stab","Cloak And Dagger","Caltrops+1","Dagger Throw","Dodge and Roll","Die Die Die","Cloak And Dagger+1","Deflect+1","Envenom+1","Dagger Throw","Dagger Throw+1"],"relics":["Ring of the Snake","Bloody Idol","Sundial","Bronze Scales","Empty Cage","Omamori","Bag of Marbles","Blood Vial","Matryoshka","Dodecahedron","Centennial Puzzle"],"potions_floor_usage":[6,6,18,21,33],"damage_taken":[{"damage":0,"enemies":"Jaw Worm","floor":1,"turns":4},{"damage":1,"enemies":"2 Louse","floor":3,"turns":4},{"damage":0,"enemies":"Cultist","floor":4,"turns":2},{"damage":7,"enemies":"Lots of Slimes","floor":5,"turns":4},{"damage":14,"enemies":"Gremlin Nob","floor":6,"turns":4},{"damage":0,"enemies":"Exordium Thugs","floor":7,"turns":3},{"damage":0,"enemies":"Looter","floor":11,"turns":2},{"damage":6,"enemies":"Blue Slaver","floor":12,"turns":2},{"damage":18,"enemies":"Hexaghost","floor":16,"turns":9},{"damage":16,"enemies":"2 Thieves","floor":18,"turns":4},{"damage":0,"enemies":"3 Byrds","floor":19,"turns":3},{"damage":11,"enemies":"Centurion and Healer","floor":21,"turns":5},{"damage":19,"enemies":"Book of Stabbing","floor":23,"turns":4},{"damage":9,"enemies":"Cultist and Chosen","floor":31,"turns":5},{"damage":61,"enemies":"Champ","floor":33,"turns":11}],"seed_played":"-4164445611888482307","potions_obtained":[{"floor":1,"key":"EssenceOfSteel"},{"floor":5,"key":"PowerPotion"},{"floor":6,"key":"Explosive Potion"},{"floor":12,"key":"Poison Potion"},{"floor":16,"key":"Poison Potion"},{"floor":19,"key":"Explosive Potion"},{"floor":23,"key":"FearPotion"}],"is_trial":false,"path_per_floor":["M","?","M","M","M","E","M","R","T","R","M","M","$","?","R","B",null,"M","M","?","M","$","E","R","?","T","$","?","R","T","M","R"],"character_chosen":"THE_SILENT","items_purchased":["Caltrops","Dagger Throw","Dodge and Roll"],"campfire_rested":2,"item_purchase_floors":[13,13,13],"current_hp_per_floor":[70,53,52,52,45,31,31,31,31,52,52,46,46,46,46,28,70,54,54,54,48,48,34,34,34,34,34,34,34,39,37,58,0],"gold":114,"neow_bonus":"TRANSFORM_CARD","is_prod":false,"is_daily":false,"chose_seed":false,"campfire_upgraded":4,"win_rate":0,"timestamp":1539792542,"path_taken":["M","?","M","M","M","E","?","R","T","R","M","M","$","?","R","BOSS","M","M","?","M","$","E","R","?","T","$","?","R","?","M","R","BOSS"],"build_version":"2018-10-11","purchased_purges":3,"victory":false,"max_hp_per_floor":[70,70,70,70,70,70,70,70,70,70,70,70,70,70,70,70,70,70,70,70,70,70,70,70,70,70,70,70,70,70,70,70,70],"card_choices":[{"not_picked":["Calculated Gamble","Backflip"],"picked":"Finisher","floor":1},{"not_picked":["Catalyst","Acrobatics"],"picked":"Backflip","floor":3},{"not_picked":["Flechettes","Slice"],"picked":"Cloak And Dagger","floor":4},{"not_picked":["Crippling Poison","Dagger Spray"],"picked":"All Out Attack","floor":5},{"not_picked":["Flying Knee","Expertise"],"picked":"Tools of the Trade","floor":6},{"not_picked":["Finisher","Reflex"],"picked":"Poisoned Stab","floor":7},{"not_picked":["Bane","Acrobatics","Dagger Spray"],"picked":"SKIP","floor":11},{"not_picked":["Acrobatics","Deadly Poison"],"picked":"Cloak And Dagger","floor":12},{"not_picked":["Malaise","Wraith Form v2"],"picked":"Die Die Die","floor":16},{"not_picked":["Outmaneuver","Sucker Punch"],"picked":"Cloak And Dagger+1","floor":18},{"not_picked":["Quick Slash","Heel Hook"],"picked":"Deflect+1","floor":19},{"not_picked":["Choke","Quick Slash"],"picked":"Envenom","floor":21},{"not_picked":["Quick Slash","Reflex"],"picked":"Dagger Throw","floor":23},{"not_picked":["Dodge and Roll","Choke+1"],"picked":"Dagger Throw+1","floor":31}],"player_experience":141897,"relics_obtained":[{"floor":6,"key":"Sundial"},{"floor":9,"key":"Bronze Scales"},{"floor":23,"key":"Omamori"},{"floor":26,"key":"Blood Vial"},{"floor":30,"key":"Dodecahedron"},{"floor":30,"key":"Centennial Puzzle"}],"event_choices":[{"event_name":"Golden Idol","player_choice":"Take Damage","floor":2,"damage_taken":0},{"event_name":"Scrap Ooze","player_choice":"unsuccessful","floor":14,"damage_taken":0},{"event_name":"Forgotten Altar","player_choice":"Gave Idol","floor":20,"damage_taken":0},{"event_name":"WeMeetAgain","player_choice":"Potion","floor":25,"damage_taken":0},{"event_name":"Addict","player_choice":"Stole Relic","floor":28,"damage_taken":0}],"is_beta":false,"boss_relics":[{"not_picked":["Ectoplasm","Runic Dome"],"picked":"Empty Cage"}],"items_purged_floors":[13,22,27],"is_endless":false,"potions_floor_spawned":[1,5,6,12,16,19,23],"killed_by":"Champ","ascension_level":0}