{"gold_per_floor":[114,74,74,74,84,84,84,84,157,188,201,216,235,235,235,328,328,346,346,346,88,56,56,56],"floor_reached":24,"playtime":1132,"items_purged":[],"score":378,"play_id":"d1915462-30af-45d1-be46-67338d88e1f0","local_time":"20190609203250","is_ascension_mode":true,"campfire_choices":[{"floor":6.0,"key":"REST"},{"data":"Footwork","floor":8.0,"key":"SMITH"},{"floor":15.0,"key":"REST"},{"data":"Neutralize","floor":23.0,"key":"SMITH"}],"neow_cost":"PERCENT_DAMAGE","seed_source_timestamp":85216057685917,"circlet_count":0,"master_deck":["AscendersBane","Defend_G+1","Defend_G+1","Defend_G+1","Defend_G+1","Defend_G+1","Strike_G+1","Strike_G+1","Strike_G+1","Strike_G+1","Strike_G+1","Survivor","Neutralize+1","A Thousand Cuts+1","Dash","Footwork+1","Cloak And Dagger","Cloak And Dagger","Backflip","Deflect","Backflip","Necronomicurse","Noxious Fumes","Cloak And Dagger"],"special_seed":0,"relics":["Ring of the Snake","Unceasing Top","Sundial","Art of War","Golden Idol","Coffee Dripper","Necronomicon","Oddly Smooth Stone"],"potions_floor_usage":[24],"damage_taken":[{"damage":12.0,"enemies":"Jaw Worm","floor":1.0,"turns":7.0},{"damage":0.0,"enemies":"2 Louse","floor":5.0,"turns":4.0},{"damage":26.0,"enemies":"Gremlin Nob","floor":10.0,"turns":6.0},{"damage":0.0,"enemies":"Small Slimes","floor":11.0,"turns":4.0},{"damage":0.0,"enemies":"Gremlin Gang","floor":12.0,"turns":9.0},{"damage":0.0,"enemies":"Blue Slaver","floor":13.0,"turns":5.0},{"damage":16.0,"enemies":"The Guardian","floor":16.0,"turns":17.0},{"damage":0.0,"enemies":"Shell Parasite","floor":18.0,"turns":8.0},{"damage":0.0,"enemies":"2 Thieves","floor":22.0,"turns":5.0},{"damage":37,"enemies":"Slavers","floor":24,"turns":5}],"seed_played":"926296472031790692","potions_obtained":[{"floor":1.0,"key":"GamblersBrew"},{"floor":5.0,"key":"EssenceOfSteel"},{"floor":7.0,"key":"Fruit Juice"},{"floor":7.0,"key":"GhostInAJar"},{"floor":13.0,"key":"GamblersBrew"},{"floor":22.0,"key":"Ancient Potion"}],"is_trial":false,"path_per_floor":["M","$","?","?","M","R","?","R","T","E","M","M","M","?","R","B",null,"M","?","?","$","M","R","E"],"character_chosen":"THE_SILENT","items_purchased":["Footwork","Noxious Fumes","Oddly Smooth Stone","Cloak And Dagger"],"campfire_rested":2,"item_purchase_floors":[2,21,21,21],"current_hp_per_floor":[32,32,6,6,6,25,30,30,30,4,4,4,4,4,23,7,50,50,50,29,29,29,29,0],"gold":56,"neow_bonus":"THREE_RARE_CARDS","is_prod":false,"is_daily":false,"chose_seed":false,"campfire_upgraded":2,"win_rate":0,"timestamp":1560126770,"path_taken":["M","$","?","?","M","R","?","R","T","E","?","M","M","?","R","BOSS","M","?","?","$","M","R","E"],"build_version":"2019-01-23","purchased_purges":0,"victory":false,"max_hp_per_floor":[66,66,66,66,66,66,71,71,71,71,71,71,71,64,64,64,64,64,64,64,64,64,64,64],"card_choices":[{"not_picked":["Phantasmal Killer","Night Terror"],"picked":"A Thousand Cuts","floor":0.0},{"not_picked":["Prepared","Caltrops"],"picked":"Dash","floor":1.0},{"not_picked":["Prepared","Flechettes"],"picked":"Cloak And Dagger","floor":5.0},{"not_picked":["Masterful Stab","Terror"],"picked":"Cloak And Dagger","floor":10.0},{"not_picked":["Blade Dance","Quick Slash","Sucker Punch"],"picked":"SKIP","floor":11.0},{"not_picked":["Phantasmal Killer","Bane"],"picked":"Backflip","floor":12.0},{"not_picked":["Sucker Punch","Acrobatics"],"picked":"Deflect","floor":13.0},{"not_picked":["Finisher","Underhanded Strike"],"picked":"Backflip","floor":18.0},{"not_picked":["Calculated Gamble","Footwork","Setup+1"],"picked":"SKIP","floor":22.0}],"player_experience":612334,"relics_obtained":[{"floor":9.0,"key":"Sundial"},{"floor":10.0,"key":"Art of War"},{"floor":20.0,"key":"Necronomicon"}],"event_choices":[{"damage_healed":0.0,"max_hp_gain":0.0,"max_hp_loss":0.0,"gold_gain":0.0,"event_name":"Scrap Ooze","player_choice":"Success","floor":3.0,"gold_loss":0.0,"damage_taken":26.0,"relics_obtained":["Unceasing Top"]},{"damage_healed":0.0,"max_hp_gain":0.0,"max_hp_loss":0.0,"gold_gain":0.0,"event_name":"Living Wall","player_choice":"Grow","floor":4.0,"gold_loss":0.0,"damage_taken":0.0,"cards_upgraded":["A Thousand Cuts"]},{"damage_healed":0.0,"max_hp_gain":0.0,"max_hp_loss":0.0,"gold_gain":0.0,"event_name":"Lab","player_choice":"Got Potions","floor":7.0,"gold_loss":0.0,"damage_taken":0.0},{"damage_healed":0.0,"max_hp_gain":0.0,"max_hp_loss":7.0,"gold_gain":0.0,"event_name":"Golden Idol","player_choice":"Lose Max HP","floor":14.0,"gold_loss":0.0,"damage_taken":0.0,"relics_obtained":["Golden Idol"]},{"damage_healed":0.0,"max_hp_gain":0.0,"max_hp_loss":0.0,"gold_gain":0.0,"event_name":"Back to Basics","player_choice":"Simplicity","floor":19.0,"gold_loss":0.0,"damage_taken":0.0,"cards_upgraded":["Defend_G","Defend_G","Defend_G","Defend_G","Defend_G","Strike_G","Strike_G","Strike_G","Strike_G","Strike_G"]},{"damage_healed":0.0,"max_hp_gain":0.0,"max_hp_loss":0.0,"gold_gain":0.0,"event_name":"Cursed Tome","player_choice":"Obtained Book","floor":20.0,"gold_loss":0.0,"damage_taken":21.0}],"is_beta":false,"boss_relics":[{"not_picked":["Snecko Eye","Eternal Feather"],"picked":"Coffee Dripper"}],"items_purged_floors":[],"is_endless":false,"potions_floor_spawned":[1,5,13,22],"killed_by":"Slavers","ascension_level":19}