{"gold_per_floor":[110,185,203,203,203,242,222,222,222,222,72,97,62,82,82,171,171,189,114,130,130,78,78,117,117],"floor_reached":25,"playtime":1130,"items_purged":["Strike_R"],"score":434,"play_id":"d52040b5-1454-4d72-a0d0-da322c4ba3f6","local_time":"20190522171828","is_ascension_mode":true,"campfire_choices":[{"floor":8,"key":"REST"},{"data":"Whirlwind","floor":10,"key":"SMITH"},{"data":"Inflame","floor":15,"key":"SMITH"},{"data":"Demon Form","floor":23,"key":"SMITH"}],"neow_cost":"NONE","seed_source_timestamp":484579279494147,"circlet_count":0,"master_deck":["AscendersBane","Strike_R","Strike_R","Defend_R","Defend_R","Defend_R","Defend_R","Bash+1","Inflame+1","Whirlwind+1","Metallicize","Pummel","Demon Form+1","Battle Trance+1","Limit Break","Shrug It Off","Headbutt+1"],"relics":["Burning Blood","Golden Idol","PreservedInsect","Unceasing Top","Velvet Choker","Gambling Chip"],"potions_floor_usage":[14,16,24,25],"damage_taken":[{"damage":2,"enemies":"Jaw Worm","floor":1,"turns":3},{"damage":7,"enemies":"Small Slimes","floor":3,"turns":4},{"damage":45,"enemies":"3 Sentries","floor":6,"turns":7},{"damage":8,"enemies":"2 Louse","floor":12,"turns":2},{"damage":0,"enemies":"Lots of Slimes","floor":14,"turns":2},{"damage":38,"enemies":"Hexaghost","floor":16,"turns":9},{"damage":18,"enemies":"Spheric Guardian","floor":18,"turns":5},{"damage":15,"enemies":"Chosen","floor":20,"turns":5},{"damage":32,"enemies":"Slavers","floor":24,"turns":4},{"damage":10,"enemies":"Snecko","floor":25,"turns":2}],"seed_played":"-4110845026191942108","potions_obtained":[{"floor":1,"key":"Weak Potion"},{"floor":3,"key":"LiquidBronze"},{"floor":6,"key":"SpeedPotion"},{"floor":18,"key":"FearPotion"},{"floor":24,"key":"AttackPotion"}],"is_trial":false,"path_per_floor":["M","?","M","?","?","E","?","R","T","R","$","M","?","M","R","B",null,"M","?","M","?","$","R","E","M"],"character_chosen":"IRONCLAD","items_purchased":["Metallicize","Shrug It Off"],"campfire_rested":1,"item_purchase_floors":[11,22],"current_hp_per_floor":[72,61,60,53,53,14,14,34,34,34,34,32,49,55,55,23,57,45,45,36,36,36,36,10,0],"gold":117,"neow_bonus":"UPGRADE_CARD","is_prod":false,"is_daily":false,"chose_seed":false,"campfire_upgraded":3,"win_rate":0,"timestamp":1558559908,"path_taken":["M","?","M","?","?","E","?","R","T","R","$","?","?","M","R","BOSS","M","?","M","?","$","R","E","M"],"build_version":"2019-01-23","purchased_purges":1,"victory":false,"max_hp_per_floor":[75,75,75,75,68,68,68,68,68,68,68,68,68,68,68,68,68,68,68,68,68,68,68,68,68],"card_choices":[{"not_picked":["Headbutt","Shrug It Off"],"picked":"Inflame","floor":1},{"not_picked":["Clothesline","Ghostly Armor"],"picked":"Whirlwind","floor":3},{"not_picked":["Warcry","Bloodletting","Corruption"],"picked":"SKIP","floor":6},{"not_picked":["Hemokinesis","Armaments","Reckless Charge"],"picked":"SKIP","floor":12},{"not_picked":["Iron Wave","Pommel Strike"],"picked":"Pummel","floor":14},{"not_picked":["Offering","Bludgeon"],"picked":"Demon Form","floor":16},{"not_picked":["Flame Barrier","Perfected Strike"],"picked":"Battle Trance+1","floor":18},{"not_picked":["Anger","Armaments","Infernal Blade"],"picked":"SKIP","floor":20},{"not_picked":["Body Slam","Sword Boomerang"],"picked":"Headbutt+1","floor":24}],"player_experience":481209,"relics_obtained":[{"floor":6,"key":"PreservedInsect"},{"floor":9,"key":"Unceasing Top"},{"floor":24,"key":"Gambling Chip"}],"event_choices":[{"damage_healed":0,"gold_gain":75,"player_choice":"Gather Gold","damage_taken":11,"max_hp_gain":0,"max_hp_loss":0,"event_name":"World of Goop","floor":2,"gold_loss":0},{"cards_removed":["Strike_R"],"damage_healed":0,"gold_gain":0,"player_choice":"Card Removal","damage_taken":7,"max_hp_gain":0,"max_hp_loss":0,"event_name":"Golden Wing","floor":4,"gold_loss":0},{"damage_healed":0,"gold_gain":0,"player_choice":"Lose Max HP","damage_taken":0,"relics_obtained":["Golden Idol"],"max_hp_gain":0,"max_hp_loss":7,"event_name":"Golden Idol","floor":5,"gold_loss":0},{"damage_healed":0,"gold_gain":0,"player_choice":"Bought 1 Potion","damage_taken":0,"max_hp_gain":0,"max_hp_loss":0,"event_name":"The Woman in Blue","floor":7,"gold_loss":0},{"damage_healed":17,"gold_gain":0,"player_choice":"Healed","damage_taken":0,"max_hp_gain":0,"max_hp_loss":0,"event_name":"The Cleric","floor":13,"gold_loss":35},{"cards_removed":["Strike_R"],"damage_healed":0,"gold_gain":0,"player_choice":"Gave Gold","damage_taken":0,"max_hp_gain":0,"max_hp_loss":0,"event_name":"Beggar","floor":19,"gold_loss":75},{"damage_healed":0,"gold_gain":0,"player_choice":"1 cards matched","damage_taken":0,"max_hp_gain":0,"max_hp_loss":0,"event_name":"Match and Keep!","floor":21,"gold_loss":0,"cards_obtained":["Limit Break"]}],"is_beta":false,"boss_relics":[{"not_picked":["Calling Bell","Fusion Hammer"],"picked":"Velvet Choker"}],"items_purged_floors":[11],"is_endless":false,"potions_floor_spawned":[1,3,6,12,18,24],"killed_by":"Snecko","ascension_level":20}