{"gold_per_floor":[15,34,34,34,44,44,44,69,141,175,192,192,207,219,219,320,320,333,366,326,336,18,49,49,77,77,95,109,109,41,41,41,144,144,154,254,476,374,374,374,386,439,463,497,497,522,82,109,109,109],"floor_reached":51,"playtime":3677,"items_purged":["Strike_G","Strike_G","Strike_G+1","Strike_G+1"],"score":1014,"play_id":"00c9c203-752b-45ab-a094-55598225370b","local_time":"20190418100033","is_ascension_mode":true,"campfire_choices":[{"data":"Noxious Fumes","floor":6,"key":"SMITH"},{"floor":12,"key":"REST"},{"data":"Strike_G","floor":15,"key":"PURGE"},{"data":"Footwork","floor":24,"key":"SMITH"},{"data":"Dodge and Roll","floor":29,"key":"SMITH"},{"data":"Noxious Fumes","floor":32,"key":"SMITH"},{"data":"After Image","floor":40,"key":"SMITH"},{"data":"Neutralize","floor":45,"key":"SMITH"},{"floor":49,"key":"DIG"}],"neow_cost":"NO_GOLD","seed_source_timestamp":248506921533790,"circlet_count":0,"master_deck":["Defend_G","Defend_G+1","Defend_G","Defend_G","Defend_G","Survivor","Neutralize+1","Flying Knee","Noxious Fumes+1","Crippling Poison","Dodge and Roll+1","Blur","Predator+1","Acrobatics","Footwork+1","PiercingWail","Noxious Fumes+1","After Image+1","Footwork"],"relics":["Ring of the Snake","StoneCalendar","Pear","Potion Belt","Peace Pipe","Matryoshka","Snake Skull","Coffee Dripper","Red Mask","Membership Card","Oddly Smooth Stone","Gremlin Horn","Whetstone","Art of War","Darkstone Periapt","Busted Crown","Bird Faced Urn","Shovel","Juzu Bracelet","Ancient Tea Set","Letter Opener","Mercury Hourglass","Shuriken","Sundial","Smiling Mask","Calipers"],"potions_floor_usage":[10,13,14,21,21,23,23,23,25,50,50],"damage_taken":[{"damage":0,"enemies":"2 Louse","floor":1,"turns":3},{"damage":0,"enemies":"Jaw Worm","floor":2,"turns":4},{"damage":0,"enemies":"Cultist","floor":5,"turns":3},{"damage":25,"enemies":"Lagavulin","floor":8,"turns":7},{"damage":17,"enemies":"Gremlin Nob","floor":10,"turns":4},{"damage":4,"enemies":"Blue Slaver","floor":11,"turns":4},{"damage":6,"enemies":"Gremlin Gang","floor":13,"turns":3},{"damage":11,"enemies":"Exordium Thugs","floor":14,"turns":5},{"damage":8,"enemies":"Hexaghost","floor":16,"turns":8},{"damage":3,"enemies":"Shell Parasite","floor":18,"turns":6},{"damage":29,"enemies":"Masked Bandits","floor":19,"turns":4},{"damage":12,"enemies":"2 Thieves","floor":21,"turns":4},{"damage":19,"enemies":"Slavers","floor":23,"turns":6},{"damage":0,"enemies":"Gremlin Leader","floor":25,"turns":7},{"damage":0,"enemies":"Centurion and Healer","floor":27,"turns":7},{"damage":0,"enemies":"Cultist and Chosen","floor":28,"turns":7},{"damage":10,"enemies":"Collector","floor":33,"turns":9},{"damage":2,"enemies":"3 Darklings","floor":35,"turns":4},{"damage":0,"enemies":"Mind Bloom Boss Battle","floor":36,"turns":7},{"damage":0,"enemies":"Orb Walker","floor":41,"turns":5},{"damage":35,"enemies":"2 Orb Walkers","floor":42,"turns":7},{"damage":0,"enemies":"Nemesis","floor":44,"turns":9},{"damage":0,"enemies":"Giant Head","floor":46,"turns":9},{"damage":7,"enemies":"Nemesis","floor":48,"turns":7},{"damage":0,"enemies":"Awakened One","floor":50,"turns":14}],"seed_played":"-7802913185722604475","potions_obtained":[{"floor":2,"key":"Fire Potion"},{"floor":11,"key":"Poison Potion"},{"floor":13,"key":"Regen Potion"},{"floor":16,"key":"Ancient Potion"},{"floor":18,"key":"Weak Potion"},{"floor":20,"key":"Regen Potion"},{"floor":20,"key":"Strength Potion"},{"floor":20,"key":"SkillPotion"},{"floor":21,"key":"Swift Potion"},{"floor":23,"key":"AttackPotion"},{"floor":36,"key":"Fire Potion"},{"floor":41,"key":"LiquidBronze"}],"is_trial":false,"path_per_floor":["M","M","?","?","M","R","T","E","T","E","M","R","M","M","R","B",null,"M","?","?","M","$","E","R","E","T","M","M","R","$","?","R","B",null,"M","?","?","$","?","R","M","?","T","E","R","E","$","E","R","B",null],"character_chosen":"THE_SILENT","items_purchased":["Membership Card","Oddly Smooth Stone","Noxious Fumes","GhostInAJar","Footwork","Shuriken","GhostInAJar","Sundial","EssenceOfSteel"],"campfire_rested":1,"item_purchase_floors":[22,22,30,38,47,47,47,47,47],"current_hp_per_floor":[70,70,56,63,63,63,63,38,38,21,17,41,35,36,36,28,80,77,48,48,36,36,32,32,32,32,32,32,32,32,58,58,48,80,78,78,78,78,76,76,76,45,45,53,53,61,61,64,64,74],"gold":109,"neow_bonus":"ONE_RARE_RELIC","is_prod":false,"is_daily":false,"chose_seed":false,"campfire_upgraded":6,"win_rate":0,"timestamp":1555596033,"path_taken":["M","M","?","?","M","R","?","E","T","E","M","R","M","?","R","BOSS","M","?","?","?","$","E","R","E","T","M","M","R","?","?","R","BOSS","M","?","?","$","?","R","M","?","T","E","R","E","$","E","R","BOSS"],"build_version":"2019-01-23","purchased_purges":4,"victory":true,"max_hp_per_floor":[70,70,70,80,80,80,80,80,80,80,80,80,80,80,80,80,80,80,80,80,80,80,80,80,80,80,80,80,80,80,80,80,80,80,80,80,80,80,76,76,76,76,76,76,76,76,76,76,76,76],"card_choices":[{"not_picked":["Concentrate","Sucker Punch"],"picked":"Flying Knee","floor":1},{"not_picked":["Blade Dance","Bane"],"picked":"Noxious Fumes","floor":2},{"not_picked":["Blade Dance","Outmaneuver","Grand Finale"],"picked":"SKIP","floor":5},{"not_picked":["Skewer","Blur"],"picked":"Crippling Poison","floor":8},{"not_picked":["Deflect","Accuracy","Bane"],"picked":"SKIP","floor":10},{"not_picked":["Quick Slash","Finisher"],"picked":"Dodge and Roll","floor":11},{"not_picked":["Sucker Punch","Quick Slash"],"picked":"Blur","floor":13},{"not_picked":["Backstab","Deadly Poison"],"picked":"Predator","floor":14},{"not_picked":["Endless Agony","Tactician","Caltrops"],"picked":"SKIP","floor":18},{"not_picked":["Slice","Blade Dance"],"picked":"Acrobatics","floor":21},{"not_picked":["Underhanded Strike","Choke"],"picked":"Footwork","floor":23},{"not_picked":["Venomology","Endless Agony","Storm of Steel"],"picked":"SKIP","floor":25},{"not_picked":["Acrobatics","Heel Hook"],"picked":"PiercingWail","floor":27},{"not_picked":["PiercingWail","Sucker Punch","Heel Hook"],"picked":"SKIP","floor":28},{"not_picked":["A Thousand Cuts","Glass Knife"],"picked":"After Image","floor":33},{"not_picked":["Dash"],"picked":"SKIP","floor":35},{"not_picked":["Acrobatics+1"],"picked":"SKIP","floor":41},{"not_picked":["Distraction"],"picked":"SKIP","floor":44},{"not_picked":["All Out Attack"],"picked":"SKIP","floor":46},{"not_picked":["Caltrops"],"picked":"SKIP","floor":48}],"player_experience":197919,"relics_obtained":[{"floor":7,"key":"Potion Belt"},{"floor":8,"key":"Peace Pipe"},{"floor":9,"key":"Matryoshka"},{"floor":10,"key":"Snake Skull"},{"floor":19,"key":"Red Mask"},{"floor":23,"key":"Gremlin Horn"},{"floor":25,"key":"Whetstone"},{"floor":26,"key":"Art of War"},{"floor":26,"key":"Darkstone Periapt"},{"floor":36,"key":"Bird Faced Urn"},{"floor":42,"key":"Shovel"},{"floor":43,"key":"Juzu Bracelet"},{"floor":43,"key":"Ancient Tea Set"},{"floor":44,"key":"Letter Opener"},{"floor":46,"key":"Mercury Hourglass"},{"floor":48,"key":"Smiling Mask"},{"floor":49,"key":"Calipers"}],"event_choices":[{"damage_healed":0,"gold_gain":0,"player_choice":"Entered Light","damage_taken":14,"max_hp_gain":0,"max_hp_loss":0,"event_name":"Shining Light","floor":3,"gold_loss":0,"cards_upgraded":["Strike_G","Defend_G"]},{"damage_healed":0,"gold_gain":0,"player_choice":"Success","damage_taken":3,"relics_obtained":["Pear"],"max_hp_gain":0,"max_hp_loss":0,"event_name":"Scrap Ooze","floor":4,"gold_loss":0},{"damage_healed":0,"gold_gain":0,"player_choice":"Fought Bandits","damage_taken":0,"max_hp_gain":0,"max_hp_loss":0,"event_name":"Masked Bandits","floor":19,"gold_loss":0},{"damage_healed":0,"gold_gain":0,"player_choice":"Bought 3 Potions","damage_taken":0,"max_hp_gain":0,"max_hp_loss":0,"event_name":"The Woman in Blue","floor":20,"gold_loss":0},{"damage_healed":26,"gold_gain":0,"player_choice":"Heal","damage_taken":0,"max_hp_gain":0,"max_hp_loss":0,"event_name":"The Library","floor":31,"gold_loss":0},{"damage_healed":0,"gold_gain":0,"player_choice":"Fight","damage_taken":0,"max_hp_gain":0,"max_hp_loss":0,"event_name":"MindBloom","floor":36,"gold_loss":0},{"damage_healed":0,"gold_gain":222,"player_choice":"Wore Mask","damage_taken":0,"max_hp_gain":0,"max_hp_loss":0,"event_name":"Tomb of Lord Red Mask","floor":37,"gold_loss":0},{"damage_healed":0,"gold_gain":0,"player_choice":"Max HP","damage_taken":0,"max_hp_gain":0,"max_hp_loss":4,"event_name":"Winding Halls","floor":39,"gold_loss":0},{"damage_healed":0,"gold_gain":0,"player_choice":"Fight","damage_taken":0,"max_hp_gain":0,"max_hp_loss":0,"event_name":"Mysterious Sphere","floor":42,"gold_loss":0}],"is_beta":false,"boss_relics":[{"not_picked":["Pandora\u0027s Box","Orrery"],"picked":"Coffee Dripper"},{"not_picked":["Velvet Choker","WristBlade"],"picked":"Busted Crown"}],"items_purged_floors":[22,30,38,47],"is_endless":false,"potions_floor_spawned":[2,11,13,16,18,21,23,36,41,48],"ascension_level":2}