{"gold_per_floor":[109,109,34,54,65,65,99,99,99,125,138,138,168,184,184,262,262,278,278],"floor_reached":19,"playtime":910,"items_purged":["Decay"],"score":374,"play_id":"a6a541d8-2567-4329-9910-a02eab0e2aaf","local_time":"20190609175841","is_ascension_mode":true,"campfire_choices":[{"data":"Uppercut","floor":6,"key":"SMITH"},{"data":"Inflame","floor":8,"key":"SMITH"},{"floor":12,"key":"REST"},{"data":"Shrug It Off","floor":15,"key":"SMITH"}],"neow_cost":"NONE","seed_source_timestamp":955120469739791,"circlet_count":0,"master_deck":["AscendersBane","Strike_R","Strike_R+1","Strike_R","Strike_R","Strike_R","Defend_R","Defend_R","Defend_R","Defend_R","Bash+1","Inflame+1","Uppercut+1","Pummel","Burning Pact","Sword Boomerang","Shrug It Off+1","Corruption","Reaper","Flame Barrier"],"relics":["Burning Blood","Whetstone","Question Card","Red Skull","Bag of Preparation","Ancient Tea Set","Black Star"],"potions_floor_usage":[7,11,16,19],"damage_taken":[{"damage":4,"enemies":"Jaw Worm","floor":1,"turns":4},{"damage":7,"enemies":"Cultist","floor":4,"turns":4},{"damage":9,"enemies":"2 Louse","floor":5,"turns":4},{"damage":45,"enemies":"3 Sentries","floor":7,"turns":11},{"damage":10,"enemies":"Lagavulin","floor":10,"turns":7},{"damage":13,"enemies":"Exordium Thugs","floor":11,"turns":4},{"damage":6,"enemies":"Gremlin Nob","floor":13,"turns":3},{"damage":3,"enemies":"2 Fungi Beasts","floor":14,"turns":4},{"damage":26,"enemies":"Hexaghost","floor":16,"turns":7},{"damage":30,"enemies":"Spheric Guardian","floor":18,"turns":5},{"damage":54,"enemies":"Masked Bandits","floor":19,"turns":3}],"seed_played":"1690394907622431611","potions_obtained":[{"floor":1,"key":"Regen Potion"},{"floor":10,"key":"AttackPotion"},{"floor":13,"key":"SteroidPotion"},{"floor":18,"key":"Weak Potion"}],"is_trial":false,"path_per_floor":["M","?","$","M","M","R","E","R","T","E","M","R","E","M","R","B",null,"M","?"],"character_chosen":"IRONCLAD","items_purchased":[],"campfire_rested":1,"item_purchase_floors":[],"current_hp_per_floor":[70,70,70,69,66,66,42,42,42,38,31,53,53,56,56,36,65,48,0],"gold":278,"neow_bonus":"RANDOM_COMMON_RELIC","is_prod":false,"is_daily":false,"chose_seed":false,"campfire_upgraded":3,"win_rate":0,"timestamp":1560128321,"path_taken":["M","?","$","M","M","R","E","R","T","E","?","R","E","M","R","BOSS","M","?"],"build_version":"2019-06-07","purchased_purges":1,"victory":false,"max_hp_per_floor":[75,75,75,75,75,75,75,75,75,75,75,75,75,75,75,75,75,75,75],"card_choices":[{"not_picked":["Twin Strike","Clothesline"],"picked":"Inflame","floor":1},{"not_picked":["Blood for Blood","Flex"],"picked":"Uppercut","floor":4},{"not_picked":["Heavy Blade","Berserk","Warcry"],"picked":"SKIP","floor":5},{"not_picked":["Warcry","Headbutt"],"picked":"Pummel","floor":7},{"not_picked":["Infernal Blade","Iron Wave","Clothesline"],"picked":"Burning Pact","floor":10},{"not_picked":["Wild Strike","Dual Wield","Clothesline"],"picked":"Sword Boomerang","floor":11},{"not_picked":["Wild Strike","Reckless Charge","Carnage"],"picked":"Shrug It Off","floor":13},{"not_picked":["Shockwave","Combust","Evolve"],"picked":"Corruption","floor":14},{"not_picked":["Offering","Dark Embrace","Exhume"],"picked":"Reaper","floor":16},{"not_picked":["Clothesline","Shrug It Off","Corruption"],"picked":"Flame Barrier","floor":18}],"player_experience":1647185,"relics_obtained":[{"floor":7,"key":"Question Card"},{"floor":9,"key":"Red Skull"},{"floor":10,"key":"Bag of Preparation"},{"floor":13,"key":"Ancient Tea Set"}],"event_choices":[{"damage_healed":0,"gold_gain":0,"player_choice":"Cursed","damage_taken":0,"max_hp_gain":0,"max_hp_loss":0,"event_name":"Wheel of Change","floor":2,"gold_loss":0,"cards_obtained":["Decay"]},{"damage_healed":0,"gold_gain":0,"player_choice":"Fought Bandits","damage_taken":0,"max_hp_gain":0,"max_hp_loss":0,"event_name":"Masked Bandits","floor":19,"gold_loss":0}],"is_beta":true,"boss_relics":[{"not_picked":["Calling Bell","Runic Cube"],"picked":"Black Star"}],"items_purged_floors":[3],"is_endless":false,"potions_floor_spawned":[1,10,13,18],"killed_by":"Masked Bandits","ascension_level":20}