{"gold_per_floor":[111,123,123,37,56,85,85,101,101,64,64,82,82],"floor_reached":13,"playtime":1078,"items_purged":[],"score":106,"play_id":"3fd3cad7-2151-43a2-bfcf-78757822eb36","local_time":"20190609221937","is_ascension_mode":true,"campfire_choices":[{"floor":7,"key":"REST"},{"data":"Neutralize","floor":11,"key":"SMITH"}],"neow_cost":"NONE","seed_source_timestamp":893574646224073,"circlet_count":0,"master_deck":["Defend_G","Defend_G","Defend_G","Defend_G","Defend_G","Strike_G","Strike_G","Strike_G","Strike_G","Survivor","Neutralize+1","Escape Plan","Choke","Cloak And Dagger","Dodge and Roll","Blade Dance","Backflip","Calculated Gamble","PiercingWail"],"relics":["Ring of the Snake","Centennial Puzzle","Unceasing Top"],"potions_floor_usage":[13],"damage_taken":[{"damage":0,"enemies":"2 Louse","floor":1,"turns":3},{"damage":0,"enemies":"Cultist","floor":2,"turns":4},{"damage":0,"enemies":"Small Slimes","floor":5,"turns":3},{"damage":60,"enemies":"Lagavulin","floor":6,"turns":11},{"damage":3,"enemies":"3 Louse","floor":8,"turns":4},{"damage":2,"enemies":"Lots of Slimes","floor":12,"turns":6},{"damage":28,"enemies":"Gremlin Nob","floor":13,"turns":4}],"seed_played":"-4370344106385511002","potions_obtained":[{"floor":6,"key":"Block Potion"},{"floor":8,"key":"Energy Potion"}],"is_trial":false,"path_per_floor":["M","M","?","$","M","E","R","M","T","$","R","M","E"],"character_chosen":"THE_SILENT","items_purchased":["Choke","Cloak And Dagger","Calculated Gamble"],"campfire_rested":1,"item_purchase_floors":[4,4,10],"current_hp_per_floor":[70,70,70,70,70,10,31,28,28,28,28,26,0],"gold":82,"neow_bonus":"RANDOM_COMMON_RELIC","is_prod":false,"is_daily":false,"chose_seed":false,"campfire_upgraded":1,"win_rate":0,"timestamp":1560133177,"path_taken":["M","M","?","$","M","E","R","M","T","?","R","M","E"],"build_version":"2019-01-23","purchased_purges":0,"victory":false,"max_hp_per_floor":[70,70,70,70,70,70,70,70,70,70,70,70,70],"card_choices":[{"not_picked":["Prepared","Slice"],"picked":"Escape Plan","floor":1},{"not_picked":["Deadly Poison","Bane","Terror"],"picked":"SKIP","floor":2},{"not_picked":["Skewer","Poisoned Stab"],"picked":"Dodge and Roll","floor":5},{"not_picked":["Sucker Punch","Caltrops"],"picked":"Blade Dance","floor":6},{"not_picked":["Setup","Acrobatics"],"picked":"Backflip","floor":8},{"not_picked":["Flying Knee","Poisoned Stab"],"picked":"PiercingWail","floor":12}],"player_experience":446159,"relics_obtained":[{"floor":6,"key":"Unceasing Top"}],"event_choices":[{"cards_removed":["Strike_G"],"damage_healed":0,"gold_gain":0,"player_choice":"Purged","damage_taken":0,"max_hp_gain":0,"max_hp_loss":0,"event_name":"Purifier","floor":3,"gold_loss":0}],"is_beta":false,"boss_relics":[],"items_purged_floors":[],"is_endless":false,"potions_floor_spawned":[6,8],"killed_by":"Gremlin Nob","ascension_level":5}