{"gold_per_floor":[117,131,150,150,75,75,75,75,75,75,75,108,121,131,131,230,230,240,251,251,2,20,20,35,35,35,70,84,102,121,131,131,233,233,249,266,280,280,280,280,155,180,180,196,196,210,210,223,223,223,223,223,28,57,57],"floor_reached":56,"playtime":4347,"items_purged":["Regret","Defend_B","Defend_B"],"score":1604,"play_id":"39fcd27b-e76b-4d6f-a8e0-6df3748281b0","local_time":"20190519115042","is_ascension_mode":true,"campfire_choices":[{"data":"Zap","floor":6.0,"key":"SMITH"},{"data":"Ball Lightning","floor":8.0,"key":"SMITH"},{"floor":10.0,"key":"REST"},{"data":"Glacier","floor":15.0,"key":"SMITH"},{"data":"Seek","floor":23,"key":"SMITH"},{"floor":25,"key":"REST"},{"data":"Double Energy","floor":32,"key":"SMITH"},{"floor":40,"key":"RECALL"},{"data":"Dualcast","floor":45,"key":"SMITH"},{"data":"White Noise","floor":49,"key":"SMITH"},{"data":"Static Discharge","floor":52,"key":"SMITH"}],"neow_cost":"NONE","seed_source_timestamp":0,"circlet_count":0,"master_deck":["Strike_B+1","Defend_B","Defend_B","Zap+1","Dualcast+1","Gash+1","Gash","Gash","Glacier+1","Core Surge","Self Repair","Sweeping Beam","Seek+1","White Noise+1","Go for the Eyes+1","All For One","Double Energy+1","Static Discharge+1","Buffer+1","Chill","Capacitor+1","Sadistic Nature","Sadistic Nature","Good Instincts","Panache","Redo+1"],"special_seed":0,"relics":["Cracked Core","Emotion Chip","Symbiotic Virus","Whetstone","White Beast Statue","Mummified Hand","Unceasing Top","Lantern","Busted Crown","Ornamental Fan","Gremlin Horn"],"potions_floor_usage":[18,24,27,29,29,31,32,33,42,42,42,50,55,55],"damage_taken":[{"damage":5.0,"enemies":"2 Louse","floor":1.0,"turns":2.0},{"damage":4.0,"enemies":"Small Slimes","floor":2.0,"turns":4.0},{"damage":0.0,"enemies":"Cultist","floor":3.0,"turns":3.0},{"damage":10.0,"enemies":"Gremlin Nob","floor":12.0,"turns":3.0},{"damage":9.0,"enemies":"Red Slaver","floor":13.0,"turns":2.0},{"damage":2.0,"enemies":"Large Slime","floor":14.0,"turns":2.0},{"damage":0.0,"enemies":"Slime Boss","floor":16.0,"turns":8.0},{"damage":16,"enemies":"2 Thieves","floor":18,"turns":3},{"damage":18,"enemies":"3 Byrds","floor":19,"turns":6},{"damage":21,"enemies":"Centurion and Healer","floor":22,"turns":3},{"damage":19,"enemies":"Snake Plant","floor":24,"turns":3},{"damage":13,"enemies":"Book of Stabbing","floor":27,"turns":3},{"damage":3,"enemies":"Cultist and Chosen","floor":28,"turns":3},{"damage":0,"enemies":"Snecko","floor":29,"turns":2},{"damage":0,"enemies":"Shelled Parasite and Fungi","floor":30,"turns":2},{"damage":0,"enemies":"3 Cultists","floor":31,"turns":4},{"damage":8,"enemies":"Champ","floor":33,"turns":4},{"damage":0,"enemies":"3 Darklings","floor":35,"turns":3},{"damage":4,"enemies":"3 Shapes","floor":36,"turns":2},{"damage":0,"enemies":"Spire Growth","floor":37,"turns":4},{"damage":0,"enemies":"Nemesis","floor":42,"turns":3},{"damage":0,"enemies":"3 Darklings","floor":44,"turns":4},{"damage":0,"enemies":"Writhing Mass","floor":46,"turns":4},{"damage":0,"enemies":"Spire Growth","floor":48,"turns":3},{"damage":14,"enemies":"Awakened One","floor":50,"turns":11},{"damage":0,"enemies":"Shield and Spear","floor":54,"turns":3},{"damage":107,"enemies":"The Heart","floor":55,"turns":5}],"seed_played":"112623796282649982","potions_obtained":[{"floor":2.0,"key":"Block Potion"},{"floor":16.0,"key":"SpeedPotion"},{"floor":18,"key":"Ancient Potion"},{"floor":24,"key":"Energy Potion"},{"floor":27,"key":"AttackPotion"},{"floor":28,"key":"Energy Potion"},{"floor":29,"key":"Fire Potion"},{"floor":30,"key":"Explosive Potion"},{"floor":31,"key":"Fruit Juice"},{"floor":33,"key":"Strength Potion"},{"floor":35,"key":"EssenceOfSteel"},{"floor":36,"key":"Block Potion"},{"floor":37,"key":"FearPotion"},{"floor":42,"key":"Swift Potion"},{"floor":44,"key":"Ancient Potion"},{"floor":46,"key":"Strength Potion"},{"floor":48,"key":"FairyPotion"},{"floor":54,"key":"SteroidPotion"}],"is_trial":false,"path_per_floor":["M","M","M","?","$","R","?","R","T","R","?","E","M","M","R","B",null,"M","M","T","$","M","R","M","R","T","E","M","M","M","M","R","B",null,"M","M","M","?","?","R","$","E","T","M","R","M","?","M","R","B",null,"R","$","E","B",null],"character_chosen":"DEFECT","items_purchased":["Seek","Panache"],"campfire_rested":2,"item_purchase_floors":[21,53],"current_hp_per_floor":[63,59,59,59,59,59,52,52,52,74,74,64,55,53,53,53,70,54,43,43,43,29,29,17,39,39,33,37,44,51,58,63,62,76,80,80,80,80,70,70,70,77,77,80,80,80,80,80,80,73,78,78,78,80,15],"gold":57,"neow_bonus":"REMOVE_CARD","is_prod":false,"is_daily":false,"chose_seed":false,"campfire_upgraded":8,"win_rate":0,"timestamp":1558281042,"path_taken":["M","M","M","?","$","R","?","R","T","R","?","E","M","M","R","BOSS","M","M","?","$","M","R","?","R","T","E","M","M","M","M","R","BOSS","M","M","M","?","?","R","$","E","T","M","R","M","?","?","R","BOSS","R","$","E","BOSS"],"build_version":"2019-01-23","purchased_purges":3,"victory":true,"max_hp_per_floor":[75,75,75,75,75,75,75,75,75,75,75,75,75,75,75,75,75,75,75,75,75,75,75,75,75,75,75,75,75,75,75,80,80,80,80,80,80,80,80,80,80,80,80,80,80,80,80,80,80,80,80,80,80,80,80],"card_choices":[{"not_picked":["Cold Snap","Doom and Gloom"],"picked":"Gash","floor":1.0},{"not_picked":["Compile Driver","Streamline","Capacitor"],"picked":"SKIP","floor":2.0},{"not_picked":["Cold Snap","Beam Cell"],"picked":"Ball Lightning","floor":3.0},{"not_picked":["Reinforced Body","Machine Learning"],"picked":"Gash","floor":12.0},{"not_picked":["Hologram","Darkness"],"picked":"Gash","floor":13.0},{"not_picked":["Reprogram","Sunder"],"picked":"Glacier","floor":14.0},{"not_picked":["Reboot","Buffer"],"picked":"Core Surge","floor":16.0},{"not_picked":["Hello World","Loop"],"picked":"Self Repair","floor":18},{"not_picked":["Reprogram","Beam Cell"],"picked":"Sweeping Beam","floor":19},{"not_picked":["Hello World","Blizzard"],"picked":"White Noise","floor":22},{"not_picked":["Conserve Battery","Redo"],"picked":"Go for the Eyes+1","floor":24},{"not_picked":["Barrage","Reinforced Body"],"picked":"All For One","floor":27},{"not_picked":["Fusion","Cold Snap"],"picked":"Double Energy","floor":28},{"not_picked":["Consume+1","Leap","Barrage"],"picked":"SKIP","floor":29},{"not_picked":["Sunder+1","Ball Lightning+1"],"picked":"Static Discharge","floor":30},{"not_picked":["Darkness","Redo","Skim"],"picked":"SKIP","floor":31},{"not_picked":["Fission","Machine Learning"],"picked":"Buffer","floor":33},{"not_picked":["Doom and Gloom+1"],"picked":"SKIP","floor":35},{"not_picked":[],"picked":"Chill","floor":36},{"not_picked":[],"picked":"Capacitor+1","floor":37},{"not_picked":[],"picked":"Sadistic Nature","floor":39},{"not_picked":[],"picked":"Sadistic Nature","floor":39},{"not_picked":[],"picked":"Good Instincts","floor":39},{"not_picked":["Rebound"],"picked":"SKIP","floor":42},{"not_picked":["Skim"],"picked":"SKIP","floor":44},{"not_picked":["Genetic Algorithm+1"],"picked":"SKIP","floor":46},{"not_picked":["Tempest+1"],"picked":"SKIP","floor":48},{"not_picked":[],"picked":"Redo+1","floor":54}],"player_experience":347925,"relics_obtained":[{"floor":9.0,"key":"Symbiotic Virus"},{"floor":12.0,"key":"Whetstone"},{"floor":20,"key":"Mummified Hand"},{"floor":26,"key":"Unceasing Top"},{"floor":27,"key":"Lantern"},{"floor":42,"key":"Ornamental Fan"},{"floor":54,"key":"Gremlin Horn"}],"event_choices":[{"damage_healed":0.0,"max_hp_gain":0.0,"max_hp_loss":0.0,"gold_gain":0.0,"event_name":"Big Fish","player_choice":"Box","floor":4.0,"gold_loss":0.0,"damage_taken":0.0,"relics_obtained":["Emotion Chip"],"cards_obtained":["Regret"]},{"cards_removed":["Strike_B"],"damage_healed":0.0,"max_hp_gain":0.0,"max_hp_loss":0.0,"gold_gain":0.0,"event_name":"Golden Wing","player_choice":"Card Removal","floor":7.0,"gold_loss":0.0,"damage_taken":7.0},{"cards_removed":["Strike_B"],"damage_healed":0.0,"max_hp_gain":0.0,"max_hp_loss":0.0,"gold_gain":0.0,"event_name":"Bonfire Elementals","player_choice":"Offered Basic","floor":11.0,"gold_loss":0.0,"damage_taken":0.0},{"cards_removed":["Ball Lightning"],"damage_healed":0,"gold_gain":0,"player_choice":"Removed Attack","damage_taken":0,"max_hp_gain":0,"max_hp_loss":0,"event_name":"Falling","floor":38,"gold_loss":0},{"damage_healed":0,"gold_gain":0,"player_choice":"Memory 3","damage_taken":10,"max_hp_gain":0,"max_hp_loss":0,"event_name":"SensoryStone","floor":39,"gold_loss":0},{"damage_healed":0,"gold_gain":0,"player_choice":"Forge","damage_taken":0,"max_hp_gain":0,"max_hp_loss":0,"event_name":"Accursed Blacksmith","floor":47,"gold_loss":0,"cards_upgraded":["Buffer"]}],"is_beta":false,"boss_relics":[{"not_picked":["Lizard Tail","Ectoplasm"],"picked":"White Beast Statue"},{"not_picked":["Eternal Feather","Philosopher\u0027s Stone"],"picked":"Busted Crown"}],"items_purged_floors":[5,21,41],"is_endless":false,"potions_floor_spawned":[2,16,18,19,22,24,27,28,29,30,31,33,35,36,37,42,44,46,48,54],"ascension_level":7}