{"gold_per_floor":[111,111,127,146,166,184,197,54,54,67,80,80,115,130,130,231,231,242,211,211],"floor_reached":20,"playtime":1424,"items_purged":["Strike_B"],"score":282,"play_id":"5c1cb1c4-0a79-4651-ae6d-337af205cb53","local_time":"20190607232443","is_ascension_mode":true,"campfire_choices":[{"data":"Chill","floor":12,"key":"SMITH"},{"data":"Loop","floor":15,"key":"SMITH"}],"neow_cost":"TEN_PERCENT_HP_LOSS","seed_source_timestamp":844482320132450,"circlet_count":0,"master_deck":["AscendersBane","Strike_B","Strike_B","Strike_B","Defend_B","Defend_B","Defend_B","Defend_B","Zap","Dualcast","Buffer+1","Gash","FTL","Go for the Eyes","Chill+1","Coolheaded","Echo Form","Loop+1","Genetic Algorithm","FTL","Gash","Seek","Defragment","Coolheaded+1"],"relics":["Cracked Core","Strawberry","Coffee Dripper"],"potions_floor_usage":[5,7,13,14],"damage_taken":[{"damage":0,"enemies":"Small Slimes","floor":1,"turns":3},{"damage":0,"enemies":"Cultist","floor":3,"turns":4},{"damage":0,"enemies":"Jaw Worm","floor":4,"turns":3},{"damage":5,"enemies":"Gremlin Gang","floor":5,"turns":2},{"damage":14,"enemies":"Large Slime","floor":6,"turns":6},{"damage":0,"enemies":"Exordium Thugs","floor":7,"turns":6},{"damage":11,"enemies":"Looter","floor":10,"turns":4},{"damage":8,"enemies":"Red Slaver","floor":11,"turns":4},{"damage":2,"enemies":"Gremlin Nob","floor":13,"turns":5},{"damage":5,"enemies":"Exordium Thugs","floor":14,"turns":5},{"damage":14,"enemies":"Hexaghost","floor":16,"turns":9},{"damage":5,"enemies":"Chosen","floor":18,"turns":5},{"damage":28,"enemies":"2 Thieves","floor":19,"turns":5},{"damage":28,"enemies":"3 Cultists","floor":20,"turns":4}],"seed_played":"46257123431737845","potions_obtained":[{"floor":1,"key":"Strength Potion"},{"floor":3,"key":"Explosive Potion"},{"floor":6,"key":"Dexterity Potion"},{"floor":13,"key":"EssenceOfSteel"},{"floor":18,"key":"FearPotion"}],"is_trial":false,"path_per_floor":["M","?","M","M","M","M","M","$","T","M","M","R","E","M","R","B",null,"M","M","M"],"character_chosen":"DEFECT","items_purchased":["Loop"],"campfire_rested":0,"item_purchase_floors":[8],"current_hp_per_floor":[68,68,68,68,63,49,49,49,49,38,30,30,35,30,30,16,60,55,27,0],"gold":211,"neow_bonus":"THREE_RARE_CARDS","is_prod":false,"is_daily":false,"chose_seed":false,"campfire_upgraded":2,"win_rate":0,"timestamp":1559964283,"path_taken":["M","?","M","?","M","?","M","$","T","M","M","R","E","M","R","BOSS","M","M","M"],"build_version":"2019-01-23","purchased_purges":1,"victory":false,"max_hp_per_floor":[68,68,68,68,68,68,68,68,68,68,68,68,75,75,75,75,75,75,75,75],"card_choices":[{"not_picked":["Machine Learning","Multi-Cast"],"picked":"Buffer","floor":0},{"not_picked":["Doom and Gloom","Consume"],"picked":"Gash","floor":1},{"not_picked":["Skim","Redo"],"picked":"FTL","floor":3},{"not_picked":["Heatsinks","Melter"],"picked":"Go for the Eyes","floor":4},{"not_picked":["Chaos","Ball Lightning"],"picked":"Chill","floor":5},{"not_picked":["Steam Power","Stack"],"picked":"Coolheaded","floor":6},{"not_picked":["Compile Driver","Coolheaded"],"picked":"Echo Form","floor":7},{"not_picked":["Steam","Rebound"],"picked":"Genetic Algorithm","floor":10},{"not_picked":["Coolheaded","Heatsinks"],"picked":"FTL","floor":11},{"not_picked":["Leap","Streamline"],"picked":"Gash","floor":13},{"not_picked":["Melter","White Noise","Storm"],"picked":"SKIP","floor":14},{"not_picked":["Thunder Strike","Rainbow"],"picked":"Seek","floor":16},{"not_picked":["Conserve Battery","Heatsinks"],"picked":"Defragment","floor":18},{"not_picked":["Steam+1","Hologram+1"],"picked":"Coolheaded+1","floor":19}],"player_experience":412173,"relics_obtained":[{"floor":13,"key":"Strawberry"}],"event_choices":[{"damage_healed":0,"gold_gain":0,"player_choice":"Upgraded","damage_taken":0,"max_hp_gain":0,"max_hp_loss":0,"event_name":"Upgrade Shrine","floor":2,"gold_loss":0,"cards_upgraded":["Buffer"]}],"is_beta":false,"boss_relics":[{"not_picked":["Inserter","Ectoplasm"],"picked":"Coffee Dripper"}],"items_purged_floors":[8],"is_endless":false,"potions_floor_spawned":[1,3,6,13,18],"killed_by":"3 Cultists","ascension_level":11}