{"gold_per_floor":[115,125,142,154,174,174,187,217,217,217,249,296,314,331,331,331],"floor_reached":16,"playtime":536,"items_purged":[],"score":232,"play_id":"f0baa347-c992-4539-b7f0-6670992b38af","local_time":"20190607222313","is_ascension_mode":true,"campfire_choices":[{"data":"Armaments","floor":6,"key":"SMITH"},{"data":"Sword Boomerang","floor":10,"key":"SMITH"},{"data":"Cleave","floor":15,"key":"SMITH"}],"neow_cost":"NONE","seed_source_timestamp":135048304480100,"circlet_count":0,"master_deck":["AscendersBane","Strike_R","Strike_R","Strike_R","Strike_R","Strike_R","Defend_R","Defend_R","Defend_R","Defend_R","Bash+1","Cleave+1","Battle Trance","Sword Boomerang+1","Armaments+1","Carnage","Limit Break","Clothesline","Evolve"],"relics":["Burning Blood","Lantern","Sundial","Omamori","Anchor"],"potions_floor_usage":[5,16,16],"damage_taken":[{"damage":1,"enemies":"Cultist","floor":1,"turns":3},{"damage":7,"enemies":"2 Louse","floor":2,"turns":3},{"damage":5,"enemies":"Small Slimes","floor":3,"turns":3},{"damage":7,"enemies":"Gremlin Gang","floor":4,"turns":3},{"damage":23,"enemies":"Large Slime","floor":5,"turns":5},{"damage":15,"enemies":"3 Louse","floor":7,"turns":3},{"damage":27,"enemies":"3 Sentries","floor":8,"turns":6},{"damage":8,"enemies":"Gremlin Nob","floor":11,"turns":3},{"damage":4,"enemies":"Exordium Thugs","floor":13,"turns":5},{"damage":3,"enemies":"Large Slime","floor":14,"turns":4},{"damage":30,"enemies":"Hexaghost","floor":16,"turns":9}],"seed_played":"-6087264251550921336","potions_obtained":[{"floor":3,"key":"SteroidPotion"},{"floor":4,"key":"Fire Potion"},{"floor":8,"key":"EssenceOfSteel"}],"is_trial":false,"path_per_floor":["M","M","M","M","M","R","M","E","T","R","E","T","M","M","R","B"],"character_chosen":"IRONCLAD","items_purchased":[],"campfire_rested":0,"item_purchase_floors":[],"current_hp_per_floor":[73,72,73,72,55,55,46,25,25,25,23,23,25,28,28,0],"gold":331,"neow_bonus":"UPGRADE_CARD","is_prod":false,"is_daily":false,"chose_seed":false,"campfire_upgraded":3,"win_rate":0,"timestamp":1559938993,"path_taken":["M","M","M","M","M","R","M","E","T","R","E","?","M","M","R","BOSS"],"build_version":"2019-01-23","purchased_purges":0,"victory":false,"max_hp_per_floor":[75,75,75,75,75,75,75,75,75,75,75,75,75,75,75,75],"card_choices":[{"not_picked":["Sentinel","Headbutt"],"picked":"Cleave","floor":1},{"not_picked":["Pommel Strike","Metallicize"],"picked":"Battle Trance","floor":2},{"not_picked":["True Grit","Corruption"],"picked":"Sword Boomerang","floor":3},{"not_picked":["Clash","Sentinel","Entrench"],"picked":"SKIP","floor":4},{"not_picked":["Wild Strike","Seeing Red"],"picked":"Armaments","floor":5},{"not_picked":["Clothesline","Shrug It Off"],"picked":"Carnage","floor":7},{"not_picked":["Second Wind","Rampage"],"picked":"Limit Break","floor":8},{"not_picked":["Bloodletting","Clash","Berserk"],"picked":"SKIP","floor":11},{"not_picked":["Corruption","Rampage"],"picked":"Clothesline","floor":13},{"not_picked":["Sword Boomerang","Heavy Blade"],"picked":"Evolve","floor":14}],"player_experience":681897,"relics_obtained":[{"floor":8,"key":"Lantern"},{"floor":9,"key":"Sundial"},{"floor":11,"key":"Omamori"},{"floor":12,"key":"Anchor"}],"event_choices":[],"is_beta":false,"boss_relics":[],"items_purged_floors":[],"is_endless":false,"potions_floor_spawned":[3,4,8,11,14],"killed_by":"Hexaghost","ascension_level":20}