{"gold_per_floor":[16,26,38,38,50,50,79,93,93,93,112,125,9,73,73,171,221,239,239,257,103,120,120,120,120,120,145,145,160,160,178,178,178],"floor_reached":33,"playtime":1669,"items_purged":[],"score":269,"play_id":"084b5897-04d1-470a-953a-a736190c9ac1","local_time":"20190318210041","is_ascension_mode":false,"campfire_choices":[{"data":"Static Discharge","floor":6,"key":"SMITH"},{"floor":10,"key":"REST"},{"floor":15,"key":"REST"},{"floor":23,"key":"REST"},{"floor":28,"key":"REST"},{"data":"Storm","floor":30,"key":"SMITH"},{"floor":32,"key":"REST"}],"neow_cost":"NO_GOLD","seed_source_timestamp":64347052542131,"circlet_count":0,"master_deck":["Strike_B","Strike_B","Strike_B","Defend_B","Defend_B","Defend_B","Zap+1","Dualcast","Dark Shackles","Blind","Compile Driver","Cold Snap","Regret","Static Discharge+1","Reprogram","Stack","Redo","Self Repair","Sunder","Defragment","Sweeping Beam","Machine Learning","Heatsinks","Darkness","Lockon+1","Doom and Gloom","Cold Snap","Gash","Storm+1","Loop"],"relics":["Cracked Core","Blue Candle","WingedGreaves","Bottled Tornado","Darkstone Periapt","Tiny House","PreservedInsect","MutagenicStrength","Kunai","Centennial Puzzle"],"potions_floor_usage":[14,16,33,33,33],"damage_taken":[{"damage":5,"enemies":"Small Slimes","floor":1,"turns":3},{"damage":0,"enemies":"2 Louse","floor":2,"turns":2},{"damage":0,"enemies":"Cultist","floor":3,"turns":3},{"damage":14,"enemies":"Large Slime","floor":5,"turns":6},{"damage":23,"enemies":"Gremlin Nob","floor":7,"turns":4},{"damage":2,"enemies":"Blue Slaver","floor":8,"turns":4},{"damage":6,"enemies":"Looter","floor":11,"turns":3},{"damage":13,"enemies":"Lots of Slimes","floor":12,"turns":2},{"damage":9,"enemies":"Lagavulin Event","floor":14,"turns":6},{"damage":36,"enemies":"Hexaghost","floor":16,"turns":7},{"damage":20,"enemies":"Spheric Guardian","floor":18,"turns":4},{"damage":28,"enemies":"Shell Parasite","floor":20,"turns":4},{"damage":18,"enemies":"Shelled Parasite and Fungi","floor":22,"turns":4},{"damage":27,"enemies":"Slavers","floor":27,"turns":2},{"damage":18,"enemies":"3 Cultists","floor":29,"turns":3},{"damage":30,"enemies":"Snecko","floor":31,"turns":5},{"damage":48,"enemies":"Champ","floor":33,"turns":6}],"seed_played":"8133915265548377574","potions_obtained":[{"floor":2,"key":"Block Potion"},{"floor":8,"key":"SmokeBomb"},{"floor":12,"key":"SpeedPotion"},{"floor":14,"key":"EssenceOfSteel"},{"floor":17,"key":"GamblersBrew"},{"floor":29,"key":"Ancient Potion"}],"is_trial":false,"path_per_floor":["M","M","M","?","M","R","E","M","T","R","M","M","$","?","R","B",null,"M","?","M","$","M","R","?","?","T","E","R","M","R","M","R","B"],"character_chosen":"DEFECT","items_purchased":["Sunder","Defragment","PreservedInsect"],"campfire_rested":5,"item_purchase_floors":[13,13,21],"current_hp_per_floor":[70,70,70,70,56,56,33,31,31,53,47,34,34,32,54,25,80,67,67,46,46,35,59,59,59,59,32,56,38,38,15,39,0],"gold":178,"neow_bonus":"RANDOM_COLORLESS_2","is_prod":false,"is_daily":false,"chose_seed":false,"campfire_upgraded":2,"win_rate":0,"timestamp":1552957241,"path_taken":["M","M","M","?","M","R","E","M","T","R","M","M","$","?","R","BOSS","M","?","M","$","M","R","?","?","T","E","R","?","R","M","R","BOSS"],"build_version":"2019-01-23","purchased_purges":0,"victory":false,"max_hp_per_floor":[75,75,75,75,75,75,75,75,75,75,75,75,75,75,75,75,80,80,80,80,80,80,80,80,80,80,80,80,80,80,80,80,80],"card_choices":[{"not_picked":["Sweeping Beam","Darkness"],"picked":"Compile Driver","floor":1},{"not_picked":["Steam","Leap","BootSequence"],"picked":"SKIP","floor":2},{"not_picked":["Gash","Sunder"],"picked":"Cold Snap","floor":3},{"not_picked":["Rip and Tear","Conserve Battery"],"picked":"Static Discharge","floor":5},{"not_picked":["Coolheaded","Steam Power"],"picked":"Reprogram","floor":7},{"not_picked":["Reinforced Body","Leap"],"picked":"Stack","floor":8},{"not_picked":["Tempest","Leap"],"picked":"Redo","floor":11},{"not_picked":["Fusion","Glacier"],"picked":"Self Repair","floor":12},{"not_picked":["Beam Cell","Stack"],"picked":"Sweeping Beam","floor":14},{"not_picked":["Amplify","Core Surge"],"picked":"Machine Learning","floor":16},{"not_picked":["Force Field","Streamline"],"picked":"Heatsinks","floor":17},{"not_picked":["Rip and Tear","Beam Cell"],"picked":"Darkness","floor":18},{"not_picked":["Turbo","Beam Cell"],"picked":"Lockon+1","floor":20},{"not_picked":["Undo","Double Energy"],"picked":"Doom and Gloom","floor":22},{"not_picked":["Cold Snap","Go for the Eyes"],"picked":"Gash","floor":27},{"not_picked":["Creative AI","Melter+1"],"picked":"Storm","floor":29},{"not_picked":["Melter","Stack"],"picked":"Loop","floor":31}],"player_experience":44699,"relics_obtained":[{"floor":7,"key":"WingedGreaves"},{"floor":9,"key":"Bottled Tornado"},{"floor":26,"key":"Kunai"},{"floor":27,"key":"Centennial Puzzle"}],"event_choices":[{"damage_healed":0,"gold_gain":0,"player_choice":"Box","damage_taken":0,"relics_obtained":["Blue Candle"],"max_hp_gain":0,"max_hp_loss":0,"event_name":"Big Fish","floor":4,"gold_loss":0,"cards_obtained":["Regret"]},{"damage_healed":0,"gold_gain":0,"player_choice":"Searched \u00273\u0027 times","damage_taken":0,"relics_obtained":["Darkstone Periapt"],"max_hp_gain":0,"max_hp_loss":0,"event_name":"Dead Adventurer","floor":14,"gold_loss":0},{"cards_removed":["Defend_B"],"damage_healed":0,"gold_gain":0,"player_choice":"Elegance","damage_taken":0,"max_hp_gain":0,"max_hp_loss":0,"event_name":"Back to Basics","floor":19,"gold_loss":0},{"damage_healed":0,"gold_gain":0,"player_choice":"Inject Mutagens","damage_taken":0,"relics_obtained":["MutagenicStrength"],"max_hp_gain":0,"max_hp_loss":0,"event_name":"Drug Dealer","floor":24,"gold_loss":0},{"damage_healed":0,"gold_gain":0,"cards_transformed":["Strike_B"],"player_choice":"Transformed","damage_taken":0,"max_hp_gain":0,"max_hp_loss":0,"event_name":"Transmorgrifier","floor":25,"gold_loss":0,"cards_obtained":["Cold Snap"]}],"is_beta":false,"boss_relics":[{"not_picked":["Lizard Tail","Snecko Eye"],"picked":"Tiny House"}],"items_purged_floors":[],"is_endless":false,"potions_floor_spawned":[2,8,12,14,22,29],"killed_by":"Champ","ascension_level":0}