{"gold_per_floor":[117,33,47,122,11,11,11,37,37,47,47,60,91,101,101,198,248,261,261,261,69,86,86,116,147,147,147,147,147,166,197,197,295,295,314,332,378,157,177,177,205,215,295,295,307,319,334,354,354,354],"floor_reached":50,"playtime":6296,"items_purged":[],"score":617,"play_id":"285904d2-fe22-4c2b-8111-cc84742f859d","local_time":"20190609002427","is_ascension_mode":false,"campfire_choices":[{"data":"Double Energy","floor":6.0,"key":"SMITH"},{"floor":15.0,"key":"REST"},{"data":"Blizzard","floor":23.0,"key":"SMITH"},{"floor":27.0,"key":"REST"},{"floor":28.0,"key":"REST"},{"data":"Chill","floor":32.0,"key":"SMITH"},{"floor":40.0,"key":"REST"},{"data":"Buffer","floor":49,"key":"SMITH"}],"neow_cost":"NONE","seed_source_timestamp":0,"circlet_count":0,"master_deck":["Strike_B+1","Strike_B+1","Strike_B+1","Strike_B+1","Defend_B+1","Defend_B+1","Defend_B+1","Defend_B+1","Zap","Dualcast+1","Coolheaded","Blizzard+1","Coolheaded","Sweeping Beam+1","Self Repair+1","Double Energy+1","Fusion","Barrage","Glacier","Glacier","Genetic Algorithm","Seek","Chill+1","Glacier+1","Storm","Fission+1","Defragment+1","Cold Snap","Self Repair","Electrodynamics","Ball Lightning+1","Redo+1","Coolheaded+1","Buffer+1","Conserve Battery","Ball Lightning+1","Loop","Ball Lightning+1","Darkness+1","Redo+1","Self Repair+1"],"special_seed":0,"relics":["Cracked Core","NeowsBlessing","Blood Vial","Mango","WingedGreaves","Whetstone","Tiny House","Frozen Eye","Bag of Marbles","Art of War","War Paint","MutagenicStrength","Darkstone Periapt","White Beast Statue","Ginger","Vajra","Letter Opener","Dodecahedron"],"potions_floor_usage":[48,50,50],"damage_taken":[{"damage":0.0,"enemies":"Cultist","floor":1.0,"turns":1.0},{"damage":0.0,"enemies":"Jaw Worm","floor":3.0,"turns":1.0},{"damage":0.0,"enemies":"Gremlin Nob","floor":8.0,"turns":1.0},{"damage":0.0,"enemies":"2 Louse","floor":10.0,"turns":1.0},{"damage":9.0,"enemies":"Looter","floor":12.0,"turns":3.0},{"damage":13.0,"enemies":"Lagavulin","floor":13.0,"turns":10.0},{"damage":10.0,"enemies":"Exordium Wildlife","floor":14.0,"turns":6.0},{"damage":12.0,"enemies":"Slime Boss","floor":16.0,"turns":9.0},{"damage":14.0,"enemies":"Shell Parasite","floor":18.0,"turns":12.0},{"damage":9.0,"enemies":"2 Thieves","floor":22.0,"turns":5.0},{"damage":34.0,"enemies":"Slavers","floor":24.0,"turns":7.0},{"damage":51.0,"enemies":"Gremlin Leader","floor":25.0,"turns":9.0},{"damage":0.0,"enemies":"Shelled Parasite and Fungi","floor":30.0,"turns":7.0},{"damage":19.0,"enemies":"Slavers","floor":31.0,"turns":7.0},{"damage":41.0,"enemies":"Automaton","floor":33.0,"turns":14.0},{"damage":11.0,"enemies":"3 Darklings","floor":35.0,"turns":4.0},{"damage":0.0,"enemies":"3 Shapes","floor":36.0,"turns":4.0},{"damage":61.0,"enemies":"2 Orb Walkers","floor":37.0,"turns":7.0},{"damage":27.0,"enemies":"Maw","floor":39.0,"turns":10.0},{"damage":18.0,"enemies":"Nemesis","floor":41.0,"turns":9.0},{"damage":14,"enemies":"Spire Growth","floor":42,"turns":7},{"damage":0,"enemies":"Sphere and 2 Shapes","floor":45,"turns":4},{"damage":38,"enemies":"3 Darklings","floor":46,"turns":3},{"damage":6,"enemies":"Jaw Worm Horde","floor":47,"turns":4},{"damage":0,"enemies":"4 Shapes","floor":48,"turns":3},{"damage":92,"enemies":"Time Eater","floor":50,"turns":9}],"seed_played":"8288832159195773038","potions_obtained":[{"floor":1.0,"key":"SteroidPotion"},{"floor":13.0,"key":"PowerPotion"},{"floor":17.0,"key":"LiquidBronze"},{"floor":22.0,"key":"Block Potion"},{"floor":31.0,"key":"Weak Potion"},{"floor":33.0,"key":"FocusPotion"},{"floor":37.0,"key":"PowerPotion"},{"floor":42,"key":"Energy Potion"},{"floor":46,"key":"Swift Potion"},{"floor":48,"key":"Swift Potion"}],"is_trial":false,"path_per_floor":["M","$","M","?","$","R","?","E","T","M","?","M","E","M","R","B",null,"M","$","?","$","M","R","E","E","T","R","R","?","M","E","R","B",null,"M","M","?","$","M","R","E","M","T","?","M","M","M","M","R","B"],"character_chosen":"DEFECT","items_purchased":["Blizzard","Coolheaded","Self Repair","Double Energy","Frozen Eye","Buffer","Vajra"],"campfire_rested":4,"item_purchase_floors":[2,2,5,5,21,38,38],"current_hp_per_floor":[75,75,75,64,64,64,69,69,83,85,67,67,63,55,83,80,99,95,95,95,95,88,88,66,27,27,56,85,85,97,90,90,68,99,99,99,45,45,37,66,67,72,72,72,91,62,75,84,84,0],"gold":354,"neow_bonus":"THREE_ENEMY_KILL","is_prod":false,"is_daily":false,"chose_seed":false,"campfire_upgraded":4,"win_rate":0.0,"timestamp":1560057867,"path_taken":["M","$","?","?","$","R","?","E","T","M","?","M","E","M","R","BOSS","M","$","?","$","M","R","E","E","T","R","R","?","M","E","R","BOSS","M","M","?","$","M","R","E","M","T","?","M","M","M","M","R","BOSS"],"build_version":"2019-01-23","purchased_purges":0,"victory":false,"max_hp_per_floor":[75,75,75,75,75,75,80,80,94,94,94,94,94,94,94,94,99,99,99,99,99,99,99,99,99,99,99,99,99,99,99,99,99,99,99,99,99,99,99,99,99,99,99,99,99,99,99,99,99,99],"card_choices":[{"not_picked":["Hologram","Leap"],"picked":"Coolheaded","floor":1.0},{"not_picked":["Beam Cell","Go for the Eyes"],"picked":"Sweeping Beam","floor":3.0},{"not_picked":["Gash","White Noise"],"picked":"Fusion","floor":8.0},{"not_picked":["Fusion","Leap"],"picked":"Barrage","floor":10.0},{"not_picked":["Coolheaded","Self Repair"],"picked":"Glacier","floor":12.0},{"not_picked":["Chaos","Hologram"],"picked":"Glacier","floor":13.0},{"not_picked":["Go for the Eyes","Double Energy"],"picked":"Genetic Algorithm","floor":14.0},{"not_picked":["Buffer","Biased Cognition"],"picked":"Seek","floor":16.0},{"not_picked":["Genetic Algorithm","Leap"],"picked":"Chill","floor":17.0},{"not_picked":["Melter","Cold Snap"],"picked":"Glacier+1","floor":18.0},{"not_picked":["Stack","Cold Snap"],"picked":"Storm","floor":22.0},{"not_picked":["FTL","Steam"],"picked":"Fission","floor":24.0},{"not_picked":["Stack","Sweeping Beam"],"picked":"Defragment+1","floor":25.0},{"not_picked":["Redo","Steam"],"picked":"Cold Snap","floor":30.0},{"not_picked":["Leap","Reinforced Body+1"],"picked":"Self Repair","floor":31.0},{"not_picked":["All For One","Thunder Strike"],"picked":"Electrodynamics","floor":33.0},{"not_picked":["Steam+1","Reprogram"],"picked":"Ball Lightning+1","floor":35.0},{"not_picked":["Coolheaded","Ball Lightning"],"picked":"Redo+1","floor":36.0},{"not_picked":["Compile Driver","Sweeping Beam"],"picked":"Coolheaded+1","floor":37.0},{"not_picked":["Compile Driver","Streamline"],"picked":"Conserve Battery","floor":39.0},{"not_picked":["Melter","Barrage+1"],"picked":"Ball Lightning+1","floor":41.0},{"not_picked":["Heatsinks","Scrape"],"picked":"Loop","floor":42},{"not_picked":["Double Energy+1","Coolheaded"],"picked":"Ball Lightning+1","floor":45},{"not_picked":["Go for the Eyes+1","Coolheaded"],"picked":"Darkness+1","floor":46},{"not_picked":["Steam+1","Leap"],"picked":"Redo+1","floor":47},{"not_picked":["Creative AI","Gash+1"],"picked":"Self Repair+1","floor":48}],"player_experience":48635,"relics_obtained":[{"floor":8.0,"key":"Blood Vial"},{"floor":9.0,"key":"Mango"},{"floor":13.0,"key":"Whetstone"},{"floor":24.0,"key":"Bag of Marbles"},{"floor":25.0,"key":"Art of War"},{"floor":26.0,"key":"War Paint"},{"floor":31.0,"key":"Darkstone Periapt"},{"floor":37.0,"key":"Ginger"},{"floor":41.0,"key":"Letter Opener"},{"floor":43,"key":"Dodecahedron"}],"event_choices":[{"damage_healed":0.0,"max_hp_gain":0.0,"max_hp_loss":0.0,"gold_gain":75.0,"event_name":"World of Goop","player_choice":"Gather Gold","floor":4.0,"gold_loss":0.0,"damage_taken":11.0},{"damage_healed":0.0,"max_hp_gain":5.0,"max_hp_loss":0.0,"gold_gain":0.0,"event_name":"Big Fish","player_choice":"Donut","floor":7.0,"gold_loss":0.0,"damage_taken":0.0},{"damage_healed":0.0,"max_hp_gain":0.0,"max_hp_loss":0.0,"gold_gain":0.0,"event_name":"Scrap Ooze","player_choice":"Success","floor":11.0,"gold_loss":0.0,"damage_taken":18.0,"relics_obtained":["WingedGreaves"]},{"damage_healed":0.0,"max_hp_gain":0.0,"max_hp_loss":0.0,"gold_gain":0.0,"event_name":"Back to Basics","player_choice":"Simplicity","floor":20.0,"gold_loss":0.0,"damage_taken":0.0,"cards_upgraded":["Strike_B","Strike_B","Strike_B","Defend_B","Defend_B","Defend_B","Defend_B"]},{"damage_healed":0.0,"max_hp_gain":0.0,"max_hp_loss":0.0,"gold_gain":0.0,"event_name":"Drug Dealer","player_choice":"Inject Mutagens","floor":29.0,"gold_loss":0.0,"damage_taken":0.0,"relics_obtained":["MutagenicStrength"]},{"damage_healed":0.0,"max_hp_gain":0.0,"max_hp_loss":0.0,"gold_gain":0.0,"event_name":"Mysterious Sphere","player_choice":"Fight","floor":37.0,"gold_loss":0.0,"damage_taken":0.0},{"damage_healed":0,"gold_gain":0,"player_choice":"Ignored","damage_taken":0,"max_hp_gain":0,"max_hp_loss":0,"event_name":"Tomb of Lord Red Mask","floor":44,"gold_loss":0}],"is_beta":false,"boss_relics":[{"not_picked":["Eternal Feather","Busted Crown"],"picked":"Tiny House"},{"not_picked":["Empty Cage","Snecko Eye"],"picked":"White Beast Statue"}],"items_purged_floors":[],"is_endless":false,"potions_floor_spawned":[1,13,22,24,31,33,35,36,37,39,41,42,45,46,47,48],"killed_by":"Time Eater","ascension_level":0}