{"gold_per_floor":[111,111,111,136,13,31,31,31,31,31,52,67,80,104,104,228,228,248,266,281,302,302,302,322,322,349,362,376,20,119,142,142,271,271,285,308,308,17,17],"floor_reached":39,"playtime":2535,"items_purged":[],"score":429,"play_id":"04bb3f60-72a5-4034-b64c-49c83c2b95a5","local_time":"20190602053027","is_ascension_mode":false,"campfire_choices":[{"floor":8,"key":"REST"},{"floor":10,"key":"REST"},{"floor":15,"key":"REST"},{"floor":23,"key":"REST"},{"floor":25,"key":"REST"},{"floor":32,"key":"REST"}],"neow_cost":"NONE","seed_source_timestamp":33446115262538,"circlet_count":0,"master_deck":["Defend_G","Defend_G","Defend_G","Strike_G","Strike_G","Strike_G+1","Survivor","Neutralize+1","Cloak And Dagger","Dagger Spray","Noxious Fumes","Poisoned Stab+1","Deadly Poison","Poisoned Stab+1","Accuracy","Die Die Die+1","Cloak And Dagger","Glass Knife+1","After Image+1","Skewer+1","Blade Dance+1","Bane+1","PiercingWail","Deadly Poison+1","Infinite Blades","Quick Slash+1","Cloak And Dagger+1","Leg Sweep","Accuracy","Cloak And Dagger","Cloak And Dagger","Die Die Die+1","Deflect","Outmaneuver+1","Cloak And Dagger"],"relics":["Ring of the Snake","Golden Idol","Boot","Molten Egg 2","Astrolabe","Centennial Puzzle","Ninja Scroll","Eternal Feather","Membership Card","Regal Pillow"],"potions_floor_usage":[16,27,33,33,33,39],"damage_taken":[{"damage":2,"enemies":"Small Slimes","floor":1,"turns":4},{"damage":0,"enemies":"Jaw Worm","floor":4,"turns":3},{"damage":0,"enemies":"Cultist","floor":6,"turns":4},{"damage":0,"enemies":"2 Fungi Beasts","floor":11,"turns":3},{"damage":0,"enemies":"Looter","floor":12,"turns":3},{"damage":10,"enemies":"Large Slime","floor":13,"turns":4},{"damage":12,"enemies":"Blue Slaver","floor":14,"turns":2},{"damage":54,"enemies":"The Guardian","floor":16,"turns":10},{"damage":11,"enemies":"Spheric Guardian","floor":18,"turns":5},{"damage":1,"enemies":"3 Byrds","floor":19,"turns":4},{"damage":29,"enemies":"Centurion and Healer","floor":20,"turns":4},{"damage":9,"enemies":"Snecko","floor":21,"turns":5},{"damage":19,"enemies":"Cultist and Chosen","floor":24,"turns":6},{"damage":12,"enemies":"3 Cultists","floor":27,"turns":4},{"damage":8,"enemies":"Snake Plant","floor":28,"turns":4},{"damage":10,"enemies":"Shelled Parasite and Fungi","floor":31,"turns":3},{"damage":31,"enemies":"Champ","floor":33,"turns":10},{"damage":22,"enemies":"3 Darklings","floor":35,"turns":6},{"damage":7,"enemies":"3 Shapes","floor":36,"turns":3},{"damage":42,"enemies":"2 Orb Walkers","floor":39,"turns":4}],"seed_played":"3078926694523155976","potions_obtained":[{"floor":4,"key":"AttackPotion"},{"floor":6,"key":"Swift Potion"},{"floor":11,"key":"SteroidPotion"},{"floor":19,"key":"LiquidBronze"},{"floor":21,"key":"Strength Potion"},{"floor":27,"key":"Dexterity Potion"},{"floor":35,"key":"Poison Potion"}],"is_trial":false,"path_per_floor":["M","?","?","M","$","M","?","R","T","R","M","M","M","M","R","B",null,"M","M","M","M","?","R","M","R","T","M","M","$","?","M","R","B",null,"M","M","?","$","?"],"character_chosen":"THE_SILENT","items_purchased":["Noxious Fumes","Poisoned Stab","Accuracy","Ninja Scroll","Cloak And Dagger","Membership Card","Regal Pillow","Cloak And Dagger"],"campfire_rested":6,"item_purchase_floors":[5,5,29,29,29,38,38,38],"current_hp_per_floor":[68,51,39,39,39,39,25,46,46,67,67,67,57,45,66,12,70,59,58,29,20,20,41,22,43,43,31,23,23,23,13,34,3,70,48,41,41,41,0],"gold":17,"neow_bonus":"UPGRADE_CARD","is_prod":false,"is_daily":false,"chose_seed":false,"campfire_upgraded":0,"win_rate":0.0,"timestamp":1559471427,"path_taken":["M","?","?","M","$","M","?","R","T","R","?","M","M","M","R","BOSS","M","M","M","M","?","R","M","R","T","?","M","$","?","M","R","BOSS","M","M","?","$","?"],"build_version":"2019-01-23","purchased_purges":0,"victory":false,"max_hp_per_floor":[70,70,70,70,70,70,70,70,70,70,70,70,70,70,70,70,70,70,70,70,70,70,70,70,70,70,70,70,70,70,70,70,70,70,70,70,70,70,70],"card_choices":[{"not_picked":["Blade Dance","Dagger Spray"],"picked":"Cloak And Dagger","floor":1},{"not_picked":["Bane","Endless Agony"],"picked":"Dagger Spray","floor":4},{"not_picked":["Dodge and Roll","Terror"],"picked":"Deadly Poison","floor":6},{"not_picked":["PiercingWail","Bouncing Flask"],"picked":"Poisoned Stab+1","floor":11},{"not_picked":["Bouncing Flask","Flying Knee+1"],"picked":"Accuracy","floor":12},{"not_picked":["Calculated Gamble","Backflip"],"picked":"Die Die Die+1","floor":13},{"not_picked":["PiercingWail","Deadly Poison"],"picked":"Cloak And Dagger","floor":14},{"not_picked":["After Image","Wraith Form v2"],"picked":"Glass Knife+1","floor":16},{"not_picked":["Predator+1","Caltrops"],"picked":"Bane+1","floor":18},{"not_picked":["Masterful Stab+1","Deadly Poison"],"picked":"PiercingWail","floor":19},{"not_picked":["Dodge and Roll","Acrobatics"],"picked":"Deadly Poison+1","floor":20},{"not_picked":["Finisher+1","Dodge and Roll"],"picked":"Infinite Blades","floor":21},{"not_picked":["Dodge and Roll+1","Blur"],"picked":"Quick Slash+1","floor":24},{"not_picked":["Crippling Poison","Heel Hook+1"],"picked":"Cloak And Dagger+1","floor":27},{"not_picked":["Glass Knife+1","All Out Attack+1"],"picked":"Leg Sweep","floor":28},{"not_picked":["Endless Agony+1","Poisoned Stab+1"],"picked":"Cloak And Dagger","floor":31},{"not_picked":["Burst","Venomology"],"picked":"Die Die Die+1","floor":33},{"not_picked":["Sucker Punch+1","Calculated Gamble"],"picked":"Deflect","floor":35},{"not_picked":["PiercingWail","Underhanded Strike+1"],"picked":"Outmaneuver+1","floor":36}],"player_experience":30653,"relics_obtained":[{"floor":9,"key":"Molten Egg 2"},{"floor":26,"key":"Centennial Puzzle"}],"event_choices":[{"damage_healed":0,"gold_gain":0,"player_choice":"Take Damage","damage_taken":17,"relics_obtained":["Golden Idol"],"max_hp_gain":0,"max_hp_loss":0,"event_name":"Golden Idol","floor":2,"gold_loss":0},{"damage_healed":0,"gold_gain":0,"player_choice":"Success","damage_taken":12,"relics_obtained":["Boot"],"max_hp_gain":0,"max_hp_loss":0,"event_name":"Scrap Ooze","floor":3,"gold_loss":0},{"damage_healed":0,"gold_gain":0,"player_choice":"Entered Light","damage_taken":14,"max_hp_gain":0,"max_hp_loss":0,"event_name":"Shining Light","floor":7,"gold_loss":0,"cards_upgraded":["Strike_G","Poisoned Stab"]},{"damage_healed":0,"gold_gain":0,"player_choice":"Ignored","damage_taken":0,"max_hp_gain":0,"max_hp_loss":0,"event_name":"NoteForYourself","floor":22,"gold_loss":0},{"damage_healed":0,"gold_gain":99,"player_choice":"Stole From Cult","damage_taken":0,"max_hp_gain":0,"max_hp_loss":0,"event_name":"Nest","floor":30,"gold_loss":0},{"cards_removed":["Strike_G"],"damage_healed":0,"gold_gain":0,"player_choice":"Removed Attack","damage_taken":0,"max_hp_gain":0,"max_hp_loss":0,"event_name":"Falling","floor":37,"gold_loss":0},{"damage_healed":0,"gold_gain":0,"player_choice":"Fight","damage_taken":0,"max_hp_gain":0,"max_hp_loss":0,"event_name":"Mysterious Sphere","floor":39,"gold_loss":0}],"is_beta":false,"boss_relics":[{"not_picked":["Ectoplasm","Runic Dome"],"picked":"Astrolabe"},{"not_picked":["Busted Crown","White Beast Statue"],"picked":"Eternal Feather"}],"items_purged_floors":[],"is_endless":false,"potions_floor_spawned":[4,6,11,13,19,20,21,27,35],"killed_by":"2 Orb Walkers","ascension_level":0}