{"gold_per_floor":[361,381,42,117,135,135,35,35,35,47,66,77,133,145,145,245,245,258,277,302,109,125,159,9,41,41,60,60,72,72,372,372,468,468,482,129,144,144,107,107,142,142,217,243,269,281,293,305,317,329,341,353,19,44,44],"floor_reached":56,"playtime":8822,"items_purged":["Normality","Strike_B","Strike_B","Strike_B","Defend_B"],"score":1623,"play_id":"330afd04-3f4f-4719-bce2-5bf879791b2d","local_time":"20190520190407","is_ascension_mode":true,"campfire_choices":[{"data":"Zap","floor":6.0,"key":"SMITH"},{"data":"Seek","floor":8.0,"key":"SMITH"},{"floor":15.0,"key":"REST"},{"floor":28.0,"key":"REST"},{"floor":32.0,"key":"REST"},{"floor":40.0,"key":"RECALL"},{"floor":42.0,"key":"REST"},{"floor":46.0,"key":"REST"},{"floor":49.0,"key":"REST"},{"floor":52,"key":"REST"}],"neow_cost":"CURSE","seed_source_timestamp":0,"circlet_count":0,"master_deck":["Defend_B","Zap+1","Dualcast","Conserve Battery","Skim","Master of Strategy","Genetic Algorithm","Seek+1","Turbo","Coolheaded","White Noise","Machine Learning","Undo+1","Turbo","Reprogram","Self Repair","Double Energy","Coolheaded","Steam Power","Creative AI","Aggregate+1","Melter+1","Amplify+1","Capacitor","Defragment","Steam Power","Coolheaded","Capacitor","Impatience","Bandage Up","Storm","White Noise","Stack+1","Recycle+1","Stack+1"],"special_seed":0,"relics":["Cracked Core","Dead Branch","Tiny Chest","Fusion Hammer","Red Mask","Pear","Question Card","Old Coin","Astrolabe","Oddly Smooth Stone","Bottled Flame","MawBank","Bottled Lightning","Runic Capacitor","Lantern","DataDisk"],"potions_floor_usage":[54,55],"damage_taken":[{"damage":6.0,"enemies":"2 Louse","floor":1.0,"turns":2.0},{"damage":6.0,"enemies":"Cultist","floor":2.0,"turns":4.0},{"damage":10.0,"enemies":"Small Slimes","floor":5.0,"turns":5.0},{"damage":0.0,"enemies":"Looter","floor":10.0,"turns":4.0},{"damage":0.0,"enemies":"Blue Slaver","floor":11.0,"turns":2.0},{"damage":0.0,"enemies":"Exordium Wildlife","floor":12.0,"turns":2.0},{"damage":20.0,"enemies":"Lagavulin","floor":13.0,"turns":8.0},{"damage":0.0,"enemies":"Gremlin Gang","floor":14.0,"turns":3.0},{"damage":9.0,"enemies":"The Guardian","floor":16.0,"turns":8.0},{"damage":0.0,"enemies":"Spheric Guardian","floor":18.0,"turns":3.0},{"damage":1.0,"enemies":"3 Byrds","floor":19.0,"turns":4.0},{"damage":2.0,"enemies":"Masked Bandits","floor":20.0,"turns":3.0},{"damage":1.0,"enemies":"Snake Plant","floor":22.0,"turns":6.0},{"damage":14.0,"enemies":"Slavers","floor":23.0,"turns":6.0},{"damage":32.0,"enemies":"Gremlin Leader","floor":25.0,"turns":7.0},{"damage":4.0,"enemies":"3 Cultists","floor":27.0,"turns":4.0},{"damage":5.0,"enemies":"Centurion and Healer","floor":29.0,"turns":7.0},{"damage":82.0,"enemies":"Collector","floor":33.0,"turns":23.0},{"damage":19.0,"enemies":"3 Shapes","floor":35.0,"turns":4.0},{"damage":8.0,"enemies":"3 Darklings","floor":37.0,"turns":5.0},{"damage":44.0,"enemies":"Nemesis","floor":41.0,"turns":7.0},{"damage":16.0,"enemies":"Reptomancer","floor":44.0,"turns":5.0},{"damage":19.0,"enemies":"4 Shapes","floor":45.0,"turns":5.0},{"damage":59.0,"enemies":"Time Eater","floor":50.0,"turns":10.0},{"damage":10,"enemies":"Shield and Spear","floor":54,"turns":4},{"damage":47,"enemies":"The Heart","floor":55,"turns":8}],"seed_played":"-8088961722096701077","potions_obtained":[{"floor":2.0,"key":"Block Potion"},{"floor":11.0,"key":"Energy Potion"},{"floor":12.0,"key":"Strength Potion"},{"floor":14.0,"key":"Explosive Potion"},{"floor":16.0,"key":"Block Potion"},{"floor":19.0,"key":"Poison Potion"},{"floor":25.0,"key":"SkillPotion"},{"floor":29.0,"key":"Swift Potion"},{"floor":35.0,"key":"Strength Potion"},{"floor":37.0,"key":"FocusPotion"},{"floor":45.0,"key":"Fire Potion"}],"is_trial":false,"path_per_floor":["M","M","$","?","M","R","$","R","T","M","M","M","E","M","R","B",null,"M","M","?","$","M","E","$","E","T","M","R","M","?","T","R","B",null,"M","$","M","?","$","R","E","R","T","E","M","R","?","T","R","B",null,"R","$","E","B",null],"character_chosen":"DEFECT","items_purchased":["Master of Strategy","Genetic Algorithm","Self Repair","Defragment","Steam Power","Coolheaded","Storm","Runic Capacitor","Lantern"],"campfire_rested":7,"item_purchase_floors":[3,3,21,36,36,36,39,53,53],"current_hp_per_floor":[62,56,56,49,39,39,39,39,39,39,39,39,19,19,41,32,64,64,63,61,61,67,70,70,45,45,48,73,75,59,59,86,11,70,65,65,64,54,54,54,25,52,52,47,46,73,73,73,85,44,75,85,85,82,46],"gold":44,"neow_bonus":"TWO_FIFTY_GOLD","is_prod":false,"is_daily":false,"chose_seed":false,"campfire_upgraded":2,"win_rate":0,"timestamp":1558393447,"path_taken":["M","M","$","?","M","R","$","R","T","M","M","M","E","?","R","BOSS","M","M","?","$","M","E","$","E","T","M","R","M","?","?","R","BOSS","M","$","M","?","$","R","E","R","T","E","M","R","?","?","R","BOSS","R","$","E","BOSS"],"build_version":"2019-01-23","purchased_purges":5,"victory":true,"max_hp_per_floor":[75,75,75,75,75,75,75,75,75,75,75,75,75,75,75,75,75,75,75,75,75,75,85,85,85,85,85,85,85,90,90,90,90,90,90,90,90,90,90,90,90,90,90,90,90,90,85,85,85,85,85,85,85,85,85],"card_choices":[{"not_picked":["Rebound","BootSequence"],"picked":"Conserve Battery","floor":1.0},{"not_picked":["Melter","Stack"],"picked":"Skim","floor":2.0},{"not_picked":["Cold Snap","White Noise"],"picked":"Seek","floor":5.0},{"not_picked":["Glacier","Chill"],"picked":"Turbo","floor":10.0},{"not_picked":["Compile Driver","Beam Cell"],"picked":"Coolheaded","floor":11.0},{"not_picked":["Sweeping Beam","Barrage","Doom and Gloom"],"picked":"SKIP","floor":12.0},{"not_picked":["Leap","Glacier","Aggregate"],"picked":"SKIP","floor":13.0},{"not_picked":["Redo","Lockon"],"picked":"White Noise","floor":14.0},{"not_picked":["Rainbow","All For One"],"picked":"Machine Learning","floor":16.0},{"not_picked":["Barrage","Coolheaded"],"picked":"Undo+1","floor":18.0},{"not_picked":["Leap+1","Hello World+1"],"picked":"Turbo","floor":19.0},{"not_picked":["Sweeping Beam","Conserve Battery"],"picked":"Reprogram","floor":20.0},{"not_picked":["Tempest","Barrage","Doom and Gloom+1"],"picked":"SKIP","floor":22.0},{"not_picked":["Sweeping Beam","Turbo","Leap+1"],"picked":"SKIP","floor":23.0},{"not_picked":["Beam Cell+1","Heatsinks+1"],"picked":"Double Energy","floor":25.0},{"not_picked":["Cold Snap","Melter+1","Scrape"],"picked":"Coolheaded","floor":27.0},{"not_picked":["Hyperbeam","Skim","Storm+1"],"picked":"Steam Power","floor":29.0},{"not_picked":["Electrodynamics","All For One","Multi-Cast"],"picked":"Creative AI","floor":33.0},{"not_picked":["Hello World","Rebound+1","Sweeping Beam+1"],"picked":"Capacitor","floor":35.0},{"not_picked":["Self Repair","Coolheaded","Doom and Gloom"],"picked":"Capacitor","floor":37.0},{"not_picked":["PanicButton","Panache","Swift Strike"],"picked":"Impatience","floor":38.0},{"not_picked":["Dramatic Entrance","Transmutation","Good Instincts"],"picked":"Bandage Up","floor":38.0},{"not_picked":["Coolheaded","Fusion+1","Go for the Eyes+1"],"picked":"White Noise","floor":41.0},{"not_picked":["Skim","Fusion+1","Multi-Cast"],"picked":"Stack+1","floor":44.0},{"not_picked":["Go for the Eyes+1","Compile Driver+1","Streamline"],"picked":"Recycle+1","floor":45.0},{"not_picked":["Chaos+1","Force Field+1","Fusion"],"picked":"Stack+1","floor":54}],"player_experience":354292,"relics_obtained":[{"floor":9.0,"key":"Dead Branch"},{"floor":13.0,"key":"Tiny Chest"},{"floor":20.0,"key":"Red Mask"},{"floor":23.0,"key":"Pear"},{"floor":25.0,"key":"Question Card"},{"floor":31.0,"key":"Old Coin"},{"floor":41.0,"key":"Oddly Smooth Stone"},{"floor":43.0,"key":"Bottled Flame"},{"floor":44.0,"key":"MawBank"},{"floor":48.0,"key":"Bottled Lightning"},{"floor":54,"key":"DataDisk"}],"event_choices":[{"damage_healed":0.0,"max_hp_gain":0.0,"max_hp_loss":0.0,"gold_gain":75.0,"event_name":"FaceTrader","player_choice":"Touch","floor":4.0,"gold_loss":0.0,"damage_taken":7.0},{"damage_healed":0.0,"max_hp_gain":0.0,"max_hp_loss":0.0,"gold_gain":0.0,"event_name":"Masked Bandits","player_choice":"Fought Bandits","floor":20.0,"gold_loss":0.0,"damage_taken":0.0},{"damage_healed":0.0,"max_hp_gain":5.0,"max_hp_loss":0.0,"gold_gain":0.0,"event_name":"Forgotten Altar","player_choice":"Shed Blood","floor":30.0,"gold_loss":0.0,"damage_taken":21.0},{"damage_healed":0.0,"max_hp_gain":0.0,"max_hp_loss":0.0,"gold_gain":0.0,"event_name":"SensoryStone","player_choice":"Memory 3","floor":38.0,"gold_loss":0.0,"damage_taken":10.0},{"damage_healed":0.0,"max_hp_gain":0.0,"max_hp_loss":5.0,"gold_gain":0.0,"event_name":"Winding Halls","player_choice":"Max HP","floor":47.0,"gold_loss":0.0,"damage_taken":0.0}],"is_beta":false,"boss_relics":[{"not_picked":["Tiny House","FrozenCore"],"picked":"Fusion Hammer"},{"not_picked":["Lizard Tail","Nuclear Battery"],"picked":"Astrolabe"}],"items_purged_floors":[3,7,21,24,36],"is_endless":false,"potions_floor_spawned":[2,11,12,14,16,19,25,29,35,37,45],"ascension_level":8}