{"gold_per_floor":[113,63,138,138,158,193,224,13,61,75,75,98,128,142,142,241,241,252,2,2,18,36,70,85,85,85,85,97,97,111,175,175,276,276,293,304,13,27,43,70,81,106,106,133,0,0,100,130,130,130],"floor_reached":51,"playtime":4509,"items_purged":["Strike_B"],"score":805,"play_id":"621f0740-479a-478b-8805-6eaf3f1717fe","local_time":"20181108011452","is_ascension_mode":true,"campfire_choices":[{"data":"Defragment","floor":15,"key":"SMITH"},{"data":"Apotheosis","floor":25,"key":"SMITH"},{"floor":27,"key":"REST"},{"data":"Zap","floor":32,"key":"SMITH"},{"floor":46,"key":"REST"},{"floor":49,"key":"REST"}],"neow_cost":"NONE","seed_source_timestamp":402878994832849,"circlet_count":0,"master_deck":["Strike_B","Strike_B","Defend_B","Defend_B","Defend_B","Defend_B","Zap+1","Dualcast","Cold Snap+1","Defragment+1","Ball Lightning","Cold Snap+1","Sweeping Beam","Self Repair","Go for the Eyes","Electrodynamics","Apotheosis+1","Streamline+1","Static Discharge+1","Go for the Eyes","Stack","Redo+1","Double Energy+1","Turbo+1","Double Energy+1","BootSequence","Force Field","Parasite","Conserve Battery+1","Static Discharge+1","Force Field","Chill+1"],"relics":["Cracked Core","MawBank","Lantern","Centennial Puzzle","Oddly Smooth Stone","Happy Flower","Runic Pyramid","Meat on the Bone","Ancient Tea Set","Cables","Tiny Chest","Black Star","Ornamental Fan","Vajra","Anchor","Whetstone","Regal Pillow","Juzu Bracelet","Bronze Scales","Bag of Marbles","Red Mask","Prayer Wheel","Blood Vial","Dream Catcher"],"potions_floor_usage":[6,16,18,31,31,33,36,40,41,42,50],"damage_taken":[{"damage":5,"enemies":"Small Slimes","floor":1,"turns":3},{"damage":0,"enemies":"Jaw Worm","floor":5,"turns":3},{"damage":13,"enemies":"Lagavulin","floor":6,"turns":7},{"damage":1,"enemies":"2 Louse","floor":7,"turns":3},{"damage":6,"enemies":"Exordium Thugs","floor":10,"turns":4},{"damage":13,"enemies":"3 Sentries","floor":13,"turns":6},{"damage":2,"enemies":"Blue Slaver","floor":14,"turns":3},{"damage":30,"enemies":"Hexaghost","floor":16,"turns":10},{"damage":11,"enemies":"3 Byrds","floor":18,"turns":4},{"damage":8,"enemies":"Spheric Guardian","floor":21,"turns":4},{"damage":21,"enemies":"Snake Plant","floor":22,"turns":4},{"damage":12,"enemies":"Gremlin Leader","floor":23,"turns":4},{"damage":30,"enemies":"3 Cultists","floor":24,"turns":4},{"damage":14,"enemies":"Centurion and Healer","floor":28,"turns":4},{"damage":0,"enemies":"Snecko","floor":30,"turns":5},{"damage":1,"enemies":"Book of Stabbing","floor":31,"turns":4},{"damage":17,"enemies":"Champ","floor":33,"turns":11},{"damage":1,"enemies":"Orb Walker","floor":35,"turns":3},{"damage":9,"enemies":"3 Shapes","floor":36,"turns":2},{"damage":5,"enemies":"Maw","floor":38,"turns":7},{"damage":24,"enemies":"Jaw Worm Horde","floor":39,"turns":4},{"damage":11,"enemies":"Giant Head","floor":40,"turns":11},{"damage":4,"enemies":"Writhing Mass","floor":41,"turns":6},{"damage":13,"enemies":"Reptomancer","floor":42,"turns":6},{"damage":17,"enemies":"Giant Head","floor":44,"turns":10},{"damage":23,"enemies":"Mind Bloom Boss Battle","floor":47,"turns":4},{"damage":18,"enemies":"Reptomancer","floor":48,"turns":5},{"damage":21,"enemies":"Awakened One","floor":50,"turns":19}],"seed_played":"7847845757946680501","potions_obtained":[{"floor":5,"key":"PowerPotion"},{"floor":10,"key":"GamblersBrew"},{"floor":14,"key":"Fruit Juice"},{"floor":16,"key":"Swift Potion"},{"floor":23,"key":"LiquidBronze"},{"floor":24,"key":"Ancient Potion"},{"floor":30,"key":"Explosive Potion"},{"floor":31,"key":"Block Potion"},{"floor":33,"key":"PowerPotion"},{"floor":40,"key":"Energy Potion"},{"floor":41,"key":"AttackPotion"},{"floor":47,"key":"Energy Potion"}],"is_trial":false,"path_per_floor":["M","?","?","?","M","E","M","$","T","M","?","T","E","M","R","B",null,"M","$","?","M","M","E","M","R","T","R","M","?","M","E","R","B",null,"M","M","$","M","M","E","M","E","T","E","?","R","?","E","R","B",null],"character_chosen":"DEFECT","items_purchased":["Lantern","Cold Snap","Sweeping Beam","Apotheosis","Ornamental Fan","Block Potion"],"campfire_rested":3,"item_purchase_floors":[8,8,8,19,37,37],"current_hp_per_floor":[77,77,66,66,66,53,52,52,52,46,73,73,67,72,72,54,87,83,83,83,82,71,69,61,61,61,87,83,83,87,87,87,77,87,86,77,77,82,58,54,60,57,57,62,62,87,64,53,87,73],"gold":130,"neow_bonus":"TEN_PERCENT_HP_BONUS","is_prod":false,"is_daily":false,"chose_seed":false,"campfire_upgraded":3,"win_rate":0,"timestamp":1541628892,"path_taken":["M","?","?","?","M","E","M","?","T","?","?","?","E","M","R","BOSS","M","$","?","?","M","E","M","R","T","R","M","?","M","E","R","BOSS","M","M","$","M","?","E","M","E","T","E","?","R","?","E","R","BOSS"],"build_version":"2018-11-01","purchased_purges":1,"victory":true,"max_hp_per_floor":[82,82,82,82,82,82,82,82,82,82,82,82,82,82,82,87,87,87,87,87,87,87,87,87,87,87,87,87,87,87,87,87,87,87,87,87,87,87,87,87,87,87,87,87,87,87,87,87,87,87],"card_choices":[{"not_picked":["Undo","Leap"],"picked":"Cold Snap","floor":1},{"not_picked":["Skim","Force Field"],"picked":"Defragment","floor":5},{"not_picked":["Redo","Compile Driver"],"picked":"Ball Lightning","floor":6},{"not_picked":["Hologram","Redo","Steam"],"picked":"SKIP","floor":7},{"not_picked":["Melter","Beam Cell"],"picked":"Self Repair","floor":10},{"not_picked":["Barrage","Scrape"],"picked":"Doom and Gloom","floor":13},{"not_picked":["Coolheaded","Rebound"],"picked":"Go for the Eyes","floor":14},{"not_picked":["Amplify","Core Surge"],"picked":"Electrodynamics","floor":16},{"not_picked":["Compile Driver","Conserve Battery","Force Field+1"],"picked":"SKIP","floor":18},{"not_picked":["Conserve Battery+1","Coolheaded"],"picked":"Streamline+1","floor":21},{"not_picked":["Recycle","Stack","Heatsinks"],"picked":"SKIP","floor":22},{"not_picked":["Coolheaded","Fusion"],"picked":"Static Discharge+1","floor":23},{"not_picked":["Sunder+1","Stack"],"picked":"Go for the Eyes","floor":24},{"not_picked":["Rebound","All For One"],"picked":"Stack","floor":28},{"not_picked":["Streamline","Steam+1"],"picked":"Redo+1","floor":30},{"not_picked":["Leap","Go for the Eyes+1"],"picked":"Double Energy+1","floor":31},{"not_picked":["Steam","Storm+1"],"picked":"Turbo+1","floor":35},{"not_picked":["Glacier","Cold Snap"],"picked":"Double Energy+1","floor":36},{"not_picked":["Beam Cell","Consume+1"],"picked":"BootSequence","floor":38},{"not_picked":["Darkness+1","Coolheaded","Rebound+1"],"picked":"SKIP","floor":39},{"not_picked":["Turbo+1","Heatsinks+1"],"picked":"Force Field","floor":40},{"not_picked":["Undo","Reprogram+1","Streamline"],"picked":"SKIP","floor":41},{"not_picked":["Coolheaded","Sunder+1"],"picked":"Conserve Battery+1","floor":42},{"not_picked":["Self Repair","Hyperbeam"],"picked":"Static Discharge+1","floor":44},{"not_picked":["Self Repair","Hello World+1"],"picked":"Force Field","floor":47},{"not_picked":["Glacier+1","Go for the Eyes","Steam Power"],"picked":"SKIP","floor":48},{"not_picked":["Turbo","Conserve Battery"],"picked":"Chill+1","floor":49}],"player_experience":282804,"relics_obtained":[{"floor":6,"key":"MawBank"},{"floor":9,"key":"Centennial Puzzle"},{"floor":12,"key":"Oddly Smooth Stone"},{"floor":13,"key":"Happy Flower"},{"floor":23,"key":"Ancient Tea Set"},{"floor":26,"key":"Cables"},{"floor":31,"key":"Tiny Chest"},{"floor":40,"key":"Vajra"},{"floor":40,"key":"Anchor"},{"floor":42,"key":"Whetstone"},{"floor":42,"key":"Regal Pillow"},{"floor":43,"key":"Juzu Bracelet"},{"floor":44,"key":"Bronze Scales"},{"floor":44,"key":"Bag of Marbles"},{"floor":47,"key":"Prayer Wheel"},{"floor":48,"key":"Blood Vial"},{"floor":48,"key":"Dream Catcher"}],"event_choices":[{"cards_removed":["Strike_B"],"damage_healed":0,"gold_gain":0,"player_choice":"Card Removal","damage_taken":0,"max_hp_gain":0,"max_hp_loss":0,"event_name":"The Cleric","floor":2,"gold_loss":50},{"damage_healed":0,"gold_gain":75,"player_choice":"Gather Gold","damage_taken":11,"max_hp_gain":0,"max_hp_loss":0,"event_name":"World of Goop","floor":3,"gold_loss":0},{"damage_healed":0,"gold_gain":0,"player_choice":"Ignored","damage_taken":0,"max_hp_gain":0,"max_hp_loss":0,"event_name":"Liars Game","floor":4,"gold_loss":0},{"damage_healed":27,"gold_gain":0,"player_choice":"Banana","damage_taken":0,"max_hp_gain":0,"max_hp_loss":0,"event_name":"Big Fish","floor":11,"gold_loss":0},{"damage_healed":0,"gold_gain":0,"player_choice":"Gave Potion","damage_taken":0,"relics_obtained":["Meat on the Bone"],"max_hp_gain":0,"max_hp_loss":0,"event_name":"WeMeetAgain","floor":20,"gold_loss":0},{"cards_removed":["Doom and Gloom"],"damage_healed":0,"gold_gain":0,"player_choice":"Purged","damage_taken":0,"max_hp_gain":0,"max_hp_loss":0,"event_name":"Purifier","floor":29,"gold_loss":0},{"damage_healed":0,"gold_gain":0,"player_choice":"Paid","damage_taken":0,"relics_obtained":["Red Mask"],"max_hp_gain":0,"max_hp_loss":0,"event_name":"Tomb of Lord Red Mask","floor":45,"gold_loss":133},{"damage_healed":0,"gold_gain":0,"player_choice":"Fight","damage_taken":0,"max_hp_gain":0,"max_hp_loss":0,"event_name":"MindBloom","floor":47,"gold_loss":0}],"is_beta":false,"boss_relics":[{"not_picked":["Tiny House","Snecko Eye"],"picked":"Runic Pyramid"},{"not_picked":["White Beast Statue","Philosopher\u0027s Stone"],"picked":"Black Star"}],"items_purged_floors":[19],"is_endless":false,"potions_floor_spawned":[5,10,14,16,23,24,30,31,33,40,41,47],"ascension_level":1}