{"gold_per_floor":[218,168,188,65,65,100,100,100,127,127,302,33,58,71,71,167,167,183,183,183,58,68,68,100,113,136,136,46,63,78,95,95,195,195,213,213,213,118,118,118],"floor_reached":40,"playtime":2273,"items_purged":["Strike_R","Regret","Doubt"],"score":451,"play_id":"000e9deb-3a9d-4d08-bec5-a773fdb4a809","local_time":"20181013231656","is_ascension_mode":true,"campfire_choices":[{"data":"Body Slam","floor":8,"key":"SMITH"},{"data":"Bash","floor":10,"key":"SMITH"},{"data":"Rampage","floor":15,"key":"SMITH"},{"data":"Shrug It Off","floor":23,"key":"SMITH"},{"data":"Demon Form","floor":27,"key":"SMITH"},{"data":"Iron Wave","floor":32,"key":"SMITH"}],"neow_cost":"NONE","seed_source_timestamp":158420221566266,"circlet_count":0,"master_deck":["Strike_R","Defend_R+1","Defend_R","Bash+1","Ghostly Armor","Flex+1","Cleave","Body Slam+1","Shrug It Off+1","Shrug It Off","Rampage+1","Berserk","Clash","Shrug It Off+1","Demon Form+1","Warcry+1","Iron Wave+1","Clothesline+1","Armaments+1","Barricade","True Grit+1","Madness","Madness","Finesse"],"relics":["Burning Blood","Anchor","Strawberry","War Paint","Meat on the Bone","Runic Dome","Nloth\u0027s Gift","Dream Catcher","Bronze Scales","Empty Cage","Gremlin Horn"],"potions_floor_usage":[13,22,29,31,33,33],"damage_taken":[{"damage":4,"enemies":"Jaw Worm","floor":1,"turns":4},{"damage":7,"enemies":"2 Louse","floor":3,"turns":3},{"damage":44,"enemies":"Lagavulin","floor":6,"turns":10},{"damage":16,"enemies":"Gremlin Nob","floor":13,"turns":4},{"damage":2,"enemies":"Cultist","floor":14,"turns":4},{"damage":21,"enemies":"The Guardian","floor":16,"turns":11},{"damage":21,"enemies":"Spheric Guardian","floor":18,"turns":4},{"damage":6,"enemies":"3 Byrds","floor":22,"turns":4},{"damage":50,"enemies":"Gremlin Leader","floor":24,"turns":7},{"damage":8,"enemies":"Centurion and Healer","floor":25,"turns":5},{"damage":17,"enemies":"Shelled Parasite and Fungi","floor":29,"turns":4},{"damage":6,"enemies":"Snake Plant","floor":30,"turns":2},{"damage":0,"enemies":"Cultist and Chosen","floor":31,"turns":4},{"damage":45,"enemies":"Collector","floor":33,"turns":8},{"damage":0,"enemies":"Orb Walker","floor":35,"turns":3},{"damage":76,"enemies":"2 Orb Walkers","floor":40,"turns":3}],"seed_played":"6453894092981842494","potions_obtained":[{"floor":1,"key":"EssenceOfSteel"},{"floor":3,"key":"Explosive Potion"},{"floor":5,"key":"Poison Potion"},{"floor":5,"key":"Explosive Potion"},{"floor":24,"key":"Swift Potion"},{"floor":25,"key":"Explosive Potion"},{"floor":31,"key":"GamblersBrew"},{"floor":33,"key":"Fire Potion"},{"floor":35,"key":"Explosive Potion"}],"is_trial":false,"path_per_floor":["M","?","M","$","?","E","?","R","T","R","?","$","E","M","R","B",null,"M","?","?","$","M","R","E","M","T","R","?","M","M","M","R","B",null,"M","?","?","$","?"],"character_chosen":"IRONCLAD","items_purchased":["Cleave","Juzu Bracelet","Shrug It Off","Finesse"],"campfire_rested":0,"item_purchase_floors":[4,12,12,38],"current_hp_per_floor":[80,80,79,79,79,41,48,48,48,48,48,48,38,54,54,51,87,72,72,72,72,72,72,40,50,50,50,50,51,51,57,57,30,87,87,87,76,76,76,0],"gold":118,"neow_bonus":"HUNDRED_GOLD","is_prod":false,"is_daily":false,"chose_seed":false,"campfire_upgraded":6,"win_rate":0,"timestamp":1539487016,"path_taken":["M","?","M","$","?","E","?","R","T","R","?","$","E","M","R","BOSS","M","?","?","$","?","R","E","M","T","R","?","?","M","M","R","BOSS","M","?","?","?","?","E"],"build_version":"2018-10-11","purchased_purges":3,"victory":false,"max_hp_per_floor":[80,80,80,80,80,80,87,87,87,87,87,87,87,87,87,87,87,87,87,87,87,87,87,87,87,87,87,87,87,87,87,87,87,87,87,87,87,87,87,87],"card_choices":[{"not_picked":["Power Through","Burning Pact"],"picked":"Ghostly Armor","floor":1},{"not_picked":["Clothesline","Second Wind"],"picked":"Flex","floor":3},{"not_picked":["Havoc","Thunderclap"],"picked":"Body Slam","floor":6},{"not_picked":["Flex","Searing Blow"],"picked":"Shrug It Off","floor":13},{"not_picked":["Fire Breathing","Reckless Charge"],"picked":"Rampage","floor":14},{"not_picked":["Feed","Dark Embrace"],"picked":"Berserk","floor":16},{"not_picked":["Pummel","Sever Soul"],"picked":"Clash","floor":18},{"not_picked":["Clash","Warcry"],"picked":"Shrug It Off+1","floor":22},{"not_picked":["Exhume","Intimidate"],"picked":"Demon Form","floor":24},{"not_picked":["Rupture","Second Wind"],"picked":"Warcry+1","floor":25},{"not_picked":["Thunderclap","Fire Breathing"],"picked":"Iron Wave","floor":29},{"not_picked":["Fiend Fire","Iron Wave"],"picked":"Clothesline+1","floor":30},{"not_picked":["Disarm","Havoc"],"picked":"Armaments+1","floor":31},{"not_picked":["Double Tap","Demon Form"],"picked":"Barricade","floor":33},{"not_picked":["Seeing Red+1","Havoc"],"picked":"True Grit+1","floor":35}],"player_experience":169934,"relics_obtained":[{"floor":6,"key":"Anchor"},{"floor":9,"key":"War Paint"},{"floor":13,"key":"Meat on the Bone"},{"floor":24,"key":"Dream Catcher"},{"floor":26,"key":"Bronze Scales"}],"event_choices":[{"event_name":"The Cleric","player_choice":"Card Removal","floor":2,"damage_taken":0},{"event_name":"The Lab","player_choice":"Got Potions","floor":5,"damage_taken":0},{"event_name":"Big Fish","player_choice":"Box","floor":7,"damage_taken":0},{"event_name":"Liars Game","player_choice":"agreed","floor":11,"damage_taken":0},{"event_name":"N\u0027loth","player_choice":"Traded a Juzu Bracelet","floor":19,"damage_taken":0},{"event_name":"Ghosts","player_choice":"Ignored","floor":20,"damage_taken":0},{"event_name":"Designer","player_choice":"Full Service","floor":28,"damage_taken":0},{"event_name":"Falling","player_choice":"Removed Skill","floor":36,"damage_taken":0},{"event_name":"Winding Halls","player_choice":"Embrace Madness","floor":37,"damage_taken":0},{"event_name":"WeMeetAgain","player_choice":"Potion","floor":39,"damage_taken":0}],"is_beta":false,"boss_relics":[{"not_picked":["Fusion Hammer","Velvet Choker"],"picked":"Runic Dome"},{"not_picked":["Calling Bell","Lizard Tail"],"picked":"Empty Cage"}],"items_purged_floors":[4,12,21],"is_endless":false,"potions_floor_spawned":[1,3,24,25,31,33,35],"killed_by":"2 Orb Walkers","ascension_level":2}