{"gold_per_floor":[418,117,117,17,33,68,86,86,86,86,100,113,113,123,123,226,226,240,257,274,287,287,287,287],"floor_reached":24,"playtime":1693,"items_purged":["Parasite","Strike_R"],"score":290,"play_id":"701c8ea0-75e4-40bb-a114-3e036ed49b63","local_time":"20190607210810","is_ascension_mode":true,"campfire_choices":[{"floor":10.0,"key":"REST"},{"data":"Inflame","floor":13.0,"key":"SMITH"},{"floor":15.0,"key":"RECALL"},{"data":"Barricade","floor":23,"key":"SMITH"}],"neow_cost":"CURSE","seed_source_timestamp":835923967722100,"circlet_count":0,"master_deck":["Strike_R","Strike_R","Strike_R","Strike_R","Defend_R","Defend_R","Defend_R","Defend_R","Bash+1","True Grit","Disarm","Apotheosis+1","Body Slam","Inflame+1","Shrug It Off","Barricade+1","Clothesline+1","Pommel Strike"],"special_seed":0,"relics":["Burning Blood","Old Coin","Bronze Scales","Vajra","Singing Bowl","Runic Dome","Calipers"],"potions_floor_usage":[16,19,20,24],"damage_taken":[{"damage":2.0,"enemies":"2 Louse","floor":1.0,"turns":3.0},{"damage":2.0,"enemies":"Small Slimes","floor":5.0,"turns":4.0},{"damage":51.0,"enemies":"3 Sentries","floor":6.0,"turns":19.0},{"damage":8.0,"enemies":"Jaw Worm","floor":7.0,"turns":4.0},{"damage":6.0,"enemies":"3 Louse","floor":11.0,"turns":4.0},{"damage":4.0,"enemies":"Blue Slaver","floor":12.0,"turns":4.0},{"damage":2.0,"enemies":"Looter","floor":14.0,"turns":3.0},{"damage":32,"enemies":"The Guardian","floor":16,"turns":10},{"damage":13,"enemies":"2 Thieves","floor":18,"turns":5},{"damage":3,"enemies":"Spheric Guardian","floor":19,"turns":5},{"damage":15,"enemies":"Snecko","floor":20,"turns":5},{"damage":1,"enemies":"Cultist and Chosen","floor":21,"turns":6},{"damage":61,"enemies":"Slavers","floor":24,"turns":5}],"seed_played":"-6551785013217846769","potions_obtained":[{"floor":5.0,"key":"SkillPotion"},{"floor":6.0,"key":"Ancient Potion"},{"floor":11.0,"key":"Poison Potion"},{"floor":16,"key":"SkillPotion"},{"floor":19,"key":"PowerPotion"}],"is_trial":false,"path_per_floor":["M","$","?","$","M","E","M","?","T","R","M","M","R","M","R","B",null,"M","M","M","M","?","R","E"],"character_chosen":"IRONCLAD","items_purchased":["Disarm","Apotheosis"],"campfire_rested":1,"item_purchase_floors":[2,2],"current_hp_per_floor":[76,76,61,61,65,20,18,18,18,41,41,45,45,49,49,23,65,60,65,56,61,61,61,0],"gold":287,"neow_bonus":"ONE_RARE_RELIC","is_prod":false,"is_daily":false,"chose_seed":false,"campfire_upgraded":2,"win_rate":0,"timestamp":1559956090,"path_taken":["M","$","?","$","M","E","M","?","T","R","M","M","R","M","R","BOSS","M","M","M","M","?","R","E"],"build_version":"2019-01-23","purchased_purges":2,"victory":false,"max_hp_per_floor":[80,77,77,77,77,77,77,77,77,77,77,79,79,79,79,79,79,81,83,83,83,83,83,83],"card_choices":[{"not_picked":["Perfected Strike","Havoc"],"picked":"True Grit","floor":1.0},{"not_picked":["Cleave","Sword Boomerang","Uppercut"],"picked":"SKIP","floor":5.0},{"not_picked":["Wild Strike","Pommel Strike"],"picked":"Body Slam","floor":6.0},{"not_picked":["Armaments","Wild Strike","Corruption"],"picked":"SKIP","floor":7.0},{"not_picked":["Searing Blow","Perfected Strike"],"picked":"Inflame","floor":11.0},{"not_picked":["Fiend Fire","Wild Strike","Whirlwind"],"picked":"Singing Bowl","floor":12.0},{"not_picked":["Iron Wave","Sword Boomerang"],"picked":"Shrug It Off","floor":14.0},{"not_picked":["Feed","Limit Break"],"picked":"Barricade","floor":16},{"not_picked":["Clothesline","Perfected Strike","Thunderclap+1"],"picked":"Singing Bowl","floor":18},{"not_picked":["Headbutt","Feel No Pain","Havoc"],"picked":"Singing Bowl","floor":19},{"not_picked":["Perfected Strike","Uppercut"],"picked":"Clothesline+1","floor":20},{"not_picked":["Second Wind","Warcry"],"picked":"Pommel Strike","floor":21}],"player_experience":406188,"relics_obtained":[{"floor":6.0,"key":"Bronze Scales"},{"floor":9.0,"key":"Singing Bowl"}],"event_choices":[{"damage_healed":0.0,"max_hp_gain":0.0,"max_hp_loss":0.0,"gold_gain":0.0,"event_name":"Shining Light","player_choice":"Entered Light","floor":3.0,"gold_loss":0.0,"damage_taken":15.0,"cards_upgraded":["Apotheosis","Bash"]},{"damage_healed":0.0,"max_hp_gain":0.0,"max_hp_loss":0.0,"gold_gain":0.0,"event_name":"Dead Adventurer","player_choice":"Searched \u00271\u0027 times","floor":8.0,"gold_loss":0.0,"damage_taken":0.0,"relics_obtained":["Vajra"]},{"damage_healed":0,"gold_gain":0,"player_choice":"Opened","damage_taken":0,"relics_obtained":["Calipers"],"max_hp_gain":0,"max_hp_loss":0,"event_name":"The Mausoleum","floor":22,"gold_loss":0}],"is_beta":false,"boss_relics":[{"not_picked":["Mark of Pain","Orrery"],"picked":"Runic Dome"}],"items_purged_floors":[2,4],"is_endless":false,"potions_floor_spawned":[5,6,11,16,19],"killed_by":"Slavers","ascension_level":9}