{"gold_per_floor":[117,132,147,33,49,80,80,99,99,118,134,150,225,244,244,340,340,359,110,110,129,55,55,73,73,73,105,54,79,79,94,94,192,192,205,217,217,24,34,34,34,50,50,84,84,97,71,91,91,91],"floor_reached":51,"playtime":4275,"items_purged":["Dualcast","Redo"],"score":723,"play_id":"5bb5b779-e11b-4a10-be56-998f40d8e91a","local_time":"20181016004905","is_ascension_mode":false,"campfire_choices":[{"data":"White Noise","floor":7,"key":"SMITH"},{"floor":15,"key":"REST"},{"data":"Consume","floor":23,"key":"SMITH"},{"floor":30,"key":"REST"},{"floor":32,"key":"REST"},{"data":"Gash","floor":40,"key":"SMITH"},{"data":"Biased Cognition","floor":45,"key":"SMITH"},{"floor":49,"key":"REST"}],"neow_cost":"","seed_source_timestamp":76427475681779,"circlet_count":0,"master_deck":["Strike_B","Strike_B","Defend_B","Defend_B","Defend_B","Zap","White Noise+1","Consume+1","Force Field","Chill","Loop","Beam Cell","Capacitor","Gash","Biased Cognition+1","Scrape+1","Stack+1","Beam Cell+1","Compile Driver","Cold Snap+1","Chill","Scrape","Steam+1","Gash+1","Cold Snap","Seek+1","Loop","Beam Cell","Lockon+1","Gash+1","Go for the Eyes","Static Discharge+1","Conserve Battery+1","Go for the Eyes","Double Energy+1"],"relics":["Cracked Core","Centennial Puzzle","Ice Cream","Astrolabe","Lantern","Mango","MutagenicStrength","Toxic Egg 2","Unceasing Top","Cables","Runic Pyramid","Calipers","Bronze Scales","Sundial","Ornamental Fan","Letter Opener"],"potions_floor_usage":[2,10,14,16,24,27,50,50,50],"damage_taken":[{"damage":3,"enemies":"Jaw Worm","floor":1,"turns":4},{"damage":0,"enemies":"Small Slimes","floor":2,"turns":3},{"damage":2,"enemies":"2 Louse","floor":3,"turns":3},{"damage":1,"enemies":"2 Fungi Beasts","floor":5,"turns":5},{"damage":13,"enemies":"3 Sentries","floor":6,"turns":12},{"damage":4,"enemies":"3 Louse","floor":8,"turns":5},{"damage":10,"enemies":"Exordium Thugs","floor":10,"turns":2},{"damage":8,"enemies":"2 Fungi Beasts","floor":11,"turns":4},{"damage":0,"enemies":"Lots of Slimes","floor":12,"turns":6},{"damage":2,"enemies":"Looter","floor":14,"turns":3},{"damage":14,"enemies":"Slime Boss","floor":16,"turns":7},{"damage":3,"enemies":"Spheric Guardian","floor":18,"turns":4},{"damage":0,"enemies":"Chosen","floor":21,"turns":4},{"damage":14,"enemies":"Snake Plant","floor":24,"turns":3},{"damage":25,"enemies":"Slavers","floor":27,"turns":4},{"damage":23,"enemies":"Book of Stabbing","floor":29,"turns":5},{"damage":16,"enemies":"Snecko","floor":31,"turns":5},{"damage":19,"enemies":"Collector","floor":33,"turns":10},{"damage":5,"enemies":"Orb Walker","floor":35,"turns":3},{"damage":0,"enemies":"3 Shapes","floor":36,"turns":5},{"damage":0,"enemies":"Mind Bloom Boss Battle","floor":37,"turns":7},{"damage":0,"enemies":"Transient","floor":39,"turns":5},{"damage":26,"enemies":"Spire Growth","floor":42,"turns":3},{"damage":0,"enemies":"Nemesis","floor":44,"turns":7},{"damage":0,"enemies":"Maw","floor":46,"turns":6},{"damage":0,"enemies":"Transient","floor":48,"turns":5},{"damage":38,"enemies":"Donu and Deca","floor":50,"turns":13}],"seed_played":"318020860435569477","potions_obtained":[{"floor":1,"key":"Energy Potion"},{"floor":6,"key":"LiquidBronze"},{"floor":11,"key":"Block Potion"},{"floor":14,"key":"Energy Potion"},{"floor":16,"key":"FearPotion"},{"floor":21,"key":"LiquidBronze"},{"floor":24,"key":"Energy Potion"},{"floor":33,"key":"Dexterity Potion"},{"floor":36,"key":"Weak Potion"},{"floor":37,"key":"Swift Potion"},{"floor":44,"key":"Regen Potion"}],"is_trial":false,"path_per_floor":["M","M","M","$","M","E","R","M","T","M","M","M","?","M","R","B",null,"M","$","?","M","$","R","M","?","T","E","$","E","R","M","R","B",null,"M","M","?","$","M","R","?","M","T","E","R","M","$","M","R","B"],"character_chosen":"DEFECT","items_purchased":["Chill","Lantern","Chill","Steam+1","Bronze Scales","Gash","Go for the Eyes"],"campfire_rested":4,"item_purchase_floors":[4,19,22,28,38,38,47],"current_hp_per_floor":[72,72,70,70,69,56,56,52,52,42,34,34,23,21,43,29,75,72,72,86,86,86,86,72,72,72,47,47,24,50,34,60,41,89,84,84,84,84,84,84,84,58,58,58,58,58,58,58,84,46],"gold":91,"neow_bonus":"","is_prod":false,"is_daily":false,"chose_seed":false,"campfire_upgraded":4,"win_rate":0,"timestamp":1539640145,"path_taken":["M","M","M","$","M","E","R","M","T","M","M","M","?","M","R","BOSS","M","$","?","M","?","R","M","?","T","E","$","E","R","M","R","BOSS","M","M","?","$","M","R","?","M","T","E","R","M","$","M","R","BOSS"],"build_version":"2018-10-11","purchased_purges":2,"victory":true,"max_hp_per_floor":[75,75,75,75,75,75,75,75,75,75,75,75,75,75,75,75,75,75,75,89,89,89,89,89,89,89,89,89,89,89,89,89,89,89,89,89,89,89,89,89,89,89,89,89,89,89,89,89,89,89],"card_choices":[{"not_picked":["Tempest","Sweeping Beam"],"picked":"White Noise","floor":1},{"not_picked":["Steam","Hello World"],"picked":"Consume","floor":2},{"not_picked":["Beam Cell","Stack"],"picked":"Force Field","floor":3},{"not_picked":["Leap","Force Field","Turbo"],"picked":"SKIP","floor":5},{"not_picked":["Meteor Strike","Sunder","Fusion"],"picked":"SKIP","floor":6},{"not_picked":["Steam Power","Tempest"],"picked":"Loop","floor":8},{"not_picked":["Turbo","Hologram"],"picked":"Beam Cell","floor":10},{"not_picked":["Redo","Barrage"],"picked":"Capacitor","floor":11},{"not_picked":["Barrage","Darkness"],"picked":"Gash","floor":12},{"not_picked":["Leap","Fusion"],"picked":"Redo","floor":14},{"not_picked":["All For One","Amplify"],"picked":"Biased Cognition","floor":16},{"not_picked":["Redo","Hologram"],"picked":"Compile Driver","floor":18},{"not_picked":["Fusion+1","Streamline"],"picked":"Cold Snap+1","floor":21},{"not_picked":["Ball Lightning","Genetic Algorithm","Hologram"],"picked":"SKIP","floor":24},{"not_picked":["Stack+1","Rip and Tear"],"picked":"Scrape","floor":27},{"not_picked":["Beam Cell","Reboot+1"],"picked":"Gash+1","floor":29},{"not_picked":["Coolheaded+1","Darkness+1"],"picked":"Cold Snap","floor":31},{"not_picked":["Multi-Cast+1","Meteor Strike"],"picked":"Seek+1","floor":33},{"not_picked":["Leap+1","Consume+1"],"picked":"Loop","floor":35},{"not_picked":["Reprogram+1","Force Field+1"],"picked":"Beam Cell","floor":36},{"not_picked":["Compile Driver","Sweeping Beam"],"picked":"Lockon+1","floor":37},{"not_picked":["Stack+1","Storm"],"picked":"Go for the Eyes","floor":39},{"not_picked":["Capacitor","Consume+1","Force Field+1"],"picked":"SKIP","floor":42},{"not_picked":["Stack+1","Redo+1"],"picked":"Static Discharge+1","floor":44},{"not_picked":["Coolheaded+1","Sweeping Beam+1"],"picked":"Conserve Battery+1","floor":46},{"not_picked":["Melter","Redo+1"],"picked":"Double Energy+1","floor":48}],"player_experience":128902,"relics_obtained":[{"floor":6,"key":"Centennial Puzzle"},{"floor":9,"key":"Ice Cream"},{"floor":26,"key":"Toxic Egg 2"},{"floor":27,"key":"Unceasing Top"},{"floor":29,"key":"Cables"},{"floor":37,"key":"Calipers"},{"floor":43,"key":"Ornamental Fan"},{"floor":44,"key":"Letter Opener"}],"event_choices":[{"event_name":"World of Goop","player_choice":"Gather Gold","floor":13,"damage_taken":0},{"event_name":"The Mausoleum","player_choice":"Yes","floor":20,"damage_taken":0},{"event_name":"Drug Dealer","player_choice":"Inject Mutagens","floor":25,"damage_taken":0},{"event_name":"MindBloom","player_choice":"Fight","floor":37,"damage_taken":0},{"event_name":"WeMeetAgain","player_choice":"Potion","floor":41,"damage_taken":0}],"is_beta":false,"boss_relics":[{"not_picked":["Sozu","Lizard Tail"],"picked":"Astrolabe"},{"not_picked":["Philosopher\u0027s Stone","White Beast Statue"],"picked":"Runic Pyramid"}],"items_purged_floors":[4,19],"is_endless":false,"potions_floor_spawned":[1,6,11,14,16,21,24,33,36,37,39,44],"ascension_level":0}