{"gold_per_floor":[115,130,150,150,167,167,186,212,239,259,259,136,136,36,36,133,133,147,158,158,33,33,33,66,76,76,76,108,120,120,120,120,120],"floor_reached":33,"playtime":2196,"items_purged":["Strike_B","Strike_B","Strike_B"],"score":438,"play_id":"77953d36-e660-4230-b84e-b4d7877aa54a","local_time":"20190520200307","is_ascension_mode":true,"campfire_choices":[{"data":"Zap","floor":6,"key":"SMITH"},{"data":"Coolheaded","floor":11,"key":"SMITH"},{"data":"Turbo","floor":13,"key":"SMITH"},{"data":"Conserve Battery","floor":15,"key":"SMITH"},{"data":"Defragment","floor":23,"key":"SMITH"},{"floor":27,"key":"REST"},{"floor":30,"key":"REST"},{"floor":32,"key":"REST"}],"neow_cost":"NONE","seed_source_timestamp":190670789334064,"circlet_count":0,"master_deck":["Defend_B","Defend_B","Defend_B","Zap+1","Dualcast","Conserve Battery+1","Coolheaded+1","Ball Lightning","Conserve Battery","Skim","Turbo+1","Electrodynamics","Capacitor+1","Ball Lightning+1","Defragment+1","Genetic Algorithm+1","Storm","Conserve Battery+1","BootSequence","Electrodynamics"],"relics":["Cracked Core","Boot","Black Star","Centennial Puzzle","Strawberry","Shuriken","PreservedInsect","Nunchaku"],"potions_floor_usage":[8,19,19,28],"damage_taken":[{"damage":6,"enemies":"Jaw Worm","floor":1,"turns":4},{"damage":0,"enemies":"Cultist","floor":2,"turns":3},{"damage":2,"enemies":"2 Louse","floor":3,"turns":2},{"damage":1,"enemies":"Large Slime","floor":5,"turns":5},{"damage":4,"enemies":"Exordium Wildlife","floor":7,"turns":2},{"damage":7,"enemies":"3 Sentries","floor":8,"turns":8},{"damage":0,"enemies":"2 Fungi Beasts","floor":10,"turns":3},{"damage":11,"enemies":"The Guardian","floor":16,"turns":14},{"damage":7,"enemies":"Spheric Guardian","floor":18,"turns":4},{"damage":5,"enemies":"3 Byrds","floor":19,"turns":2},{"damage":47,"enemies":"Gremlin Leader","floor":24,"turns":6},{"damage":13,"enemies":"Sentry and Sphere","floor":25,"turns":5},{"damage":18,"enemies":"Slavers","floor":28,"turns":2},{"damage":17,"enemies":"Snake Plant","floor":29,"turns":3},{"damage":75,"enemies":"Champ","floor":33,"turns":12}],"seed_played":"-2122640648651803832","potions_obtained":[{"floor":1,"key":"Ancient Potion"},{"floor":2,"key":"EssenceOfSteel"},{"floor":8,"key":"SkillPotion"},{"floor":19,"key":"Fruit Juice"},{"floor":25,"key":"AttackPotion"}],"is_trial":false,"path_per_floor":["M","M","M","?","M","R","M","E","T","M","R","$","R","$","R","B",null,"M","M","?","$","?","R","E","M","T","R","E","M","R","?","R","B"],"character_chosen":"DEFECT","items_purchased":["Turbo"],"campfire_rested":3,"item_purchase_floors":[12],"current_hp_per_floor":[69,69,67,67,66,66,62,55,55,55,55,55,55,55,55,44,73,66,66,66,66,66,66,26,13,13,41,23,6,34,34,62,0],"gold":120,"neow_bonus":"TEN_PERCENT_HP_BONUS","is_prod":false,"is_daily":false,"chose_seed":false,"campfire_upgraded":5,"win_rate":0,"timestamp":1558396987,"path_taken":["M","M","M","?","?","R","M","E","T","?","R","$","R","$","R","BOSS","M","M","?","$","?","R","E","M","T","R","E","M","R","?","R","BOSS"],"build_version":"2019-01-23","purchased_purges":3,"victory":false,"max_hp_per_floor":[82,82,82,82,82,82,82,82,82,82,82,82,82,82,82,82,82,82,87,87,87,87,87,94,94,94,94,94,94,94,94,94,94],"card_choices":[{"not_picked":["Steam Power","Storm"],"picked":"Conserve Battery","floor":1},{"not_picked":["Conserve Battery","Doom and Gloom"],"picked":"Coolheaded","floor":2},{"not_picked":["Coolheaded","Undo"],"picked":"Ball Lightning","floor":3},{"not_picked":["Loop","Streamline","Blizzard"],"picked":"SKIP","floor":5},{"not_picked":["Streamline","Loop"],"picked":"Conserve Battery","floor":7},{"not_picked":["Gash","Redo"],"picked":"Skim","floor":8},{"not_picked":["Static Discharge","Gash","Steam"],"picked":"SKIP","floor":10},{"not_picked":["Core Surge","Reboot"],"picked":"Electrodynamics","floor":16},{"not_picked":["Barrage","Streamline"],"picked":"Capacitor+1","floor":18},{"not_picked":["Go for the Eyes+1","Cold Snap"],"picked":"Ball Lightning+1","floor":19},{"not_picked":["Static Discharge","Gash+1"],"picked":"Genetic Algorithm+1","floor":24},{"not_picked":["Ball Lightning","Steam"],"picked":"Storm","floor":25},{"not_picked":["Hologram","Barrage","Compile Driver"],"picked":"SKIP","floor":28},{"not_picked":["Electrodynamics","Rebound"],"picked":"Conserve Battery+1","floor":29}],"player_experience":363867,"relics_obtained":[{"floor":8,"key":"Boot"},{"floor":24,"key":"Centennial Puzzle"},{"floor":24,"key":"Strawberry"},{"floor":26,"key":"Shuriken"},{"floor":28,"key":"PreservedInsect"},{"floor":28,"key":"Nunchaku"}],"event_choices":[{"damage_healed":0,"gold_gain":0,"player_choice":"Bought 0 Potions","damage_taken":0,"max_hp_gain":0,"max_hp_loss":0,"event_name":"The Woman in Blue","floor":4,"gold_loss":0},{"damage_healed":0,"gold_gain":0,"player_choice":"Read","damage_taken":0,"max_hp_gain":0,"max_hp_loss":0,"event_name":"The Library","floor":20,"gold_loss":0,"cards_obtained":["Defragment"]},{"damage_healed":0,"gold_gain":0,"player_choice":"Ignored","damage_taken":0,"max_hp_gain":0,"max_hp_loss":0,"event_name":"Vampires","floor":22,"gold_loss":0},{"damage_healed":0,"gold_gain":0,"cards_transformed":["Strike_B","Defend_B"],"player_choice":"Became Test Subject","damage_taken":0,"max_hp_gain":0,"max_hp_loss":0,"event_name":"Drug Dealer","floor":31,"gold_loss":0,"cards_obtained":["BootSequence","Electrodynamics"]}],"is_beta":false,"boss_relics":[{"not_picked":["Velvet Choker","Ectoplasm"],"picked":"Black Star"}],"items_purged_floors":[12,14,21],"is_endless":false,"potions_floor_spawned":[1,2,8,19,25],"killed_by":"Champ","ascension_level":9}