{"gold_per_floor":[116,134,153,173,193,193,219,219,219,219,229,244,274,12,12,110,110,128,146,146,165,177,177,85,104,104,104,121,121],"floor_reached":29,"playtime":1726,"items_purged":[],"score":335,"play_id":"5b6d83f1-5b36-42b4-84c2-26b72fa754fc","local_time":"20190425180219","is_ascension_mode":true,"campfire_choices":[{"data":"Infinite Blades","floor":6,"key":"SMITH"},{"floor":8,"key":"REST"},{"floor":15,"key":"REST"},{"data":"Backflip","floor":23,"key":"SMITH"},{"floor":27,"key":"REST"}],"neow_cost":"NONE","seed_source_timestamp":524496698754233,"circlet_count":0,"master_deck":["Defend_G","Defend_G","Defend_G","Defend_G","Defend_G","Strike_G","Strike_G","Strike_G","Strike_G+1","Strike_G+1","Survivor","Neutralize","Infinite Blades+1","Backflip","Crippling Poison","Backflip+1","Accuracy","Adrenaline","PiercingWail","Skewer","Well Laid Plans+1","Footwork","Dodge and Roll"],"relics":["Ring of the Snake","Whetstone","Bag of Marbles","Pantograph","Sozu","Ancient Tea Set","Blue Candle"],"potions_floor_usage":[7,16,16,18],"damage_taken":[{"damage":0,"enemies":"Cultist","floor":1,"turns":4},{"damage":7,"enemies":"Small Slimes","floor":2,"turns":4},{"damage":2,"enemies":"Jaw Worm","floor":3,"turns":5},{"damage":15,"enemies":"Exordium Thugs","floor":4,"turns":8},{"damage":9,"enemies":"Red Slaver","floor":5,"turns":7},{"damage":23,"enemies":"Lagavulin","floor":7,"turns":7},{"damage":15,"enemies":"Gremlin Gang","floor":11,"turns":6},{"damage":0,"enemies":"2 Fungi Beasts","floor":12,"turns":3},{"damage":36,"enemies":"The Guardian","floor":16,"turns":19},{"damage":6,"enemies":"Spheric Guardian","floor":18,"turns":7},{"damage":10,"enemies":"Shell Parasite","floor":19,"turns":8},{"damage":25,"enemies":"Chosen and Byrds","floor":21,"turns":9},{"damage":12,"enemies":"Snecko","floor":22,"turns":6},{"damage":5,"enemies":"Centurion and Healer","floor":25,"turns":8},{"damage":6,"enemies":"Snake Plant","floor":28,"turns":5},{"damage":23,"enemies":"Book of Stabbing","floor":29,"turns":7}],"seed_played":"1945408720260368213","potions_obtained":[{"floor":2,"key":"SteroidPotion"},{"floor":4,"key":"PowerPotion"},{"floor":7,"key":"Strength Potion"},{"floor":12,"key":"Fruit Juice"},{"floor":16,"key":"FearPotion"}],"is_trial":false,"path_per_floor":["M","M","M","M","M","R","E","R","T","?","M","M","?","$","R","B",null,"M","M","?","M","M","R","$","M","T","R","M","E"],"character_chosen":"THE_SILENT","items_purchased":["Pantograph","Footwork","Dodge and Roll"],"campfire_rested":3,"item_purchase_floors":[14,24,24],"current_hp_per_floor":[63,56,54,39,30,30,7,28,28,28,13,13,13,13,34,28,63,57,47,47,22,10,10,10,5,5,27,21,0],"gold":121,"neow_bonus":"THREE_CARDS","is_prod":false,"is_daily":false,"chose_seed":false,"campfire_upgraded":2,"win_rate":0,"timestamp":1556229739,"path_taken":["M","M","M","M","M","R","E","R","T","?","M","M","?","$","R","BOSS","M","M","?","M","M","R","?","?","T","R","M","E"],"build_version":"2019-01-23","purchased_purges":0,"victory":false,"max_hp_per_floor":[70,70,70,70,70,70,70,70,70,70,70,70,70,70,70,75,75,75,75,75,75,75,75,75,75,75,75,75,75],"card_choices":[{"not_picked":["Dash","Dodge and Roll"],"picked":"Infinite Blades","floor":0},{"not_picked":["Cloak And Dagger","Riddle With Holes"],"picked":"Backflip","floor":1},{"not_picked":["Blade Dance","Dagger Throw","Reflex"],"picked":"SKIP","floor":2},{"not_picked":["Sucker Punch","Blade Dance"],"picked":"Crippling Poison","floor":3},{"not_picked":["Underhanded Strike","Choke","Outmaneuver"],"picked":"SKIP","floor":4},{"not_picked":["Underhanded Strike","Sucker Punch","Masterful Stab"],"picked":"SKIP","floor":5},{"not_picked":["Phantasmal Killer","Tactician","Distraction"],"picked":"SKIP","floor":7},{"not_picked":["Slice","Infinite Blades"],"picked":"Backflip","floor":11},{"not_picked":["Well Laid Plans","Infinite Blades"],"picked":"Accuracy","floor":12},{"not_picked":["Corpse Explosion","Venomology"],"picked":"Adrenaline","floor":16},{"not_picked":["Setup","Dagger Spray"],"picked":"PiercingWail","floor":18},{"not_picked":["PiercingWail","Flying Knee","Backflip"],"picked":"SKIP","floor":19},{"not_picked":["Leg Sweep","Flying Knee"],"picked":"Skewer","floor":21},{"not_picked":["Prepared","Finisher"],"picked":"Well Laid Plans+1","floor":22},{"not_picked":["Dagger Throw","Dodge and Roll","All Out Attack"],"picked":"SKIP","floor":25},{"not_picked":["Concentrate","Deadly Poison","PiercingWail"],"picked":"SKIP","floor":28}],"player_experience":304359,"relics_obtained":[{"floor":7,"key":"Whetstone"},{"floor":9,"key":"Bag of Marbles"},{"floor":26,"key":"Blue Candle"}],"event_choices":[{"damage_healed":0,"gold_gain":0,"player_choice":"Fled","damage_taken":0,"max_hp_gain":0,"max_hp_loss":0,"event_name":"Scrap Ooze","floor":10,"gold_loss":0},{"damage_healed":0,"gold_gain":30,"player_choice":"Searched \u00271\u0027 times","damage_taken":0,"max_hp_gain":0,"max_hp_loss":0,"event_name":"Dead Adventurer","floor":13,"gold_loss":0},{"damage_healed":0,"gold_gain":0,"player_choice":"Gave Potion","damage_taken":0,"relics_obtained":["Ancient Tea Set"],"max_hp_gain":0,"max_hp_loss":0,"event_name":"WeMeetAgain","floor":20,"gold_loss":0}],"is_beta":false,"boss_relics":[{"not_picked":["Runic Dome","Fusion Hammer"],"picked":"Sozu"}],"items_purged_floors":[],"is_endless":false,"potions_floor_spawned":[2,4,7,12,16,19,21,22,28],"killed_by":"Book of Stabbing","ascension_level":9}