{"gold_per_floor":[368,382,398,244,244,244,199,199,224,236,252,313,341,353,353,458,458,475,328,355,82,98,98],"floor_reached":23,"playtime":1688,"items_purged":["Strike_G","Defend_G","Defend_G"],"score":191,"play_id":"27042621-851d-4480-a643-ae5913a17e79","local_time":"20190531174610","is_ascension_mode":false,"campfire_choices":[{"data":"Neutralize","floor":6.0,"key":"SMITH"},{"data":"Leg Sweep","floor":8.0,"key":"SMITH"},{"data":"Bouncing Flask","floor":15.0,"key":"SMITH"}],"neow_cost":"TEN_PERCENT_HP_LOSS","seed_source_timestamp":0,"circlet_count":0,"master_deck":["Defend_G","Defend_G","Strike_G+1","Strike_G+1","Survivor","Neutralize+1","Escape Plan","After Image","Leg Sweep+1","Bouncing Flask+1","Backstab","Footwork","Bane","Infinite Blades+1","Dodge and Roll","Skewer","Backflip","Caltrops","Dodge and Roll"],"special_seed":0,"relics":["Ring of the Snake","Whetstone","Tingsha","Regal Pillow","Empty Cage","Red Mask"],"potions_floor_usage":[],"damage_taken":[{"damage":4.0,"enemies":"Cultist","floor":1.0,"turns":5.0},{"damage":0.0,"enemies":"Jaw Worm","floor":2.0,"turns":5.0},{"damage":0.0,"enemies":"2 Louse","floor":3.0,"turns":3.0},{"damage":0.0,"enemies":"Looter","floor":7.0,"turns":5.0},{"damage":12.0,"enemies":"Exordium Wildlife","floor":10.0,"turns":8.0},{"damage":0.0,"enemies":"Lots of Slimes","floor":11.0,"turns":8.0},{"damage":6.0,"enemies":"Lagavulin Event","floor":12.0,"turns":7.0},{"damage":11.0,"enemies":"Lagavulin","floor":13.0,"turns":10.0},{"damage":4.0,"enemies":"Exordium Thugs","floor":14.0,"turns":6.0},{"damage":2.0,"enemies":"Hexaghost","floor":16.0,"turns":8.0},{"damage":12.0,"enemies":"Spheric Guardian","floor":18.0,"turns":4.0},{"damage":16.0,"enemies":"Masked Bandits","floor":20.0,"turns":6.0},{"damage":4.0,"enemies":"Shell Parasite","floor":22.0,"turns":5.0},{"damage":0,"enemies":"Slavers","floor":23,"turns":1}],"seed_played":"3657450782035090095","potions_obtained":[{"floor":2.0,"key":"EssenceOfSteel"},{"floor":3.0,"key":"Regen Potion"},{"floor":14.0,"key":"SkillPotion"},{"floor":18.0,"key":"Block Potion"},{"floor":20.0,"key":"LiquidBronze"}],"is_trial":false,"path_per_floor":["M","M","M","$","?","R","M","R","T","M","M","?","E","M","R","B",null,"M","$","?","$","M","E"],"character_chosen":"THE_SILENT","items_purchased":["After Image","Dodge and Roll","Backflip","Caltrops","Dodge and Roll"],"campfire_rested":0,"item_purchase_floors":[4,19,21,21,21],"current_hp_per_floor":[59,59,59,59,59,59,59,59,59,47,47,41,30,26,26,39,63,51,51,35,35,31,31],"gold":98,"neow_bonus":"TWO_FIFTY_GOLD","is_prod":false,"is_daily":false,"chose_seed":false,"campfire_upgraded":3,"win_rate":0,"timestamp":1559339170,"path_taken":["M","M","M","$","?","R","M","R","T","?","M","?","E","M","R","BOSS","M","$","?","$","M","E"],"build_version":"2019-01-23","purchased_purges":3,"victory":false,"max_hp_per_floor":[63,63,63,63,63,63,63,63,63,63,63,63,63,63,63,63,63,63,63,63,63,63,63],"card_choices":[{"not_picked":["Acrobatics","Slice","Dash"],"picked":"SKIP","floor":1.0},{"not_picked":["Outmaneuver","Bane","Cloak And Dagger"],"picked":"SKIP","floor":2.0},{"not_picked":["Acrobatics","Heel Hook"],"picked":"Escape Plan","floor":3.0},{"not_picked":["Storm of Steel","Dagger Spray"],"picked":"Leg Sweep","floor":7.0},{"not_picked":["Accuracy","Calculated Gamble","Deflect"],"picked":"SKIP","floor":10.0},{"not_picked":["Blade Dance","Bane"],"picked":"Bouncing Flask","floor":11.0},{"not_picked":["Poisoned Stab","Escape Plan"],"picked":"Backstab","floor":12.0},{"not_picked":["Eviscerate","Caltrops"],"picked":"Footwork","floor":13.0},{"not_picked":["Underhanded Strike","Quick Slash"],"picked":"Bane","floor":14.0},{"not_picked":["Endless Agony+1","Slice"],"picked":"Infinite Blades+1","floor":18.0},{"not_picked":["Slice+1","Tactician+1"],"picked":"Skewer","floor":20.0},{"not_picked":["Dagger Throw","Acrobatics","Underhanded Strike+1"],"picked":"SKIP","floor":22.0}],"player_experience":525445,"relics_obtained":[{"floor":9.0,"key":"Whetstone"},{"floor":13.0,"key":"Regal Pillow"},{"floor":20.0,"key":"Red Mask"}],"event_choices":[{"cards_removed":["Strike_G"],"damage_healed":0.0,"max_hp_gain":0.0,"max_hp_loss":0.0,"gold_gain":0.0,"event_name":"Purifier","player_choice":"Purged","floor":5.0,"gold_loss":0.0,"damage_taken":0.0},{"damage_healed":0.0,"max_hp_gain":0.0,"max_hp_loss":0.0,"gold_gain":30.0,"event_name":"Dead Adventurer","player_choice":"Searched \u00273\u0027 times","floor":12.0,"gold_loss":0.0,"damage_taken":0.0,"relics_obtained":["Tingsha"]},{"damage_healed":0.0,"max_hp_gain":0.0,"max_hp_loss":0.0,"gold_gain":0.0,"event_name":"Masked Bandits","player_choice":"Fought Bandits","floor":20.0,"gold_loss":0.0,"damage_taken":0.0}],"is_beta":false,"boss_relics":[{"not_picked":["Eternal Feather","Tiny House"],"picked":"Empty Cage"}],"items_purged_floors":[4,19,21],"is_endless":false,"potions_floor_spawned":[2,3,14,18,20],"killed_by":"Slavers","ascension_level":0}