{"gold_per_floor":[215,234,43,43,62,62,92,112,112,112,126,160,160,173,173,173],"floor_reached":16,"playtime":518,"items_purged":[],"score":112,"play_id":"a9be952e-8c8d-4aeb-887b-aa3596b268bf","local_time":"20190429224433","is_ascension_mode":false,"campfire_choices":[{"data":"Whirlwind","floor":6,"key":"SMITH"},{"data":"Clothesline","floor":10,"key":"SMITH"},{"floor":13,"key":"DIG"},{"floor":15,"key":"DIG"}],"neow_cost":"NONE","seed_source_timestamp":678582753819892,"circlet_count":0,"master_deck":["Strike_R","Strike_R","Strike_R","Strike_R","Strike_R","Defend_R","Defend_R","Defend_R","Defend_R","Bash","Headbutt","Whirlwind+1","Clothesline+1","Carnage+1"],"relics":["Burning Blood","ClockworkSouvenir","GremlinMask","Shovel","Mercury Hourglass","Molten Egg 2","Art of War","Peace Pipe"],"potions_floor_usage":[11,16,16],"damage_taken":[{"damage":0,"enemies":"2 Louse","floor":1,"turns":3},{"damage":6,"enemies":"Cultist","floor":2,"turns":3},{"damage":1,"enemies":"Jaw Worm","floor":5,"turns":3},{"damage":28,"enemies":"Gremlin Nob","floor":7,"turns":4},{"damage":12,"enemies":"3 Louse","floor":8,"turns":2},{"damage":7,"enemies":"Large Slime","floor":11,"turns":4},{"damage":34,"enemies":"Lagavulin","floor":12,"turns":7},{"damage":5,"enemies":"Looter","floor":14,"turns":2},{"damage":27,"enemies":"The Guardian","floor":16,"turns":13}],"seed_played":"1602428584152038751","potions_obtained":[{"floor":1,"key":"Swift Potion"},{"floor":5,"key":"Dexterity Potion"},{"floor":7,"key":"Fruit Juice"}],"is_trial":false,"path_per_floor":["M","M","$","?","M","R","E","M","T","R","M","E","R","M","R","B"],"character_chosen":"IRONCLAD","items_purchased":["ClockworkSouvenir"],"campfire_rested":0,"item_purchase_floors":[3],"current_hp_per_floor":[80,80,80,80,80,80,58,52,52,52,56,28,28,29,29,2],"gold":173,"neow_bonus":"HUNDRED_GOLD","is_prod":false,"is_daily":false,"chose_seed":false,"campfire_upgraded":2,"win_rate":0,"timestamp":1556592273,"path_taken":["M","M","$","?","M","R","E","?","T","R","M","E","R","M","R","BOSS"],"build_version":"2019-01-23","purchased_purges":0,"victory":false,"max_hp_per_floor":[80,80,80,80,80,80,80,80,80,80,85,85,85,85,85,85],"card_choices":[{"not_picked":["Fire Breathing","Thunderclap"],"picked":"Headbutt","floor":1},{"not_picked":["Evolve","Clothesline"],"picked":"Whirlwind","floor":2},{"not_picked":["Cleave","Berserk","Combust"],"picked":"SKIP","floor":5},{"not_picked":["Havoc","Disarm"],"picked":"Clothesline","floor":7},{"not_picked":["Cleave","Pummel","Iron Wave"],"picked":"SKIP","floor":8},{"not_picked":["Anger","Fire Breathing","Blood for Blood"],"picked":"SKIP","floor":11},{"not_picked":["Sword Boomerang","Havoc"],"picked":"Carnage","floor":12},{"not_picked":["Dropkick+1","Power Through","Sentinel"],"picked":"SKIP","floor":14}],"player_experience":346343,"relics_obtained":[{"floor":7,"key":"Shovel"},{"floor":9,"key":"Mercury Hourglass"},{"floor":12,"key":"Molten Egg 2"},{"floor":13,"key":"Art of War"},{"floor":15,"key":"Peace Pipe"}],"event_choices":[{"damage_healed":0,"gold_gain":0,"player_choice":"Trade","damage_taken":0,"relics_obtained":["GremlinMask"],"max_hp_gain":0,"max_hp_loss":0,"event_name":"FaceTrader","floor":4,"gold_loss":0}],"is_beta":false,"boss_relics":[],"items_purged_floors":[],"is_endless":false,"potions_floor_spawned":[1,5,7,8],"killed_by":"The Guardian","ascension_level":0}