{"gold_per_floor":[130,145,145,195,248,278,309,346,391,441,494,506,559,623,623,758,758,789,215,215,225,256,281,325,337,349,118,118,155,155,175,175,273,273,290,306,342,382,152,152,183,220,220,237,255,0,37,51,51,51],"floor_reached":51,"playtime":2934,"items_purged":[],"score":823,"play_id":"2fc13f7f-1f50-4a1c-9dd7-c9d7b705fcf6","local_time":"20190326234041","is_ascension_mode":false,"campfire_choices":[{"data":"Pommel Strike","floor":15.0,"key":"SMITH"},{"data":"Brutality","floor":25.0,"key":"SMITH"},{"data":"Mayhem","floor":30.0,"key":"SMITH"},{"data":"Perfected Strike","floor":32.0,"key":"SMITH"},{"data":"Pommel Strike","floor":40,"key":"SMITH"},{"data":"Rage","floor":49,"key":"SMITH"}],"neow_cost":"PERCENT_DAMAGE","seed_source_timestamp":259132909543971,"circlet_count":0,"master_deck":["Strike_R","Strike_R","Strike_R","Strike_R","Strike_R","Defend_R","Defend_R","Defend_R","Defend_R","Bash","HandOfGreed","Good Instincts","Perfected Strike","Perfected Strike","Rage","Metallicize","Feel No Pain","Intimidate","Shrug It Off","Cleave","Pommel Strike+1","Brutality+1","Perfected Strike+1","Mayhem+1","RitualDagger","Battle Trance","Rage+1","Thunderclap","Perfected Strike+1","Thunderclap+1","Inflame+1","Pommel Strike+1","Infernal Blade+1","Flex+1","Warcry"],"special_seed":0,"relics":["Burning Blood","Pocketwatch","Calipers","Oddly Smooth Stone","The Courier","Odd Mushroom","Coffee Dripper","StoneCalendar","Mummified Hand","MawBank","Juzu Bracelet","Lantern","Vajra","Eternal Feather","Pear","Orichalcum","Darkstone Periapt","Red Mask"],"potions_floor_usage":[47,48,50,50,50],"damage_taken":[{"damage":2.0,"enemies":"Cultist","floor":1.0,"turns":5.0},{"damage":1.0,"enemies":"Jaw Worm","floor":2.0,"turns":3.0},{"damage":0.0,"enemies":"Small Slimes","floor":4.0,"turns":5.0},{"damage":5.0,"enemies":"2 Fungi Beasts","floor":5.0,"turns":3.0},{"damage":24.0,"enemies":"Gremlin Nob","floor":6.0,"turns":4.0},{"damage":9.0,"enemies":"Blue Slaver","floor":7.0,"turns":3.0},{"damage":1.0,"enemies":"Exordium Wildlife","floor":8.0,"turns":4.0},{"damage":9.0,"enemies":"Exordium Thugs","floor":10.0,"turns":7.0},{"damage":15.0,"enemies":"3 Sentries","floor":11.0,"turns":8.0},{"damage":1.0,"enemies":"Blue Slaver","floor":12.0,"turns":4.0},{"damage":4.0,"enemies":"3 Louse","floor":13.0,"turns":4.0},{"damage":9.0,"enemies":"The Mushroom Lair","floor":14.0,"turns":4.0},{"damage":23.0,"enemies":"Slime Boss","floor":16.0,"turns":12.0},{"damage":7.0,"enemies":"Chosen","floor":18.0,"turns":4.0},{"damage":6.0,"enemies":"2 Thieves","floor":21.0,"turns":3.0},{"damage":16.0,"enemies":"Centurion and Healer","floor":22.0,"turns":4.0},{"damage":15.0,"enemies":"Book of Stabbing","floor":23.0,"turns":5.0},{"damage":9.0,"enemies":"Snake Plant","floor":24.0,"turns":3.0},{"damage":8.0,"enemies":"Chosen and Byrds","floor":29.0,"turns":4.0},{"damage":8.0,"enemies":"3 Cultists","floor":31.0,"turns":6.0},{"damage":48.0,"enemies":"Champ","floor":33.0,"turns":9.0},{"damage":4,"enemies":"3 Darklings","floor":35,"turns":5},{"damage":13,"enemies":"3 Shapes","floor":36,"turns":4},{"damage":17,"enemies":"Sphere and 2 Shapes","floor":37,"turns":4},{"damage":12,"enemies":"Jaw Worm Horde","floor":38,"turns":3},{"damage":16,"enemies":"Giant Head","floor":41,"turns":6},{"damage":22,"enemies":"4 Shapes","floor":42,"turns":3},{"damage":3,"enemies":"3 Darklings","floor":44,"turns":3},{"damage":16,"enemies":"Maw","floor":45,"turns":5},{"damage":28,"enemies":"Jaw Worm Horde","floor":47,"turns":4},{"damage":11,"enemies":"3 Darklings","floor":48,"turns":4},{"damage":40,"enemies":"Donu and Deca","floor":50,"turns":6}],"seed_played":"6085109499429567887","potions_obtained":[{"floor":2.0,"key":"SmokeBomb"},{"floor":5.0,"key":"BloodPotion"},{"floor":6.0,"key":"Dexterity Potion"},{"floor":23.0,"key":"Block Potion"},{"floor":24.0,"key":"EssenceOfSteel"},{"floor":29.0,"key":"Ancient Potion"},{"floor":31.0,"key":"Strength Potion"},{"floor":33.0,"key":"Weak Potion"},{"floor":44,"key":"Fruit Juice"},{"floor":47,"key":"Energy Potion"},{"floor":48,"key":"PowerPotion"}],"is_trial":false,"path_per_floor":["M","M","T","M","M","E","M","M","T","M","E","M","M","?","R","B",null,"M","$","?","M","M","E","M","R","T","$","?","M","R","M","R","B",null,"M","M","M","M","$","R","E","M","T","M","M","?","M","M","R","B",null],"character_chosen":"IRONCLAD","items_purchased":["Mayhem","StoneCalendar","Mummified Hand","Lantern","Vajra","Pear","Pommel Strike"],"campfire_rested":0,"item_purchase_floors":[19,19,19,27,27,39,39],"current_hp_per_floor":[60,65,65,71,72,54,51,56,56,53,44,49,51,48,48,31,80,79,79,73,73,63,54,59,59,59,59,59,57,57,55,55,13,80,80,73,62,56,66,84,74,58,58,61,51,51,34,29,50,16],"gold":51,"neow_bonus":"RANDOM_COLORLESS_2","is_prod":false,"is_daily":false,"chose_seed":false,"campfire_upgraded":6,"win_rate":0,"timestamp":1553658041,"path_taken":["M","M","?","M","M","E","M","M","T","M","E","M","M","?","R","BOSS","M","$","?","M","M","E","M","R","T","$","?","M","R","M","R","BOSS","M","M","M","M","$","R","E","M","T","M","M","?","M","M","R","BOSS"],"build_version":"2019-01-23","purchased_purges":0,"victory":true,"max_hp_per_floor":[80,80,80,80,80,80,80,80,80,80,80,80,80,80,80,80,80,80,80,80,80,80,80,80,80,80,80,80,80,80,80,80,80,80,80,80,80,80,90,90,90,90,90,90,90,90,95,95,95,95],"card_choices":[{"not_picked":["Flex","Havoc"],"picked":"Perfected Strike","floor":1.0},{"not_picked":["Flex","Wild Strike"],"picked":"Perfected Strike","floor":2.0},{"not_picked":["Iron Wave","Immolate"],"picked":"Rage","floor":4.0},{"not_picked":["Ghostly Armor","Clothesline"],"picked":"Metallicize","floor":5.0},{"not_picked":["Clash","Dual Wield"],"picked":"Feel No Pain","floor":6.0},{"not_picked":["Havoc","Wild Strike"],"picked":"Intimidate","floor":7.0},{"not_picked":["Wild Strike","Clash"],"picked":"Shrug It Off","floor":8.0},{"not_picked":["Power Through","Hemokinesis"],"picked":"Cleave","floor":10.0},{"not_picked":["Iron Wave","Headbutt"],"picked":"Pommel Strike","floor":11.0},{"not_picked":["Blood for Blood","True Grit","Intimidate"],"picked":"SKIP","floor":12.0},{"not_picked":["Second Wind","Power Through","Shrug It Off"],"picked":"SKIP","floor":13.0},{"not_picked":["Barricade","Fiend Fire"],"picked":"Brutality","floor":16.0},{"not_picked":["Iron Wave","Uppercut"],"picked":"Perfected Strike+1","floor":18.0},{"not_picked":["Corruption","Perfected Strike"],"picked":"Battle Trance","floor":21.0},{"not_picked":["Iron Wave","Carnage"],"picked":"Rage","floor":22.0},{"not_picked":["Rupture","Metallicize+1"],"picked":"Thunderclap","floor":23.0},{"not_picked":["Metallicize","Twin Strike","Shrug It Off+1"],"picked":"SKIP","floor":24.0},{"not_picked":["Seeing Red","Sword Boomerang","Barricade"],"picked":"SKIP","floor":29.0},{"not_picked":["Body Slam","Flex"],"picked":"Perfected Strike","floor":31.0},{"not_picked":["Clothesline","Heavy Blade","Wild Strike+1"],"picked":"SKIP","floor":35},{"not_picked":["Ghostly Armor+1","Clash+1","Carnage+1"],"picked":"SKIP","floor":36},{"not_picked":["Warcry","Searing Blow"],"picked":"Thunderclap+1","floor":37},{"not_picked":["Ghostly Armor","Dropkick+1"],"picked":"Inflame+1","floor":38},{"not_picked":["Seeing Red","Blood for Blood"],"picked":"Infernal Blade+1","floor":41},{"not_picked":["Flex+1","Shrug It Off","Immolate"],"picked":"SKIP","floor":42},{"not_picked":["Burning Pact+1","Anger+1","Clash+1"],"picked":"SKIP","floor":44},{"not_picked":["Wild Strike+1","Heavy Blade"],"picked":"Flex+1","floor":45},{"not_picked":["Pommel Strike","Sever Soul+1"],"picked":"Warcry","floor":47},{"not_picked":["Power Through+1","Cleave+1","Thunderclap"],"picked":"SKIP","floor":48}],"player_experience":76971,"relics_obtained":[{"floor":3.0,"key":"Pocketwatch"},{"floor":6.0,"key":"Calipers"},{"floor":9.0,"key":"Oddly Smooth Stone"},{"floor":11.0,"key":"The Courier"},{"floor":14.0,"key":"Odd Mushroom"},{"floor":23.0,"key":"MawBank"},{"floor":26.0,"key":"Juzu Bracelet"},{"floor":41,"key":"Orichalcum"},{"floor":43,"key":"Darkstone Periapt"}],"event_choices":[{"damage_healed":0.0,"max_hp_gain":0.0,"max_hp_loss":0.0,"gold_gain":0.0,"event_name":"Mushrooms","player_choice":"Fought Mushrooms","floor":14.0,"gold_loss":0.0,"damage_taken":0.0},{"damage_healed":0.0,"max_hp_gain":0.0,"max_hp_loss":0.0,"gold_gain":0.0,"event_name":"Nest","player_choice":"Joined the Cult","floor":20.0,"gold_loss":0.0,"damage_taken":6.0,"cards_obtained":["RitualDagger"]},{"damage_healed":0.0,"max_hp_gain":0.0,"max_hp_loss":0.0,"gold_gain":0.0,"event_name":"Beggar","player_choice":"Ignored","floor":28.0,"gold_loss":0.0,"damage_taken":0.0},{"damage_healed":0,"gold_gain":0,"player_choice":"Paid","damage_taken":0,"relics_obtained":["Red Mask"],"max_hp_gain":0,"max_hp_loss":0,"event_name":"Tomb of Lord Red Mask","floor":46,"gold_loss":255}],"is_beta":false,"boss_relics":[{"not_picked":["Snecko Eye","Runic Pyramid"],"picked":"Coffee Dripper"},{"not_picked":["Fusion Hammer","Black Star"],"picked":"Eternal Feather"}],"items_purged_floors":[],"is_endless":false,"potions_floor_spawned":[2,5,6,7,11,12,13,23,24,29,31,33,37,38,44,47,48],"ascension_level":0}