{"gold_per_floor":[110,110,72,72,72,72,112,112,185,185,208,223,244,269,269,394,394,407,19,38,52,70,105,105,125,125,125,149,164,64,64,64,192,192,216,231,231,141,69,69,103,121,121,162,162,180,203,224,224,224],"floor_reached":51,"playtime":2504,"items_purged":["Defend_R","Defend_R"],"score":893,"play_id":"0e3f4d18-caaf-4970-8e71-00d548005145","local_time":"20190403221303","is_ascension_mode":true,"campfire_choices":[{"data":"Feed","floor":6,"key":"SMITH"},{"floor":8,"key":"REST"},{"data":"Pommel Strike","floor":10,"key":"SMITH"},{"data":"Perfected Strike","floor":15,"key":"SMITH"},{"data":"Perfected Strike","floor":24,"key":"SMITH"},{"data":"Feed","floor":27,"key":"SMITH"},{"floor":32,"key":"REST"},{"data":"Perfected Strike","floor":40,"key":"SMITH"},{"floor":45,"key":"REST"},{"data":"Pommel Strike","floor":49,"key":"SMITH"}],"neow_cost":"TEN_PERCENT_HP_LOSS","seed_source_timestamp":537971672522638,"circlet_count":0,"master_deck":["Strike_R","Strike_R","Strike_R","Strike_R","Strike_R+1","Bash+1","Feed+1","Pommel Strike+1","Seeing Red","Clash","Twin Strike+1","Perfected Strike+1","Feed+1","Intimidate+1","Flex+1","Perfected Strike+1","Twin Strike","Infernal Blade+1","Flex+1","Battle Trance+1","Pommel Strike+1","Perfected Strike+1","Battle Trance+1","Metallicize+1","Pommel Strike+1","Twin Strike","Twin Strike+1","Perfected Strike+1","Perfected Strike+1"],"relics":["Burning Blood","Golden Idol","Toxic Egg 2","Shuriken","Philosopher\u0027s Stone","Question Card","Ginger","Ancient Tea Set","Sozu","Potion Belt","Incense Burner","Happy Flower"],"potions_floor_usage":[14,21,21,28,28,37],"damage_taken":[{"damage":11,"enemies":"Jaw Worm","floor":1,"turns":2},{"damage":26,"enemies":"Lagavulin","floor":7,"turns":5},{"damage":0,"enemies":"2 Louse","floor":11,"turns":2},{"damage":9,"enemies":"Small Slimes","floor":12,"turns":5},{"damage":0,"enemies":"Exordium Wildlife","floor":13,"turns":2},{"damage":0,"enemies":"Red Slaver","floor":14,"turns":1},{"damage":48,"enemies":"Hexaghost","floor":16,"turns":6},{"damage":11,"enemies":"2 Thieves","floor":18,"turns":2},{"damage":19,"enemies":"3 Byrds","floor":20,"turns":4},{"damage":11,"enemies":"Sentry and Sphere","floor":21,"turns":3},{"damage":15,"enemies":"Cultist and Chosen","floor":22,"turns":4},{"damage":21,"enemies":"Gremlin Leader","floor":23,"turns":4},{"damage":12,"enemies":"Chosen and Byrds","floor":25,"turns":3},{"damage":0,"enemies":"Snecko","floor":28,"turns":1},{"damage":9,"enemies":"Centurion and Healer","floor":29,"turns":3},{"damage":46,"enemies":"Champ","floor":33,"turns":6},{"damage":11,"enemies":"Orb Walker","floor":35,"turns":2},{"damage":14,"enemies":"3 Darklings","floor":36,"turns":3},{"damage":0,"enemies":"4 Shapes","floor":37,"turns":1},{"damage":0,"enemies":"Reptomancer","floor":41,"turns":2},{"damage":0,"enemies":"Transient","floor":42,"turns":5},{"damage":57,"enemies":"Nemesis","floor":44,"turns":5},{"damage":0,"enemies":"Maw","floor":46,"turns":4},{"damage":3,"enemies":"Sphere and 2 Shapes","floor":47,"turns":2},{"damage":2,"enemies":"Jaw Worm Horde","floor":48,"turns":2},{"damage":57,"enemies":"Time Eater","floor":50,"turns":6}],"seed_played":"4848403463887677155","potions_obtained":[{"floor":7,"key":"Poison Potion"},{"floor":13,"key":"SpeedPotion"},{"floor":14,"key":"FearPotion"},{"floor":18,"key":"SmokeBomb"},{"floor":20,"key":"FearPotion"},{"floor":25,"key":"Fire Potion"},{"floor":33,"key":"SmokeBomb"}],"is_trial":false,"path_per_floor":["M","?","$","?","?","R","E","R","T","R","M","M","M","M","R","B",null,"M","$","M","M","M","E","R","M","T","R","M","M","$","?","R","B",null,"M","M","M","?","$","R","E","M","T","E","R","M","M","M","R","B",null],"character_chosen":"IRONCLAD","items_purchased":["Seeing Red","Question Card","Flex+1","Strength Potion","Battle Trance+1"],"campfire_rested":3,"item_purchase_floors":[3,19,19,19,39],"current_hp_per_floor":[70,55,55,55,37,37,17,39,39,39,49,50,60,66,66,24,87,85,85,79,77,71,56,56,54,54,54,64,65,65,65,99,59,115,110,102,108,108,108,108,118,119,119,68,103,113,120,132,132,81],"gold":224,"neow_bonus":"THREE_RARE_CARDS","is_prod":false,"is_daily":false,"chose_seed":false,"campfire_upgraded":7,"win_rate":0,"timestamp":1554343983,"path_taken":["M","?","$","?","?","R","E","R","T","R","M","M","M","M","R","BOSS","M","$","M","M","M","E","R","M","T","R","M","M","$","?","R","BOSS","M","M","M","?","$","R","E","M","T","E","R","M","M","?","R","BOSS"],"build_version":"2019-01-23","purchased_purges":2,"victory":true,"max_hp_per_floor":[75,75,75,75,75,75,75,75,75,75,79,83,87,87,87,87,87,90,90,97,100,103,103,103,107,107,107,111,115,115,115,115,115,115,115,115,115,115,115,115,119,119,119,119,119,123,127,135,135,135],"card_choices":[{"not_picked":["Dark Embrace","Offering"],"picked":"Feed","floor":0},{"not_picked":["Shrug It Off","True Grit"],"picked":"Pommel Strike","floor":1},{"not_picked":["Seeing Red","True Grit"],"picked":"Clash","floor":7},{"not_picked":["Cleave","Havoc+1","Whirlwind"],"picked":"SKIP","floor":11},{"not_picked":["Blood for Blood","Armaments+1","Dark Embrace"],"picked":"SKIP","floor":12},{"not_picked":["Armaments+1","Iron Wave"],"picked":"Twin Strike","floor":13},{"not_picked":["Havoc+1","Flex+1"],"picked":"Perfected Strike","floor":14},{"not_picked":["Berserk","Demon Form"],"picked":"Feed","floor":16},{"not_picked":["Feel No Pain","Carnage"],"picked":"Intimidate+1","floor":18},{"not_picked":["Sword Boomerang","Shrug It Off+1","True Grit+1"],"picked":"Perfected Strike","floor":20},{"not_picked":["True Grit+1","Havoc+1","Ghostly Armor+1","Sentinel+1"],"picked":"SKIP","floor":21},{"not_picked":["Headbutt+1","Anger","Spot Weakness+1"],"picked":"Twin Strike","floor":22},{"not_picked":["Flex+1","True Grit+1","Inflame"],"picked":"Infernal Blade+1","floor":23},{"not_picked":["Berserk","Hemokinesis","Havoc+1","Inflame"],"picked":"SKIP","floor":25},{"not_picked":["Headbutt","Armaments+1","Sword Boomerang"],"picked":"Flex+1","floor":28},{"not_picked":["Flex+1","Body Slam","Combust"],"picked":"Battle Trance+1","floor":29},{"not_picked":["Sentinel+1","Wild Strike+1","Warcry+1"],"picked":"Pommel Strike+1","floor":35},{"not_picked":["Sword Boomerang+1","Feel No Pain+1","Wild Strike+1"],"picked":"Perfected Strike","floor":36},{"not_picked":["Clothesline","Flame Barrier+1","Power Through+1"],"picked":"Metallicize+1","floor":41},{"not_picked":["Cleave+1","Flex+1","Warcry+1"],"picked":"Pommel Strike","floor":42},{"not_picked":["Cleave","Iron Wave+1","Demon Form"],"picked":"Twin Strike","floor":44},{"not_picked":["Rampage+1","Battle Trance+1","Metallicize+1"],"picked":"Twin Strike+1","floor":46},{"not_picked":["Hemokinesis","Armaments+1","Sever Soul"],"picked":"Perfected Strike+1","floor":47},{"not_picked":["Body Slam","Clash","Reckless Charge"],"picked":"Perfected Strike+1","floor":48}],"player_experience":256876,"relics_obtained":[{"floor":7,"key":"Toxic Egg 2"},{"floor":9,"key":"Shuriken"},{"floor":23,"key":"Ginger"},{"floor":26,"key":"Ancient Tea Set"},{"floor":41,"key":"Potion Belt"},{"floor":43,"key":"Incense Burner"},{"floor":44,"key":"Happy Flower"}],"event_choices":[{"damage_healed":0,"gold_gain":0,"player_choice":"Entered Light","damage_taken":15,"max_hp_gain":0,"max_hp_loss":0,"event_name":"Shining Light","floor":2,"gold_loss":0,"cards_upgraded":["Bash","Strike_R"]},{"cards_removed":["Defend_R"],"damage_healed":0,"gold_gain":0,"player_choice":"Forget","damage_taken":0,"max_hp_gain":0,"max_hp_loss":0,"event_name":"Living Wall","floor":4,"gold_loss":0},{"damage_healed":0,"gold_gain":0,"player_choice":"Take Damage","damage_taken":18,"relics_obtained":["Golden Idol"],"max_hp_gain":0,"max_hp_loss":0,"event_name":"Golden Idol","floor":5,"gold_loss":0},{"damage_healed":0,"gold_gain":0,"player_choice":"Ignored","damage_taken":0,"max_hp_gain":0,"max_hp_loss":0,"event_name":"Beggar","floor":31,"gold_loss":0},{"cards_removed":["Defend_R"],"damage_healed":0,"gold_gain":0,"player_choice":"Upgrade and Remove","damage_taken":0,"max_hp_gain":0,"max_hp_loss":0,"event_name":"Designer","floor":38,"gold_loss":90,"cards_upgraded":["Twin Strike"]}],"is_beta":false,"boss_relics":[{"not_picked":["Lizard Tail","Tiny House"],"picked":"Philosopher\u0027s Stone"},{"not_picked":["Mark of Pain","Eternal Feather"],"picked":"Sozu"}],"items_purged_floors":[19,30],"is_endless":false,"potions_floor_spawned":[7,13,14,18,20,25,33,36,37,42,47,48],"ascension_level":1}