{"gold_per_floor":[10,29,29,29,41,41,74,84,84,14,48,59,69,81,81,81],"floor_reached":16,"playtime":1034,"items_purged":[],"score":174,"play_id":"d98cfcbc-0b57-4b23-ad74-79db339433b9","local_time":"20190512192119","is_ascension_mode":true,"campfire_choices":[{"data":"Zap","floor":6,"key":"SMITH"},{"floor":15,"key":"REST"}],"neow_cost":"NO_GOLD","seed_source_timestamp":758308995671964,"circlet_count":0,"master_deck":["Strike_B","Strike_B","Strike_B","Defend_B","Defend_B","Zap+1","Dualcast","Steam Power","Scrape","Coolheaded","Cold Snap","All For One","Core Surge","Turbo","Gash","Scrape","Chill","Gash","FTL","Hologram","Gash"],"relics":["Cracked Core","Emotion Chip","Torii","Prayer Wheel"],"potions_floor_usage":[11,12,13,16],"damage_taken":[{"damage":10,"enemies":"Small Slimes","floor":1,"turns":3},{"damage":1,"enemies":"Cultist","floor":2,"turns":3},{"damage":5,"enemies":"Jaw Worm","floor":5,"turns":3},{"damage":41,"enemies":"3 Sentries","floor":7,"turns":7},{"damage":4,"enemies":"Exordium Thugs","floor":8,"turns":3},{"damage":0,"enemies":"Gremlin Nob","floor":11,"turns":2},{"damage":0,"enemies":"Red Slaver","floor":12,"turns":2},{"damage":1,"enemies":"Exordium Wildlife","floor":13,"turns":2},{"damage":13,"enemies":"3 Louse","floor":14,"turns":2},{"damage":31,"enemies":"The Guardian","floor":16,"turns":4}],"seed_played":"-1189413795881379946","potions_obtained":[{"floor":5,"key":"Strength Potion"},{"floor":7,"key":"SkillPotion"},{"floor":11,"key":"Regen Potion"},{"floor":12,"key":"Weak Potion"},{"floor":14,"key":"SkillPotion"}],"is_trial":false,"path_per_floor":["M","M","$","?","M","R","E","M","T","$","E","M","M","M","R","B"],"character_chosen":"DEFECT","items_purchased":["Scrape"],"campfire_rested":1,"item_purchase_floors":[10],"current_hp_per_floor":[65,64,64,64,59,59,18,14,14,14,14,14,18,5,27,0],"gold":81,"neow_bonus":"TRANSFORM_TWO_CARDS","is_prod":false,"is_daily":false,"chose_seed":false,"campfire_upgraded":1,"win_rate":0,"timestamp":1557710479,"path_taken":["M","M","$","?","M","R","E","M","T","$","E","M","?","M","R","BOSS"],"build_version":"2019-01-23","purchased_purges":0,"victory":false,"max_hp_per_floor":[75,75,75,75,75,75,75,75,75,75,75,75,75,75,75,75],"card_choices":[{"not_picked":["Compile Driver","Redo"],"picked":"Coolheaded","floor":1},{"not_picked":["Gash","Leap"],"picked":"Cold Snap","floor":2},{"not_picked":["Force Field","Coolheaded"],"picked":"Core Surge","floor":5},{"not_picked":["Chill","Stack"],"picked":"Turbo","floor":7},{"not_picked":["Aggregate","Storm"],"picked":"Gash","floor":8},{"not_picked":["Melter","Echo Form"],"picked":"Chill","floor":11},{"not_picked":["Redo","Streamline"],"picked":"Gash","floor":12},{"not_picked":["Hello World","Undo","Ball Lightning"],"picked":"SKIP","floor":12},{"not_picked":["Scrape","Redo"],"picked":"FTL","floor":13},{"not_picked":["Reinforced Body","Recycle"],"picked":"Hologram","floor":13},{"not_picked":["Cold Snap","Rebound"],"picked":"Gash","floor":14},{"not_picked":["Steam","Barrage","Rebound"],"picked":"SKIP","floor":14}],"player_experience":271691,"relics_obtained":[{"floor":7,"key":"Emotion Chip"},{"floor":9,"key":"Torii"},{"floor":11,"key":"Prayer Wheel"}],"event_choices":[{"damage_healed":0,"gold_gain":0,"cards_transformed":["Strike_B"],"player_choice":"Transformed","damage_taken":0,"max_hp_gain":0,"max_hp_loss":0,"event_name":"Transmorgrifier","floor":4,"gold_loss":0,"cards_obtained":["All For One"]}],"is_beta":false,"boss_relics":[],"items_purged_floors":[],"is_endless":false,"potions_floor_spawned":[5,7,11,12,14],"killed_by":"The Guardian","ascension_level":5}