{"gold_per_floor":[118,128,53,72,82,82,117,117,170,170,183,183,183,15,15,116,116,133,133,143,67,79,79,0,275,348,273,61,94,94,106,106,106],"floor_reached":33,"playtime":1613,"items_purged":["Regret"],"score":302,"play_id":"37b97967-f60f-4a80-a46b-2a262a57fdeb","local_time":"20180926143305","is_ascension_mode":true,"campfire_choices":[{"data":"Zap","floor":6,"key":"SMITH"},{"data":"Redo","floor":8,"key":"SMITH"},{"data":"Redo","floor":12,"key":"SMITH"},{"floor":15,"key":"REST"},{"floor":23,"key":"REST"},{"floor":30,"key":"REST"},{"floor":32,"key":"REST"}],"neow_cost":"","seed_source_timestamp":396159411616599,"circlet_count":0,"master_deck":["Strike_B","Strike_B","Strike_B","Defend_B+1","Defend_B","Defend_B+1","Defend_B","Zap+1","Dualcast","Streamline","Streamline","Scrape","Gash","Redo+1","Redo+1","Melter","Hologram","Electrodynamics","Hologram","Hello World+1","Defragment","Redo+1","Clumsy","Chrysalis","Genetic Algorithm","Go for the Eyes"],"relics":["Cracked Core","Kunai","Vajra","War Paint","Cursed Key","Bottled Lightning","PreservedInsect"],"potions_floor_usage":[11,16,16,22,33],"damage_taken":[{"damage":1,"enemies":"Cultist","floor":1,"turns":3},{"damage":0,"enemies":"2 Louse","floor":2,"turns":1},{"damage":3,"enemies":"Small Slimes","floor":4,"turns":3},{"damage":14,"enemies":"3 Louse","floor":5,"turns":2},{"damage":35,"enemies":"Lagavulin","floor":7,"turns":5},{"damage":5,"enemies":"Gremlin Gang","floor":11,"turns":2},{"damage":28,"enemies":"Hexaghost","floor":16,"turns":8},{"damage":11,"enemies":"Shell Parasite","floor":18,"turns":3},{"damage":19,"enemies":"Colosseum Slavers","floor":19,"turns":2},{"damage":14,"enemies":"2 Thieves","floor":20,"turns":2},{"damage":22,"enemies":"Snake Plant","floor":22,"turns":3},{"damage":25,"enemies":"Gremlin Leader","floor":29,"turns":6},{"damage":19,"enemies":"Cultist and Chosen","floor":31,"turns":4},{"damage":44,"enemies":"Collector","floor":33,"turns":6}],"seed_played":"-936861969057867843","potions_obtained":[{"floor":4,"key":"Dexterity Potion"},{"floor":7,"key":"Explosive Potion"},{"floor":11,"key":"Poison Potion"},{"floor":20,"key":"Strength Potion"},{"floor":31,"key":"Dexterity Potion"}],"is_trial":false,"path_per_floor":["M","M","$","M","M","R","E","R","T","?","M","R","?","$","R","B",null,"M","?","M","$","M","R","?","?","T","$","$","E","R","M","R"],"character_chosen":"DEFECT","items_purchased":["Scrape","Hologram","War Paint","Defragment","Chrysalis"],"campfire_rested":4,"item_purchase_floors":[3,14,14,21,28],"current_hp_per_floor":[74,74,74,71,57,57,22,22,22,27,22,22,15,15,39,11,80,69,50,36,36,14,38,38,38,38,38,38,13,37,18,42,0],"gold":106,"neow_bonus":"","is_prod":false,"is_daily":false,"chose_seed":false,"campfire_upgraded":3,"win_rate":0,"timestamp":1537993985,"path_taken":["M","M","$","M","?","R","E","R","T","?","?","R","?","$","R","BOSS","M","?","?","$","M","R","?","?","T","?","$","E","R","?","R","BOSS"],"build_version":"2018-09-20","purchased_purges":1,"victory":false,"max_hp_per_floor":[75,75,75,75,75,75,75,75,75,80,80,80,80,80,80,80,80,80,80,80,80,80,80,80,80,80,80,80,80,80,80,80,80],"card_choices":[{"not_picked":["Sweeping Beam","Conserve Battery"],"picked":"Streamline","floor":1},{"not_picked":["Sweeping Beam","Compile Driver"],"picked":"Streamline","floor":2},{"not_picked":["Cold Snap","Chill"],"picked":"Gash","floor":4},{"not_picked":["Skim","Coolheaded"],"picked":"Redo","floor":5},{"not_picked":["Tempest","Coolheaded"],"picked":"Redo","floor":7},{"not_picked":["Turbo","Biased Cognition"],"picked":"Melter","floor":11},{"not_picked":["Amplify","Meteor Strike"],"picked":"Electrodynamics","floor":16},{"not_picked":["Conserve Battery","Coolheaded"],"picked":"Hologram","floor":18},{"not_picked":["Steam","Coolheaded"],"picked":"Hello World+1","floor":20},{"not_picked":["Recycle","Chaos"],"picked":"Redo+1","floor":22},{"not_picked":["Stack","Rebound"],"picked":"Genetic Algorithm","floor":29},{"not_picked":["Cold Snap","Meteor Strike"],"picked":"Go for the Eyes","floor":31}],"player_experience":87781,"relics_obtained":[{"floor":7,"key":"Kunai"},{"floor":9,"key":"Vajra"},{"floor":26,"key":"Bottled Lightning"},{"floor":29,"key":"PreservedInsect"}],"event_choices":[{"event_name":"Big Fish","player_choice":"Donut","floor":10,"damage_taken":0},{"event_name":"Golden Wing","player_choice":"Card Removal","floor":13,"damage_taken":0},{"event_name":"Colosseum","player_choice":"Fight","floor":19,"damage_taken":0},{"event_name":"Colosseum","player_choice":"Fled From Nobs","floor":19,"damage_taken":0},{"event_name":"Masked Bandits","player_choice":"Paid Fearfully","floor":24,"damage_taken":0},{"event_name":"Golden Shrine","player_choice":"Desecrate","floor":25,"damage_taken":0}],"is_beta":false,"boss_relics":[{"not_picked":["Empty Cage","Eternal Feather"],"picked":"Cursed Key"}],"items_purged_floors":[27],"is_endless":false,"potions_floor_spawned":[4,7,11,20,31],"killed_by":"Collector","ascension_level":3}