{"gold_per_floor":[117,134,134,153,9,36,97,97,165,196,216,227,227,238,238,334,334,353,367,367,76,92,117,117,147,147,181,199,199],"floor_reached":29,"playtime":1786,"items_purged":["Strike_G","Defend_G"],"score":379,"play_id":"4443785c-dd96-4d3b-9bcf-5b9d312aa830","local_time":"20190513172437","is_ascension_mode":true,"campfire_choices":[{"data":"Glass Knife","floor":8,"key":"SMITH"},{"floor":15,"key":"REST"},{"floor":24,"key":"REST"}],"neow_cost":"NONE","seed_source_timestamp":829957991799115,"circlet_count":0,"master_deck":["Defend_G","Defend_G","Defend_G","Strike_G","Strike_G","Strike_G","Survivor","Neutralize","Deadly Poison","Blade Dance","Glass Knife+1","Die Die Die","Accuracy","Blade Dance","Blade Dance","Dagger Throw","Quick Slash","Acrobatics","Burst","Blade Dance","Venomology","Accuracy","Finisher","After Image","Cloak And Dagger","Blade Dance"],"relics":["Ring of the Snake","Juzu Bracelet","Bronze Scales","Orichalcum","Regal Pillow","Runic Dome","Sling","Pantograph","Snake Skull","Unceasing Top","Matryoshka"],"potions_floor_usage":[7,11,22,22,23,25,25,27,28,28],"damage_taken":[{"damage":1,"enemies":"Cultist","floor":1,"turns":5},{"damage":4,"enemies":"Jaw Worm","floor":2,"turns":4},{"damage":0,"enemies":"Small Slimes","floor":4,"turns":3},{"damage":19,"enemies":"3 Sentries","floor":6,"turns":7},{"damage":22,"enemies":"Gremlin Nob","floor":7,"turns":4},{"damage":5,"enemies":"Gremlin Nob","floor":10,"turns":3},{"damage":8,"enemies":"Exordium Thugs","floor":11,"turns":3},{"damage":0,"enemies":"Gremlin Gang","floor":12,"turns":3},{"damage":0,"enemies":"Lots of Slimes","floor":14,"turns":1},{"damage":12,"enemies":"Slime Boss","floor":16,"turns":9},{"damage":0,"enemies":"Spheric Guardian","floor":18,"turns":2},{"damage":21,"enemies":"Shell Parasite","floor":19,"turns":3},{"damage":14,"enemies":"Snake Plant","floor":22,"turns":4},{"damage":20,"enemies":"Book of Stabbing","floor":23,"turns":4},{"damage":11,"enemies":"Gremlin Leader","floor":25,"turns":5},{"damage":17,"enemies":"Book of Stabbing","floor":27,"turns":3},{"damage":23,"enemies":"Centurion and Healer","floor":28,"turns":5}],"seed_played":"-1133176341499166896","potions_obtained":[{"floor":6,"key":"PowerPotion"},{"floor":10,"key":"SkillPotion"},{"floor":14,"key":"AttackPotion"},{"floor":16,"key":"Energy Potion"},{"floor":18,"key":"SpeedPotion"},{"floor":19,"key":"Swift Potion"},{"floor":27,"key":"Fruit Juice"}],"is_trial":false,"path_per_floor":["M","M","?","M","$","E","?","R","T","E","M","M","?","M","R","B",null,"M","M","?","$","M","E","R","E","T","E","M","?"],"character_chosen":"THE_SILENT","items_purchased":["Accuracy","Sling"],"campfire_rested":2,"item_purchase_floors":[5,21],"current_hp_per_floor":[76,72,72,72,72,53,31,31,31,26,18,18,15,15,53,41,77,77,56,56,56,42,22,60,49,49,37,14,0],"gold":199,"neow_bonus":"TEN_PERCENT_HP_BONUS","is_prod":false,"is_daily":false,"chose_seed":false,"campfire_upgraded":1,"win_rate":0,"timestamp":1557789877,"path_taken":["M","M","?","M","$","E","?","R","T","E","M","M","?","M","R","BOSS","M","M","?","$","M","E","R","E","T","E","M","?"],"build_version":"2019-01-23","purchased_purges":2,"victory":false,"max_hp_per_floor":[77,77,77,77,77,77,77,77,77,77,77,77,77,77,77,77,77,77,77,77,77,77,77,77,77,77,82,82,82],"card_choices":[{"not_picked":["Sucker Punch","Acrobatics"],"picked":"Deadly Poison","floor":1},{"not_picked":["Bane","Slice"],"picked":"Blade Dance","floor":2},{"not_picked":["Setup","Sucker Punch"],"picked":"Die Die Die","floor":4},{"not_picked":["Predator","Catalyst"],"picked":"Blade Dance","floor":6},{"not_picked":["Deflect","Dodge and Roll"],"picked":"Blade Dance","floor":7},{"not_picked":["Footwork","Dash","Heel Hook"],"picked":"SKIP","floor":10},{"not_picked":["Dash","Distraction"],"picked":"Dagger Throw","floor":11},{"not_picked":["Catalyst","Expertise"],"picked":"Quick Slash","floor":12},{"not_picked":["Bane","Slice"],"picked":"Acrobatics","floor":14},{"not_picked":["Grand Finale","Doppelganger"],"picked":"Burst","floor":16},{"not_picked":["Dodge and Roll","Underhanded Strike"],"picked":"Blade Dance","floor":18},{"not_picked":["Outmaneuver","Eviscerate+1","Heel Hook"],"picked":"SKIP","floor":19},{"not_picked":["Outmaneuver","Dagger Spray"],"picked":"Accuracy","floor":22},{"not_picked":["Poisoned Stab","Blade Dance"],"picked":"Finisher","floor":23},{"not_picked":["Dodge and Roll+1","All Out Attack"],"picked":"After Image","floor":25},{"not_picked":["Deflect","Tools of the Trade"],"picked":"Cloak And Dagger","floor":27},{"not_picked":["Riddle With Holes","Outmaneuver+1"],"picked":"Blade Dance","floor":28}],"player_experience":324100,"relics_obtained":[{"floor":6,"key":"Juzu Bracelet"},{"floor":7,"key":"Bronze Scales"},{"floor":10,"key":"Orichalcum"},{"floor":23,"key":"Pantograph"},{"floor":25,"key":"Snake Skull"},{"floor":26,"key":"Unceasing Top"},{"floor":27,"key":"Matryoshka"}],"event_choices":[{"damage_healed":0,"gold_gain":0,"cards_transformed":["Strike_G"],"player_choice":"Transformed","damage_taken":0,"max_hp_gain":0,"max_hp_loss":0,"event_name":"Transmorgrifier","floor":3,"gold_loss":0,"cards_obtained":["Glass Knife"]},{"damage_healed":0,"gold_gain":0,"player_choice":"Searched \u00272\u0027 times","damage_taken":0,"max_hp_gain":0,"max_hp_loss":0,"event_name":"Dead Adventurer","floor":7,"gold_loss":0},{"damage_healed":0,"gold_gain":0,"player_choice":"Success","damage_taken":3,"relics_obtained":["Regal Pillow"],"max_hp_gain":0,"max_hp_loss":0,"event_name":"Scrap Ooze","floor":13,"gold_loss":0},{"damage_healed":0,"gold_gain":0,"cards_transformed":["Defend_G"],"player_choice":"Transformed","damage_taken":0,"max_hp_gain":0,"max_hp_loss":0,"event_name":"Transmorgrifier","floor":20,"gold_loss":0,"cards_obtained":["Venomology"]}],"is_beta":false,"boss_relics":[{"not_picked":["Cursed Key","Velvet Choker"],"picked":"Runic Dome"}],"items_purged_floors":[5,21],"is_endless":false,"potions_floor_spawned":[6,10,14,16,18,19,27],"ascension_level":4}