{"gold_per_floor":[11,11,11,28,41,60,85,85,85,95,95,118,118,141,141,267,267,285,303,228,228],"floor_reached":21,"playtime":933,"items_purged":[],"score":229,"play_id":"04973ca7-9fc9-4f43-b643-f026cb158181","local_time":"20190424194058","is_ascension_mode":true,"campfire_choices":[{"data":"White Noise","floor":8,"key":"SMITH"},{"floor":13,"key":"REST"},{"data":"Capacitor","floor":15,"key":"SMITH"}],"neow_cost":"NO_GOLD","seed_source_timestamp":492764730847930,"circlet_count":0,"master_deck":["Dualcast","Machine Learning","Coolheaded","Echo Form","White Noise+1","Capacitor+1","Glacier","Sunder","Sunder","Capacitor","Beam Cell","Electrodynamics","Fusion","Compile Driver","Coolheaded+1","Conserve Battery+1"],"relics":["Cracked Core","Girya","StoneCalendar","Golden Idol","Pandora\u0027s Box"],"potions_floor_usage":[18,21],"damage_taken":[{"damage":0,"enemies":"2 Louse","floor":1,"turns":2},{"damage":5,"enemies":"Small Slimes","floor":4,"turns":4},{"damage":1,"enemies":"Cultist","floor":5,"turns":3},{"damage":6,"enemies":"Looter","floor":6,"turns":4},{"damage":26,"enemies":"Lagavulin","floor":7,"turns":8},{"damage":10,"enemies":"2 Fungi Beasts","floor":10,"turns":4},{"damage":4,"enemies":"Blue Slaver","floor":12,"turns":4},{"damage":4,"enemies":"Red Slaver","floor":14,"turns":4},{"damage":12,"enemies":"Hexaghost","floor":16,"turns":12},{"damage":20,"enemies":"Shell Parasite","floor":18,"turns":7},{"damage":20,"enemies":"Spheric Guardian","floor":19,"turns":4},{"damage":22,"enemies":"Snake Plant","floor":21,"turns":1}],"seed_played":"-5967414362512509400","potions_obtained":[{"floor":3,"key":"SmokeBomb"},{"floor":3,"key":"Swift Potion"},{"floor":3,"key":"EssenceOfSteel"},{"floor":7,"key":"FearPotion"},{"floor":12,"key":"Ancient Potion"},{"floor":19,"key":"LiquidBronze"}],"is_trial":false,"path_per_floor":["M","?","?","M","M","M","E","R","T","M","?","M","R","M","R","B",null,"M","M","?","M"],"character_chosen":"DEFECT","items_purchased":[],"campfire_rested":1,"item_purchase_floors":[],"current_hp_per_floor":[75,68,68,63,62,56,30,30,30,20,20,16,36,32,32,20,57,37,17,17,0],"gold":228,"neow_bonus":"THREE_RARE_CARDS","is_prod":false,"is_daily":false,"chose_seed":false,"campfire_upgraded":2,"win_rate":0,"timestamp":1556149258,"path_taken":["M","?","?","M","M","M","E","R","T","?","?","M","R","M","R","BOSS","M","M","?","M"],"build_version":"2019-01-23","purchased_purges":0,"victory":false,"max_hp_per_floor":[75,75,75,75,75,75,75,75,75,75,69,69,69,69,69,69,69,69,69,69,69],"card_choices":[{"not_picked":["Buffer","Creative AI"],"picked":"Machine Learning","floor":0},{"not_picked":["Turbo","Streamline","Steam"],"picked":"SKIP","floor":1},{"not_picked":["Recycle","Streamline","Beam Cell"],"picked":"SKIP","floor":4},{"not_picked":["Streamline","Stack"],"picked":"Coolheaded","floor":5},{"not_picked":["Stack","Hologram"],"picked":"Echo Form","floor":6},{"not_picked":["All For One","Rebound"],"picked":"White Noise","floor":7},{"not_picked":["Reprogram","Stack"],"picked":"Capacitor","floor":10},{"not_picked":["Beam Cell","Reprogram","Consume"],"picked":"SKIP","floor":12},{"not_picked":["Loop","Sunder"],"picked":"Glacier","floor":14},{"not_picked":["Rip and Tear","Rebound+1"],"picked":"Coolheaded+1","floor":18},{"not_picked":["Turbo","Fusion"],"picked":"Conserve Battery+1","floor":19}],"player_experience":293127,"relics_obtained":[{"floor":7,"key":"Girya"},{"floor":9,"key":"StoneCalendar"}],"event_choices":[{"cards_removed":["Strike_B"],"damage_healed":0,"gold_gain":0,"player_choice":"Card Removal","damage_taken":7,"max_hp_gain":0,"max_hp_loss":0,"event_name":"Golden Wing","floor":2,"gold_loss":0},{"damage_healed":0,"gold_gain":0,"player_choice":"Got Potions","damage_taken":0,"max_hp_gain":0,"max_hp_loss":0,"event_name":"Lab","floor":3,"gold_loss":0},{"damage_healed":0,"gold_gain":0,"player_choice":"Lose Max HP","damage_taken":0,"relics_obtained":["Golden Idol"],"max_hp_gain":0,"max_hp_loss":6,"event_name":"Golden Idol","floor":11,"gold_loss":0},{"cards_removed":["Zap"],"damage_healed":0,"gold_gain":0,"player_choice":"Gave Gold","damage_taken":0,"max_hp_gain":0,"max_hp_loss":0,"event_name":"Beggar","floor":20,"gold_loss":75}],"is_beta":false,"boss_relics":[{"not_picked":["Ectoplasm","Snecko Eye"],"picked":"Pandora\u0027s Box"}],"items_purged_floors":[],"is_endless":false,"potions_floor_spawned":[7,12,16,19],"killed_by":"Snake Plant","ascension_level":5}