{"gold_per_floor":[18,32,32,32,48,77,77,106,106,106,123,143,155,168,168,168],"floor_reached":16,"playtime":1147,"items_purged":[],"score":145,"play_id":"680ade61-73e1-4449-b40f-3c65680327df","local_time":"20190609045122","is_ascension_mode":true,"campfire_choices":[{"data":"Body Slam","floor":7,"key":"SMITH"},{"floor":15,"key":"REST"}],"neow_cost":"NO_GOLD","seed_source_timestamp":25186110288397,"circlet_count":0,"master_deck":["Strike_R","Strike_R","Strike_R","Defend_R","Defend_R","Defend_R","Defend_R","Bash","Body Slam+1","Pommel Strike","Wild Strike","Evolve","Headbutt","Berserk","Shrug It Off","Decay","Iron Wave","Heavy Blade","Shrug It Off","Double Tap"],"relics":["Burning Blood","Oddly Smooth Stone","Pear","Mercury Hourglass"],"potions_floor_usage":[14,16,16],"damage_taken":[{"damage":7,"enemies":"Jaw Worm","floor":1,"turns":5},{"damage":8,"enemies":"Small Slimes","floor":2,"turns":3},{"damage":1,"enemies":"Cultist","floor":5,"turns":4},{"damage":28,"enemies":"3 Sentries","floor":6,"turns":8},{"damage":42,"enemies":"Gremlin Nob","floor":8,"turns":4},{"damage":11,"enemies":"Looter","floor":11,"turns":3},{"damage":16,"enemies":"Exordium Wildlife","floor":12,"turns":4},{"damage":5,"enemies":"Lots of Slimes","floor":13,"turns":3},{"damage":6,"enemies":"Exordium Thugs","floor":14,"turns":4},{"damage":51,"enemies":"The Guardian","floor":16,"turns":8}],"seed_played":"-5580187172731245504","potions_obtained":[{"floor":6,"key":"Swift Potion"},{"floor":11,"key":"FairyPotion"},{"floor":12,"key":"PowerPotion"},{"floor":13,"key":"Block Potion"}],"is_trial":false,"path_per_floor":["M","M","?","?","M","E","R","E","T","?","M","M","M","M","R","B"],"character_chosen":"IRONCLAD","items_purchased":[],"campfire_rested":1,"item_purchase_floors":[],"current_hp_per_floor":[79,77,77,82,85,63,63,37,37,37,32,22,23,23,51,0],"gold":168,"neow_bonus":"TRANSFORM_TWO_CARDS","is_prod":false,"is_daily":false,"chose_seed":false,"campfire_upgraded":1,"win_rate":0,"timestamp":1560073882,"path_taken":["M","M","?","?","M","E","R","E","T","?","M","M","?","M","R","BOSS"],"build_version":"2019-01-23","purchased_purges":0,"victory":false,"max_hp_per_floor":[80,80,80,85,85,85,85,95,95,95,95,95,95,95,95,95],"card_choices":[{"not_picked":["Sword Boomerang","Heavy Blade"],"picked":"Wild Strike","floor":1},{"not_picked":["Wild Strike","Reckless Charge"],"picked":"Evolve","floor":2},{"not_picked":["Armaments","Body Slam"],"picked":"Headbutt","floor":5},{"not_picked":["Whirlwind","Armaments"],"picked":"Berserk","floor":6},{"not_picked":["Flex","Body Slam"],"picked":"Shrug It Off","floor":8},{"not_picked":["Entrench","Sword Boomerang"],"picked":"Iron Wave","floor":11},{"not_picked":["Headbutt","Anger"],"picked":"Heavy Blade","floor":12},{"not_picked":["Clothesline","Rupture"],"picked":"Shrug It Off","floor":13},{"not_picked":["True Grit","Sentinel"],"picked":"Double Tap","floor":14}],"player_experience":68571,"relics_obtained":[{"floor":6,"key":"Oddly Smooth Stone"},{"floor":8,"key":"Pear"},{"floor":9,"key":"Mercury Hourglass"}],"event_choices":[{"damage_healed":0,"gold_gain":0,"player_choice":"Leave","damage_taken":0,"max_hp_gain":0,"max_hp_loss":0,"event_name":"The Cleric","floor":3,"gold_loss":0},{"damage_healed":0,"gold_gain":0,"player_choice":"Donut","damage_taken":0,"max_hp_gain":5,"max_hp_loss":0,"event_name":"Big Fish","floor":4,"gold_loss":0},{"damage_healed":0,"gold_gain":0,"player_choice":"Cursed","damage_taken":0,"max_hp_gain":0,"max_hp_loss":0,"event_name":"Wheel of Change","floor":10,"gold_loss":0,"cards_obtained":["Decay"]}],"is_beta":false,"boss_relics":[],"items_purged_floors":[],"is_endless":false,"potions_floor_spawned":[6,11,12,13],"killed_by":"The Guardian","ascension_level":1}