{"gold_per_floor":[115,135,54,54,68,68,83,83,83,83,102,102,127,140,140,241,241,256,291,64,77,77,77,95,95,95,95,129,140,156,170,170,170],"floor_reached":33,"playtime":3086,"items_purged":["Strike_R"],"score":259,"play_id":"baec2f8a-f34c-49a0-b549-6fbfd6ea6a4c","local_time":"20190527210428","is_ascension_mode":false,"campfire_choices":[{"data":"Pommel Strike","floor":6,"key":"SMITH"},{"data":"Feel No Pain","floor":8,"key":"SMITH"},{"data":"Bash","floor":12,"key":"SMITH"},{"data":"Whirlwind","floor":15,"key":"SMITH"},{"data":"Body Slam","floor":23,"key":"SMITH"},{"data":"Offering","floor":25,"key":"SMITH"},{"data":"Metallicize","floor":27,"key":"SMITH"},{"data":"Dual Wield","floor":32,"key":"SMITH"}],"neow_cost":"NONE","seed_source_timestamp":1021879897127300,"circlet_count":0,"master_deck":["Strike_R","Strike_R","Strike_R","Defend_R","Defend_R","Defend_R","Defend_R","Bash+1","Pommel Strike+1","Metallicize+1","Feel No Pain+1","Headbutt+1","Whirlwind+1","Offering+1","True Grit","Body Slam+1","Strike_R","Body Slam+1","Shrug It Off","Dual Wield+1"],"relics":["Burning Blood","NeowsBlessing","Self Forming Clay","Odd Mushroom","Sozu","Red Mask","PreservedInsect","Ornamental Fan","Du-Vu Doll"],"potions_floor_usage":[7,33],"damage_taken":[{"damage":0,"enemies":"Cultist","floor":1,"turns":1},{"damage":0,"enemies":"Small Slimes","floor":2,"turns":1},{"damage":0,"enemies":"2 Louse","floor":5,"turns":2},{"damage":5,"enemies":"Gremlin Gang","floor":7,"turns":7},{"damage":5,"enemies":"2 Fungi Beasts","floor":11,"turns":3},{"damage":10,"enemies":"The Mushroom Lair","floor":13,"turns":5},{"damage":0,"enemies":"Exordium Wildlife","floor":14,"turns":2},{"damage":53,"enemies":"Slime Boss","floor":16,"turns":12},{"damage":8,"enemies":"Spheric Guardian","floor":18,"turns":3},{"damage":6,"enemies":"Masked Bandits","floor":19,"turns":2},{"damage":6,"enemies":"3 Byrds","floor":21,"turns":4},{"damage":9,"enemies":"Centurion and Healer","floor":24,"turns":6},{"damage":14,"enemies":"Book of Stabbing","floor":28,"turns":4},{"damage":7,"enemies":"Cultist and Chosen","floor":29,"turns":4},{"damage":6,"enemies":"3 Cultists","floor":30,"turns":3},{"damage":16,"enemies":"Snake Plant","floor":31,"turns":3},{"damage":72,"enemies":"Champ","floor":33,"turns":11}],"seed_played":"4934103130038373483","potions_obtained":[{"floor":5,"key":"SkillPotion"},{"floor":11,"key":"Strength Potion"}],"is_trial":false,"path_per_floor":["M","M","$","?","M","R","M","R","T","?","M","R","?","M","R","B",null,"M","?","$","M","?","R","M","R","T","R","E","M","M","M","R","B"],"character_chosen":"IRONCLAD","items_purchased":["Feel No Pain","PreservedInsect"],"campfire_rested":0,"item_purchase_floors":[3,20],"current_hp_per_floor":[80,80,80,80,80,80,80,80,80,80,80,80,76,80,80,33,80,78,78,78,78,78,78,75,75,75,75,67,66,66,56,56,0],"gold":170,"neow_bonus":"THREE_ENEMY_KILL","is_prod":false,"is_daily":false,"chose_seed":false,"campfire_upgraded":8,"win_rate":0,"timestamp":1559005468,"path_taken":["M","M","?","?","M","R","M","R","T","?","?","R","?","M","R","BOSS","M","?","$","M","?","R","M","R","T","R","E","M","M","M","R","BOSS"],"build_version":"2019-01-23","purchased_purges":1,"victory":false,"max_hp_per_floor":[80,80,80,80,80,80,80,80,80,80,80,80,80,80,80,80,80,80,80,80,80,80,80,80,80,80,80,80,80,80,80,80,80],"card_choices":[{"not_picked":["Warcry","Uppercut"],"picked":"Pommel Strike","floor":1},{"not_picked":["Twin Strike","True Grit"],"picked":"Metallicize","floor":2},{"not_picked":["Infernal Blade","Twin Strike","Evolve"],"picked":"SKIP","floor":5},{"not_picked":["Perfected Strike","Havoc"],"picked":"Headbutt","floor":7},{"not_picked":["Dual Wield","Reckless Charge","Ghostly Armor"],"picked":"SKIP","floor":11},{"not_picked":["Anger","Uppercut"],"picked":"Whirlwind","floor":13},{"not_picked":["Bludgeon","Ghostly Armor","Body Slam"],"picked":"SKIP","floor":14},{"not_picked":["Fiend Fire","Berserk"],"picked":"Offering","floor":16},{"not_picked":["Warcry","Twin Strike"],"picked":"True Grit","floor":18},{"not_picked":["Armaments","Disarm"],"picked":"Body Slam+1","floor":19},{"not_picked":["Headbutt","Rage"],"picked":"Body Slam","floor":21},{"not_picked":["Perfected Strike","Headbutt","Uppercut"],"picked":"SKIP","floor":24},{"not_picked":["Wild Strike","Fire Breathing+1"],"picked":"Body Slam+1","floor":28},{"not_picked":["Anger","Havoc"],"picked":"Shrug It Off","floor":29},{"not_picked":["Clothesline","Limit Break"],"picked":"Dual Wield","floor":30},{"not_picked":["Entrench+1","Evolve","Rage"],"picked":"SKIP","floor":31}],"player_experience":948827,"relics_obtained":[{"floor":9,"key":"Self Forming Clay"},{"floor":13,"key":"Odd Mushroom"},{"floor":19,"key":"Red Mask"},{"floor":26,"key":"Ornamental Fan"},{"floor":28,"key":"Du-Vu Doll"}],"event_choices":[{"cards_removed":["Strike_R"],"damage_healed":0,"gold_gain":0,"player_choice":"Forget","damage_taken":0,"max_hp_gain":0,"max_hp_loss":0,"event_name":"Living Wall","floor":4,"gold_loss":0},{"damage_healed":0,"gold_gain":0,"player_choice":"Forge","damage_taken":0,"max_hp_gain":0,"max_hp_loss":0,"event_name":"Accursed Blacksmith","floor":10,"gold_loss":0,"cards_upgraded":["Headbutt"]},{"damage_healed":0,"gold_gain":0,"player_choice":"Fought Mushrooms","damage_taken":0,"max_hp_gain":0,"max_hp_loss":0,"event_name":"Mushrooms","floor":13,"gold_loss":0},{"damage_healed":0,"gold_gain":0,"player_choice":"Fought Bandits","damage_taken":0,"max_hp_gain":0,"max_hp_loss":0,"event_name":"Masked Bandits","floor":19,"gold_loss":0},{"cards_removed":["Body Slam"],"damage_healed":0,"gold_gain":0,"player_choice":"Took Card","damage_taken":0,"max_hp_gain":0,"max_hp_loss":0,"event_name":"NoteForYourself","floor":22,"gold_loss":0,"cards_obtained":["Strike_R"]}],"is_beta":false,"boss_relics":[{"not_picked":["Empty Cage","Pandora\u0027s Box"],"picked":"Sozu"}],"items_purged_floors":[20],"is_endless":false,"potions_floor_spawned":[5,11,19,21,28],"killed_by":"Champ","ascension_level":0}