{"gold_per_floor":[109,59,72,72,24,24,35,35,59,92,92,124,135,148,148,249,249,217,237,270,47,47,47,65,65,65,65,83,83,116,129,129,232,232,242,259,276,290,43,43,72,92,92,92],"floor_reached":44,"playtime":2820,"items_purged":["Pain","Zap"],"score":681,"play_id":"365ca51e-4e7a-443c-903c-3b00bd5835bb","local_time":"20190423214244","is_ascension_mode":true,"campfire_choices":[{"data":"Coolheaded","floor":6.0,"key":"SMITH"},{"data":"Go for the Eyes","floor":8.0,"key":"SMITH"},{"data":"Barrage","floor":11.0,"key":"SMITH"},{"floor":15.0,"key":"REST"},{"floor":23.0,"key":"REST"},{"data":"White Noise","floor":25.0,"key":"SMITH"},{"data":"Seek","floor":32.0,"key":"SMITH"},{"data":"BootSequence","floor":40,"key":"SMITH"}],"neow_cost":"NONE","seed_source_timestamp":0,"circlet_count":0,"master_deck":["Dualcast","Coolheaded+1","Go for the Eyes+1","Cold Snap","Barrage+1","Creative AI","Capacitor","Seek+1","Steam","Creative AI+1","White Noise+1","Conserve Battery","Force Field","Coolheaded","BootSequence+1","FTL","All For One","Barrage"],"special_seed":0,"relics":["Cursed Key","Art of War","Regal Pillow","Oddly Smooth Stone","Pandora\u0027s Box","Red Mask","Ancient Tea Set","Dream Catcher","Inserter","Bronze Scales","Juzu Bracelet"],"potions_floor_usage":[41,44,44],"damage_taken":[{"damage":7.0,"enemies":"Jaw Worm","floor":1.0,"turns":3.0},{"damage":6.0,"enemies":"Small Slimes","floor":3.0,"turns":4.0},{"damage":0.0,"enemies":"Cultist","floor":7.0,"turns":3.0},{"damage":12.0,"enemies":"3 Sentries","floor":10.0,"turns":10.0},{"damage":31.0,"enemies":"Gremlin Nob","floor":12.0,"turns":5.0},{"damage":9.0,"enemies":"2 Fungi Beasts","floor":13.0,"turns":4.0},{"damage":8.0,"enemies":"Large Slime","floor":14.0,"turns":5.0},{"damage":19.0,"enemies":"Hexaghost","floor":16.0,"turns":12.0},{"damage":31.0,"enemies":"2 Thieves","floor":18.0,"turns":5.0},{"damage":9.0,"enemies":"Shell Parasite","floor":19.0,"turns":9.0},{"damage":6.0,"enemies":"Masked Bandits","floor":20.0,"turns":3.0},{"damage":4.0,"enemies":"Cultist and Chosen","floor":24.0,"turns":9.0},{"damage":0.0,"enemies":"Centurion and Healer","floor":28.0,"turns":6.0},{"damage":9.0,"enemies":"Slavers","floor":30.0,"turns":6.0},{"damage":3.0,"enemies":"Snake Plant","floor":31.0,"turns":6.0},{"damage":0.0,"enemies":"Champ","floor":33.0,"turns":9.0},{"damage":0,"enemies":"3 Shapes","floor":35,"turns":5},{"damage":0,"enemies":"Orb Walker","floor":36,"turns":6},{"damage":17,"enemies":"3 Darklings","floor":37,"turns":6},{"damage":14,"enemies":"Maw","floor":38,"turns":9},{"damage":0,"enemies":"Nemesis","floor":41,"turns":7},{"damage":5,"enemies":"Spire Growth","floor":42,"turns":4},{"damage":29,"enemies":"2 Orb Walkers","floor":44,"turns":3}],"seed_played":"-3742957171177084719","potions_obtained":[{"floor":1.0,"key":"SpeedPotion"},{"floor":7.0,"key":"SkillPotion"},{"floor":10.0,"key":"Dexterity Potion"},{"floor":18.0,"key":"SteroidPotion"},{"floor":19.0,"key":"Weak Potion"},{"floor":31.0,"key":"Fire Potion"},{"floor":38,"key":"Block Potion"},{"floor":41,"key":"EssenceOfSteel"},{"floor":42,"key":"EssenceOfSteel"}],"is_trial":false,"path_per_floor":["M","?","M","?","$","R","M","R","T","E","R","E","M","M","R","B",null,"M","M","?","$","?","R","M","R","T","$","M","?","E","M","R","B",null,"M","M","M","M","$","R","E","M","T","?"],"character_chosen":"DEFECT","items_purchased":["Cold Snap","Ancient Tea Set","Bronze Scales"],"campfire_rested":2,"item_purchase_floors":[5,21,39],"current_hp_per_floor":[68,68,62,62,62,62,62,62,62,50,50,19,10,2,39,20,61,30,21,15,15,15,52,48,48,48,48,48,48,39,36,36,36,65,65,65,48,34,34,34,34,29,29,0],"gold":92,"neow_bonus":"BOSS_RELIC","is_prod":false,"is_daily":false,"chose_seed":false,"campfire_upgraded":6,"win_rate":0,"timestamp":1556070164,"path_taken":["M","?","M","?","$","R","?","R","T","E","R","E","M","M","R","BOSS","M","M","?","$","?","R","M","R","T","?","?","?","E","?","R","BOSS","M","M","M","M","$","R","E","M","T","?"],"build_version":"2019-01-23","purchased_purges":2,"victory":false,"max_hp_per_floor":[75,75,75,75,75,75,75,75,75,75,75,75,75,75,75,75,75,75,75,75,75,75,75,75,75,75,75,75,75,75,75,75,75,75,75,75,75,75,75,75,75,75,75,75],"card_choices":[{"not_picked":["Loop","Barrage"],"picked":"Coolheaded","floor":1.0},{"not_picked":["Steam Power","Rebound"],"picked":"Go for the Eyes","floor":3.0},{"not_picked":["Steam","Undo","Gash"],"picked":"SKIP","floor":7.0},{"not_picked":["Reinforced Body","Streamline"],"picked":"Barrage","floor":10.0},{"not_picked":["Blizzard","Rebound"],"picked":"Creative AI","floor":12.0},{"not_picked":["Go for the Eyes","Coolheaded"],"picked":"Capacitor","floor":13.0},{"not_picked":["Fusion","Double Energy","Streamline"],"picked":"SKIP","floor":14.0},{"not_picked":["All For One","Thunder Strike"],"picked":"Seek","floor":16.0},{"not_picked":["Beam Cell+1","Hologram+1"],"picked":"BootSequence","floor":18.0},{"not_picked":["Genetic Algorithm+1","Sweeping Beam","Doom and Gloom"],"picked":"SKIP","floor":19.0},{"not_picked":["Beam Cell+1","Rebound","Compile Driver"],"picked":"SKIP","floor":24.0},{"not_picked":["Blizzard","Cold Snap+1","Rebound"],"picked":"SKIP","floor":28.0},{"not_picked":["Streamline","Darkness"],"picked":"FTL","floor":30.0},{"not_picked":["Cold Snap","Aggregate","Conserve Battery"],"picked":"SKIP","floor":31.0},{"not_picked":["Rainbow","Fission"],"picked":"All For One","floor":33.0},{"not_picked":["Darkness","Redo","Cold Snap+1"],"picked":"SKIP","floor":35},{"not_picked":["Conserve Battery+1","Fusion+1","Chaos+1"],"picked":"SKIP","floor":36},{"not_picked":["Steam+1","Turbo"],"picked":"Barrage","floor":37},{"not_picked":["Conserve Battery+1","Rebound","Heatsinks"],"picked":"SKIP","floor":38},{"not_picked":["Amplify","Ball Lightning","Go for the Eyes+1"],"picked":"SKIP","floor":41},{"not_picked":["Redo+1","Sweeping Beam+1","Coolheaded+1"],"picked":"SKIP","floor":42}],"player_experience":280905,"relics_obtained":[{"floor":9.0,"key":"Art of War"},{"floor":10.0,"key":"Regal Pillow"},{"floor":12.0,"key":"Oddly Smooth Stone"},{"floor":20.0,"key":"Red Mask"},{"floor":30.0,"key":"Dream Catcher"},{"floor":41,"key":"Juzu Bracelet"}],"event_choices":[{"cards_removed":["Strike_B"],"damage_healed":0.0,"max_hp_gain":0.0,"max_hp_loss":0.0,"gold_gain":0.0,"event_name":"The Cleric","player_choice":"Card Removal","floor":2.0,"gold_loss":50.0,"damage_taken":0.0},{"cards_removed":["Strike_B"],"damage_healed":0.0,"max_hp_gain":0.0,"max_hp_loss":0.0,"gold_gain":0.0,"event_name":"Purifier","player_choice":"Purged","floor":4.0,"gold_loss":0.0,"damage_taken":0.0},{"damage_healed":0.0,"max_hp_gain":0.0,"max_hp_loss":0.0,"gold_gain":0.0,"event_name":"Masked Bandits","player_choice":"Fought Bandits","floor":20.0,"gold_loss":0.0,"damage_taken":0.0},{"damage_healed":0.0,"max_hp_gain":0.0,"max_hp_loss":0.0,"gold_gain":0.0,"event_name":"Ghosts","player_choice":"Ignored","floor":22.0,"gold_loss":0.0,"damage_taken":0.0},{"damage_healed":0.0,"max_hp_gain":0.0,"max_hp_loss":0.0,"gold_gain":0.0,"event_name":"Upgrade Shrine","player_choice":"Upgraded","floor":29.0,"gold_loss":0.0,"damage_taken":0.0,"cards_upgraded":["Creative AI"]},{"damage_healed":0,"gold_gain":0,"player_choice":"Fight","damage_taken":0,"max_hp_gain":0,"max_hp_loss":0,"event_name":"Mysterious Sphere","floor":44,"gold_loss":0}],"is_beta":false,"boss_relics":[{"not_picked":["Snecko Eye","Calling Bell"],"picked":"Pandora\u0027s Box"},{"not_picked":["Astrolabe","Velvet Choker"],"picked":"Inserter"}],"items_purged_floors":[21,39],"is_endless":false,"potions_floor_spawned":[1,7,10,18,19,24,28,31,38,41,42],"killed_by":"2 Orb Walkers","ascension_level":5}