{"gold_per_floor":[109,126,126,136,152,152,8,8,58,58,69,98,110,123,123,228,228,241,94,82,29,40,40,40,40,89,100,127,141,141,153,153,249,249,266,266,366,241,253,286,306,306,306,60,60,60,60,78,78,78,78,78,4,29,29],"floor_reached":55,"playtime":5054,"items_purged":["Strike_G","Strike_G","Tools of the Trade","Outmaneuver"],"score":694,"play_id":"a162d43a-b57c-4d39-90f1-2273b80e2de5","local_time":"20190417092934","is_ascension_mode":false,"campfire_choices":[{"data":"Noxious Fumes","floor":6.0,"key":"SMITH"},{"data":"Footwork","floor":8.0,"key":"SMITH"},{"data":"Dodge and Roll","floor":10.0,"key":"SMITH"},{"data":"Footwork","floor":15.0,"key":"SMITH"},{"data":"Acrobatics","floor":23.0,"key":"SMITH"},{"data":"Backflip","floor":25.0,"key":"SMITH"},{"data":"Catalyst","floor":30.0,"key":"SMITH"},{"floor":32,"key":"REST"},{"floor":42,"key":"REST"},{"floor":47,"key":"REST"},{"floor":49,"key":"RECALL"},{"data":"Catalyst","floor":52,"key":"SMITH"}],"neow_cost":"NONE","seed_source_timestamp":0,"circlet_count":0,"master_deck":["Survivor","Neutralize+1","Noxious Fumes+1","Dodge and Roll+1","Footwork+1","PiercingWail","Footwork+1","Poisoned Stab+1","Acrobatics+1","Backflip+1","Predator","Catalyst+1","Catalyst+1","Adrenaline","After Image","Tools of the Trade","Flying Knee","Bouncing Flask","Backflip","Expertise+1","Writhe","Backflip+1"],"special_seed":0,"relics":["Ring of the Snake","Whetstone","Potion Belt","Lantern","Girya","HoveringKite","Dream Catcher","Pandora\u0027s Box","Thread and Needle","Blood Vial","Juzu Bracelet","Ginger"],"potions_floor_usage":[37,40,41,41,48,48,55],"damage_taken":[{"damage":0.0,"enemies":"Cultist","floor":1.0,"turns":4.0},{"damage":0.0,"enemies":"2 Louse","floor":2.0,"turns":2.0},{"damage":0.0,"enemies":"Jaw Worm","floor":4.0,"turns":4.0},{"damage":23.0,"enemies":"Exordium Thugs","floor":5.0,"turns":6.0},{"damage":2.0,"enemies":"3 Louse","floor":11.0,"turns":4.0},{"damage":5.0,"enemies":"3 Sentries","floor":12.0,"turns":7.0},{"damage":8.0,"enemies":"Exordium Wildlife","floor":13.0,"turns":5.0},{"damage":0.0,"enemies":"Large Slime","floor":14.0,"turns":7.0},{"damage":5.0,"enemies":"Slime Boss","floor":16.0,"turns":16.0},{"damage":0.0,"enemies":"Shell Parasite","floor":18.0,"turns":9.0},{"damage":3.0,"enemies":"2 Thieves","floor":20.0,"turns":5.0},{"damage":4.0,"enemies":"3 Cultists","floor":22.0,"turns":6.0},{"damage":9.0,"enemies":"Centurion and Healer","floor":27.0,"turns":9.0},{"damage":17.0,"enemies":"Gremlin Leader","floor":28.0,"turns":9.0},{"damage":0.0,"enemies":"Cultist and Chosen","floor":29.0,"turns":7.0},{"damage":0.0,"enemies":"Shelled Parasite and Fungi","floor":31.0,"turns":7.0},{"damage":10,"enemies":"Champ","floor":33,"turns":9},{"damage":45,"enemies":"3 Darklings","floor":35,"turns":7},{"damage":9,"enemies":"Mind Bloom Boss Battle","floor":37,"turns":7},{"damage":0,"enemies":"Orb Walker","floor":39,"turns":5},{"damage":43,"enemies":"Reptomancer","floor":40,"turns":8},{"damage":4,"enemies":"Transient","floor":41,"turns":5},{"damage":2,"enemies":"3 Darklings","floor":48,"turns":6},{"damage":20,"enemies":"Time Eater","floor":50,"turns":15},{"damage":27,"enemies":"Shield and Spear","floor":54,"turns":8},{"damage":42,"enemies":"The Heart","floor":55,"turns":3}],"seed_played":"-5871657641090735000","potions_obtained":[{"floor":1.0,"key":"Explosive Potion"},{"floor":2.0,"key":"Energy Potion"},{"floor":11.0,"key":"Fire Potion"},{"floor":14.0,"key":"SteroidPotion"},{"floor":18.0,"key":"Swift Potion"},{"floor":27.0,"key":"Weak Potion"},{"floor":28.0,"key":"SteroidPotion"},{"floor":35,"key":"SkillPotion"},{"floor":39,"key":"PowerPotion"},{"floor":41,"key":"Block Potion"},{"floor":54,"key":"SmokeBomb"}],"is_trial":false,"path_per_floor":["M","M","?","M","M","R","$","R","T","R","M","E","M","M","R","B",null,"M","$","M","$","M","R","?","R","T","M","E","M","R","M","R","B",null,"M","?","?","$","M","E","M","R","T","$","?","?","R","M","R","B",null,"R","$","E","B"],"character_chosen":"THE_SILENT","items_purchased":["Footwork","Acrobatics","Backflip","Fruit Juice","EssenceOfSteel"],"campfire_rested":3,"item_purchase_floors":[7,19,21,44,53],"current_hp_per_floor":[70,70,70,70,47,47,47,47,47,47,45,40,32,32,32,27,70,70,70,67,67,63,63,63,63,63,54,37,37,37,37,58,48,70,25,61,52,52,52,9,7,25,25,25,25,40,58,63,63,45,66,66,66,39,0],"gold":29,"neow_bonus":"RANDOM_COMMON_RELIC","is_prod":false,"is_daily":false,"chose_seed":false,"campfire_upgraded":8,"win_rate":0,"timestamp":1555507774,"path_taken":["M","?","?","M","M","R","$","R","T","R","M","E","?","M","R","BOSS","M","$","?","?","?","R","?","R","T","M","E","M","R","M","R","BOSS","M","?","?","$","M","E","M","R","T","?","?","?","R","M","R","BOSS","R","$","E","BOSS"],"build_version":"2019-01-23","purchased_purges":4,"victory":false,"max_hp_per_floor":[70,70,70,70,70,70,70,70,70,70,70,70,70,70,70,70,70,70,70,70,70,70,70,70,70,70,70,70,70,70,70,70,70,70,70,61,61,61,61,61,61,61,61,61,61,61,61,66,66,66,66,66,66,66,66],"card_choices":[{"not_picked":["Backflip","Underhanded Strike"],"picked":"Noxious Fumes","floor":1.0},{"not_picked":["Cloak And Dagger","Flying Knee","Sucker Punch"],"picked":"SKIP","floor":2.0},{"not_picked":["Flechettes","Dagger Throw"],"picked":"Dodge and Roll","floor":4.0},{"not_picked":["Crippling Poison","Deflect","Sucker Punch"],"picked":"SKIP","floor":5.0},{"not_picked":["Bouncing Flask","Choke"],"picked":"PiercingWail","floor":11.0},{"not_picked":["Bullet Time","Caltrops","Deadly Poison"],"picked":"SKIP","floor":12.0},{"not_picked":["Poisoned Stab","Deadly Poison","Masterful Stab"],"picked":"SKIP","floor":13.0},{"not_picked":["Underhanded Strike","PiercingWail"],"picked":"Footwork","floor":14.0},{"not_picked":["Deflect","Dagger Spray"],"picked":"Poisoned Stab+1","floor":18.0},{"not_picked":["Dagger Throw","Blade Dance","Burst"],"picked":"SKIP","floor":20.0},{"not_picked":["Dagger Throw+1","Well Laid Plans"],"picked":"Predator","floor":22.0},{"not_picked":["Outmaneuver","Dagger Spray","Flying Knee"],"picked":"SKIP","floor":27.0},{"not_picked":["Blade Dance+1","Accuracy","Dagger Spray"],"picked":"SKIP","floor":28.0},{"not_picked":["Flying Knee","Outmaneuver+1"],"picked":"Catalyst","floor":29.0},{"not_picked":["Deadly Poison","Terror","Deflect"],"picked":"SKIP","floor":31.0},{"not_picked":["Tools of the Trade","Predator"],"picked":"Catalyst","floor":32},{"not_picked":["Grand Finale","Envenom"],"picked":"Tools of the Trade","floor":33},{"not_picked":["Outmaneuver","Sucker Punch","Backflip"],"picked":"SKIP","floor":35},{"not_picked":["All Out Attack","Slice"],"picked":"Backflip","floor":39},{"not_picked":["Leg Sweep+1","Dagger Throw+1","Terror+1"],"picked":"SKIP","floor":40},{"not_picked":["Riddle With Holes+1","Deadly Poison","Dagger Spray+1"],"picked":"SKIP","floor":41},{"not_picked":["Tactician","Dodge and Roll"],"picked":"Expertise+1","floor":42},{"not_picked":["Flechettes+1","Predator+1"],"picked":"Backflip+1","floor":47},{"not_picked":["Bouncing Flask+1","Deadly Poison+1","Crippling Poison+1"],"picked":"SKIP","floor":48},{"not_picked":["Bane+1","Bullet Time","Leg Sweep+1"],"picked":"SKIP","floor":54}],"player_experience":167089,"relics_obtained":[{"floor":9.0,"key":"Lantern"},{"floor":12.0,"key":"Girya"},{"floor":28.0,"key":"Dream Catcher"},{"floor":37,"key":"Thread and Needle"},{"floor":40,"key":"Blood Vial"},{"floor":43,"key":"Juzu Bracelet"},{"floor":54,"key":"Ginger"}],"event_choices":[{"damage_healed":0.0,"max_hp_gain":0.0,"max_hp_loss":0.0,"gold_gain":0.0,"event_name":"WeMeetAgain","player_choice":"Gave Potion","floor":3.0,"gold_loss":0.0,"damage_taken":0.0,"relics_obtained":["Potion Belt"]},{"cards_removed":["Strike_G"],"damage_healed":0.0,"max_hp_gain":0.0,"max_hp_loss":0.0,"gold_gain":0.0,"event_name":"Bonfire Elementals","player_choice":"Offered Basic","floor":24.0,"gold_loss":0.0,"damage_taken":0.0},{"damage_healed":61,"gold_gain":0,"player_choice":"Heal","damage_taken":0,"max_hp_gain":0,"max_hp_loss":9,"event_name":"The Moai Head","floor":36,"gold_loss":0},{"damage_healed":0,"gold_gain":0,"player_choice":"Fight","damage_taken":0,"max_hp_gain":0,"max_hp_loss":0,"event_name":"MindBloom","floor":37,"gold_loss":0},{"cards_removed":["Predator"],"damage_healed":0,"gold_gain":0,"player_choice":"Removed Attack","damage_taken":0,"max_hp_gain":0,"max_hp_loss":0,"event_name":"Falling","floor":45,"gold_loss":0},{"damage_healed":15,"gold_gain":0,"player_choice":"Writhe","damage_taken":0,"max_hp_gain":0,"max_hp_loss":0,"event_name":"Winding Halls","floor":46,"gold_loss":0,"cards_obtained":["Writhe"]}],"is_beta":false,"boss_relics":[{"not_picked":["Ring of the Serpent","White Beast Statue"],"picked":"HoveringKite"},{"not_picked":["Busted Crown","Runic Pyramid"],"picked":"Pandora\u0027s Box"}],"items_purged_floors":[7,19,38,44],"is_endless":false,"potions_floor_spawned":[1,2,11,14,18,27,28,35,39,41,54],"killed_by":"The Heart","ascension_level":0}