{"gold_per_floor":[113,127,127,141,154,154,173,173,173,214,237,237,250,270,270,270],"floor_reached":16,"playtime":766,"items_purged":[],"score":106,"play_id":"bf93d03a-6cda-4570-a9df-9c17ac17f402","local_time":"20190319195222","is_ascension_mode":false,"campfire_choices":[{"data":"Heatsinks","floor":6,"key":"SMITH"},{"floor":8,"key":"REST"},{"floor":15,"key":"REST"}],"neow_cost":"NONE","seed_source_timestamp":82053855482109,"circlet_count":0,"master_deck":["Strike_B","Strike_B","Strike_B","Strike_B","Defend_B","Defend_B","Defend_B","Defend_B","Zap","Dualcast","Genetic Algorithm","Hologram","Heatsinks+1","Gash","Seek","Coolheaded","Ball Lightning","Compile Driver","Hello World","Capacitor","Cold Snap","Conserve Battery"],"relics":["Cracked Core","Golden Idol","Prayer Wheel","Calipers"],"potions_floor_usage":[11,14,16],"damage_taken":[{"damage":0,"enemies":"Cultist","floor":1,"turns":2},{"damage":0,"enemies":"Small Slimes","floor":2,"turns":4},{"damage":11,"enemies":"Jaw Worm","floor":4,"turns":4},{"damage":13,"enemies":"2 Fungi Beasts","floor":5,"turns":4},{"damage":4,"enemies":"Red Slaver","floor":7,"turns":4},{"damage":38,"enemies":"Gremlin Nob","floor":10,"turns":5},{"damage":12,"enemies":"Large Slime","floor":11,"turns":7},{"damage":0,"enemies":"3 Louse","floor":13,"turns":2},{"damage":12,"enemies":"Lots of Slimes","floor":14,"turns":4},{"damage":33,"enemies":"The Guardian","floor":16,"turns":6}],"seed_played":"-8963006627796388382","potions_obtained":[{"floor":2,"key":"Swift Potion"},{"floor":7,"key":"FairyPotion"},{"floor":10,"key":"EssenceOfSteel"},{"floor":13,"key":"PowerPotion"}],"is_trial":false,"path_per_floor":["M","M","?","M","M","R","M","R","T","E","M","?","M","M","R","B"],"character_chosen":"DEFECT","items_purchased":[],"campfire_rested":2,"item_purchase_floors":[],"current_hp_per_floor":[82,82,62,51,38,38,34,58,58,20,8,8,8,5,29,0],"gold":270,"neow_bonus":"TEN_PERCENT_HP_BONUS","is_prod":false,"is_daily":false,"chose_seed":false,"campfire_upgraded":1,"win_rate":0,"timestamp":1553039542,"path_taken":["M","M","?","M","M","R","M","R","T","E","M","?","M","M","R","BOSS"],"build_version":"2019-01-23","purchased_purges":0,"victory":false,"max_hp_per_floor":[82,82,82,82,82,82,82,82,82,82,82,82,82,82,82,82],"card_choices":[{"not_picked":["Coolheaded","Darkness"],"picked":"Genetic Algorithm","floor":1},{"not_picked":["Melter","Double Energy"],"picked":"Hologram","floor":2},{"not_picked":["Coolheaded","Conserve Battery"],"picked":"Heatsinks","floor":4},{"not_picked":["Stack","Hologram"],"picked":"Gash","floor":5},{"not_picked":["Cold Snap","Turbo"],"picked":"Seek","floor":7},{"not_picked":["Streamline","Stack"],"picked":"Coolheaded","floor":10},{"not_picked":["Go for the Eyes","Streamline"],"picked":"Ball Lightning","floor":11},{"not_picked":["Turbo","Sweeping Beam"],"picked":"Compile Driver","floor":11},{"not_picked":["Stack","Conserve Battery"],"picked":"Hello World","floor":13},{"not_picked":["Conserve Battery","Buffer"],"picked":"Capacitor","floor":13},{"not_picked":["Leap","Stack"],"picked":"Cold Snap","floor":14},{"not_picked":["Steam","Undo"],"picked":"Conserve Battery","floor":14}],"player_experience":52767,"relics_obtained":[{"floor":9,"key":"Prayer Wheel"},{"floor":10,"key":"Calipers"}],"event_choices":[{"damage_healed":0,"gold_gain":0,"player_choice":"Take Damage","damage_taken":20,"relics_obtained":["Golden Idol"],"max_hp_gain":0,"max_hp_loss":0,"event_name":"Golden Idol","floor":3,"gold_loss":0},{"damage_healed":0,"gold_gain":0,"player_choice":"Ignored","damage_taken":0,"max_hp_gain":0,"max_hp_loss":0,"event_name":"Golden Wing","floor":12,"gold_loss":0}],"is_beta":false,"boss_relics":[],"items_purged_floors":[],"is_endless":false,"potions_floor_spawned":[2,7,10,13],"killed_by":"The Guardian","ascension_level":0}