{"gold_per_floor":[115,40,53,53,53,53,78,78,104,133,147,147,47,57,57,57],"floor_reached":16,"playtime":1957,"items_purged":["Strike_G","Defend_G"],"score":133,"play_id":"e5d88afb-a4bd-4f32-a4f1-8fff8bc35826","local_time":"20190527151751","is_ascension_mode":false,"campfire_choices":[{"data":"Leg Sweep","floor":6,"key":"SMITH"},{"data":"Well Laid Plans","floor":8,"key":"SMITH"},{"data":"Glass Knife","floor":12,"key":"SMITH"},{"data":"Neutralize","floor":15,"key":"SMITH"}],"neow_cost":"NONE","seed_source_timestamp":1002216304863300,"circlet_count":0,"master_deck":["Defend_G","Defend_G+1","Defend_G","Defend_G","Strike_G+1","Strike_G","Strike_G","Survivor","Neutralize+1","Leg Sweep+1","Well Laid Plans+1","Heel Hook","Glass Knife+1"],"relics":["Ring of the Snake","NeowsBlessing","Centennial Puzzle","Strawberry","Bottled Tornado"],"potions_floor_usage":[16],"damage_taken":[{"damage":0,"enemies":"Small Slimes","floor":1,"turns":1},{"damage":0,"enemies":"Jaw Worm","floor":3,"turns":1},{"damage":0,"enemies":"Gremlin Nob","floor":7,"turns":1},{"damage":18,"enemies":"3 Sentries","floor":10,"turns":15},{"damage":0,"enemies":"2 Louse","floor":11,"turns":3},{"damage":0,"enemies":"2 Fungi Beasts","floor":14,"turns":3},{"damage":39,"enemies":"Slime Boss","floor":16,"turns":13}],"seed_played":"-841275119880194920","potions_obtained":[{"floor":7,"key":"Poison Potion"}],"is_trial":false,"path_per_floor":["M","$","M","?","?","R","E","R","T","E","M","R","$","M","R","B"],"character_chosen":"THE_SILENT","items_purchased":[],"campfire_rested":0,"item_purchase_floors":[],"current_hp_per_floor":[70,70,70,56,49,49,49,49,56,38,38,38,38,38,38,0],"gold":57,"neow_bonus":"THREE_ENEMY_KILL","is_prod":false,"is_daily":false,"chose_seed":false,"campfire_upgraded":4,"win_rate":0,"timestamp":1558984671,"path_taken":["M","$","M","?","?","R","E","R","T","E","M","R","$","M","R","BOSS"],"build_version":"2019-01-23","purchased_purges":2,"victory":false,"max_hp_per_floor":[70,70,70,70,70,70,70,70,77,77,77,77,77,77,77,77],"card_choices":[{"not_picked":["Poisoned Stab","Dodge and Roll"],"picked":"Leg Sweep","floor":1},{"not_picked":["All Out Attack","Finisher"],"picked":"Well Laid Plans","floor":3},{"not_picked":["Concentrate","Acrobatics"],"picked":"Heel Hook","floor":7},{"not_picked":["Underhanded Strike","Bane","Outmaneuver"],"picked":"SKIP","floor":10},{"not_picked":["Tactician","Eviscerate"],"picked":"Glass Knife","floor":11},{"not_picked":["PiercingWail","Sucker Punch","Dodge and Roll"],"picked":"SKIP","floor":14}],"player_experience":937165,"relics_obtained":[{"floor":7,"key":"Centennial Puzzle"},{"floor":9,"key":"Strawberry"},{"floor":10,"key":"Bottled Tornado"}],"event_choices":[{"damage_healed":0,"gold_gain":0,"player_choice":"Entered Light","damage_taken":14,"max_hp_gain":0,"max_hp_loss":0,"event_name":"Shining Light","floor":4,"gold_loss":0,"cards_upgraded":["Defend_G","Strike_G"]},{"cards_removed":["Strike_G"],"damage_healed":0,"gold_gain":0,"player_choice":"Card Removal","damage_taken":7,"max_hp_gain":0,"max_hp_loss":0,"event_name":"Golden Wing","floor":5,"gold_loss":0}],"is_beta":false,"boss_relics":[],"items_purged_floors":[2,13],"is_endless":false,"potions_floor_spawned":[7],"killed_by":"Slime Boss","ascension_level":0}