{"gold_per_floor":[117,117,131,145,159,184,227,240,240,258,258,258,299,299,299,424,424,437,456,469,469,894,932,932,857,857,857,857],"floor_reached":28,"playtime":1667,"items_purged":[],"score":275,"play_id":"f3febb43-ca86-41fe-a322-2692069474fc","local_time":"20190414110418","is_ascension_mode":true,"campfire_choices":[{"data":"Armaments","floor":11,"key":"SMITH"},{"data":"Body Slam","floor":15,"key":"SMITH"},{"data":"Entrench","floor":24,"key":"SMITH"},{"data":"Feed","floor":27,"key":"SMITH"}],"neow_cost":"NONE","seed_source_timestamp":116089834431585,"circlet_count":0,"master_deck":["Strike_R","Strike_R","Strike_R","Strike_R","Defend_R","Defend_R","Defend_R","Defend_R","Bash","Immolate","Metallicize","Iron Wave","Shrug It Off","Armaments+1","Evolve","Body Slam+1","Shrug It Off","Power Through","Shrug It Off","Feed+1","Wild Strike","Reckless Charge","Entrench+1"],"special_seed":0,"relics":["Burning Blood","Golden Idol","Magic Flower","Turnip","Calipers","Art of War","Coffee Dripper","Old Coin","Bottled Lightning","Pantograph"],"potions_floor_usage":[7,19,19,23],"damage_taken":[{"damage":6.0,"enemies":"2 Louse","floor":1.0,"turns":2.0},{"damage":3.0,"enemies":"Jaw Worm","floor":3.0,"turns":4.0},{"damage":9.0,"enemies":"Small Slimes","floor":4.0,"turns":4.0},{"damage":0.0,"enemies":"Looter","floor":5.0,"turns":3.0},{"damage":0.0,"enemies":"2 Fungi Beasts","floor":6.0,"turns":2.0},{"damage":31,"enemies":"Gremlin Nob","floor":7,"turns":6},{"damage":0,"enemies":"Blue Slaver","floor":8,"turns":5},{"damage":0,"enemies":"Looter","floor":10,"turns":5},{"damage":3,"enemies":"3 Sentries","floor":13,"turns":6},{"damage":35,"enemies":"Hexaghost","floor":16,"turns":13},{"damage":9,"enemies":"Spheric Guardian","floor":18,"turns":5},{"damage":0,"enemies":"3 Byrds","floor":19,"turns":7},{"damage":0,"enemies":"Cultist and Chosen","floor":20,"turns":8},{"damage":22,"enemies":"Colosseum Slavers","floor":22,"turns":11},{"damage":22,"enemies":"Colosseum Nobs","floor":22,"turns":6},{"damage":64,"enemies":"Gremlin Leader","floor":23,"turns":10},{"damage":19,"enemies":"Snake Plant","floor":28,"turns":2}],"seed_played":"357491967568436987","potions_obtained":[{"floor":1.0,"key":"SkillPotion"},{"floor":4.0,"key":"BloodPotion"},{"floor":7,"key":"BloodPotion"},{"floor":10,"key":"Swift Potion"},{"floor":18,"key":"GamblersBrew"}],"is_trial":false,"path_per_floor":["M","?","M","M","M","M","E","M","T","M","R","?","E","T","R","B",null,"M","M","M","?","?","E","R","?","T","R","M"],"character_chosen":"IRONCLAD","items_purchased":[],"campfire_rested":0,"item_purchase_floors":[],"current_hp_per_floor":[80,60,63,60,66,72,47,56,56,65,65,80,80,80,80,54,80,83,86,86,83,62,19,19,19,19,19,0],"gold":857,"neow_bonus":"ONE_RANDOM_RARE_CARD","is_prod":false,"is_daily":false,"chose_seed":false,"campfire_upgraded":4,"win_rate":0,"timestamp":1555254258,"path_taken":["M","?","M","M","M","M","E","M","T","M","R","?","E","?","R","BOSS","M","M","M","?","?","E","R","?","T","R","M"],"build_version":"2019-01-23","purchased_purges":0,"victory":false,"max_hp_per_floor":[80,80,80,80,80,80,80,80,80,80,80,80,80,80,80,80,80,83,86,86,83,86,86,86,86,86,86,86],"card_choices":[{"not_picked":["Havoc","Battle Trance"],"picked":"Metallicize","floor":1.0},{"not_picked":["Seeing Red","Havoc"],"picked":"Iron Wave","floor":3.0},{"not_picked":["Clash","Bloodletting"],"picked":"Shrug It Off","floor":4.0},{"not_picked":["Reaper","Wild Strike"],"picked":"Armaments","floor":5.0},{"not_picked":["Flex","Anger"],"picked":"Evolve","floor":6.0},{"not_picked":["Anger","Reaper"],"picked":"Body Slam","floor":7},{"not_picked":["Wild Strike","Heavy Blade"],"picked":"Shrug It Off","floor":8},{"not_picked":["True Grit","Second Wind"],"picked":"Power Through","floor":10},{"not_picked":["Exhume","Anger"],"picked":"Shrug It Off","floor":13},{"not_picked":["Dark Embrace","Offering"],"picked":"Feed","floor":16},{"not_picked":["Cleave","Clothesline"],"picked":"Wild Strike","floor":18},{"not_picked":["Shockwave","Sword Boomerang"],"picked":"Reckless Charge","floor":19},{"not_picked":["Sword Boomerang+1","Sever Soul"],"picked":"Entrench","floor":20},{"not_picked":["Seeing Red","Shrug It Off+1","Clothesline"],"picked":"SKIP","floor":23}],"player_experience":142927,"relics_obtained":[{"floor":7,"key":"Magic Flower"},{"floor":9,"key":"Turnip"},{"floor":13,"key":"Calipers"},{"floor":14,"key":"Art of War"},{"floor":22,"key":"Old Coin"},{"floor":22,"key":"Bottled Lightning"},{"floor":23,"key":"Pantograph"}],"event_choices":[{"damage_healed":0.0,"max_hp_gain":0.0,"max_hp_loss":0.0,"gold_gain":0.0,"event_name":"Golden Idol","player_choice":"Take Damage","floor":2.0,"gold_loss":0.0,"damage_taken":20.0,"relics_obtained":["Golden Idol"]},{"damage_healed":20,"gold_gain":0,"player_choice":"Healed and dodged fight","damage_taken":0,"max_hp_gain":0,"max_hp_loss":0,"event_name":"Mushrooms","floor":12,"gold_loss":0,"cards_obtained":["Parasite"]},{"cards_removed":["Parasite"],"damage_healed":0,"gold_gain":0,"player_choice":"Elegance","damage_taken":0,"max_hp_gain":0,"max_hp_loss":0,"event_name":"Back to Basics","floor":21,"gold_loss":0},{"damage_healed":0,"gold_gain":0,"player_choice":"Fight","damage_taken":0,"max_hp_gain":0,"max_hp_loss":0,"event_name":"Colosseum","floor":22,"gold_loss":0},{"damage_healed":0,"gold_gain":0,"player_choice":"Fought Nobs","damage_taken":0,"max_hp_gain":0,"max_hp_loss":0,"event_name":"Colosseum","floor":22,"gold_loss":0},{"cards_removed":["Strike_R"],"damage_healed":0,"gold_gain":0,"player_choice":"Gave Gold","damage_taken":0,"max_hp_gain":0,"max_hp_loss":0,"event_name":"Beggar","floor":25,"gold_loss":75}],"is_beta":false,"boss_relics":[{"not_picked":["Velvet Choker","Runic Dome"],"picked":"Coffee Dripper"}],"items_purged_floors":[],"is_endless":false,"potions_floor_spawned":[1,4,7,10,13,18,22],"killed_by":"Snake Plant","ascension_level":2}