{"gold_per_floor":[113,113,38,54,54,54,67,97,167,167,242,269,269,289,289,389,389,409,160,177,13,29,29,29,46,46,46,59,59,89,104,104,205,205,224,184,204,255,157,157,172,172,172,186,203,47,79,79,79,79,79,79,14,47,47],"floor_reached":55,"playtime":5254,"items_purged":["Strike_G","Strike_G","Strike_G","Strike_G+1"],"score":705,"play_id":"617e5dae-e38e-4d75-a95a-c8171eb56544","local_time":"20181126013409","is_ascension_mode":false,"campfire_choices":[{"floor":6.0,"key":"RECALL"},{"floor":13.0,"key":"REST"},{"floor":15.0,"key":"REST"},{"floor":24.0,"key":"REST"},{"floor":32.0,"key":"REST"},{"floor":40.0,"key":"REST"},{"floor":49.0,"key":"REST"},{"floor":52.0,"key":"REST"}],"neow_cost":"NONE","seed_source_timestamp":155344990500097,"circlet_count":0,"master_deck":["Defend_G+1","Defend_G+1","Defend_G+1","Defend_G+1","Defend_G+1","Strike_G+1","Survivor","Neutralize","Flying Knee","Dagger Throw","Sucker Punch","Heel Hook","Poisoned Stab","After Image+1","Quick Slash+1","PiercingWail","Backflip","PiercingWail","Blade Dance+1","Blur","Tools of the Trade+1","Choke+1","Deadly Poison","Dash+1","Sucker Punch+1","Acrobatics+1","Metamorphosis","Malaise"],"special_seed":0,"relics":["Ring of the Snake","Blood Vial","Juzu Bracelet","Bag of Preparation","Fusion Hammer","Membership Card","Potion Belt","Meat on the Bone","Molten Egg 2","Cursed Key","Tingsha","Ancient Tea Set","PreservedInsect"],"potions_floor_usage":[55,55],"damage_taken":[{"damage":0.0,"enemies":"Small Slimes","floor":1.0,"turns":3.0},{"damage":4.0,"enemies":"Cultist","floor":4.0,"turns":4.0},{"damage":0.0,"enemies":"Jaw Worm","floor":7.0,"turns":3.0},{"damage":20.0,"enemies":"3 Sentries","floor":8.0,"turns":9.0},{"damage":14.0,"enemies":"Gremlin Nob","floor":12.0,"turns":4.0},{"damage":0.0,"enemies":"3 Louse","floor":14.0,"turns":1.0},{"damage":37.0,"enemies":"Hexaghost","floor":16.0,"turns":11.0},{"damage":1.0,"enemies":"Shell Parasite","floor":18.0,"turns":8.0},{"damage":2.0,"enemies":"Chosen","floor":20.0,"turns":6.0},{"damage":0.0,"enemies":"Snake Plant","floor":22.0,"turns":4.0},{"damage":5.0,"enemies":"Centurion and Healer","floor":25.0,"turns":8.0},{"damage":0.0,"enemies":"Shelled Parasite and Fungi","floor":28.0,"turns":9.0},{"damage":5.0,"enemies":"Book of Stabbing","floor":30.0,"turns":6.0},{"damage":0.0,"enemies":"Snake Plant","floor":31.0,"turns":6.0},{"damage":9.0,"enemies":"Champ","floor":33.0,"turns":15.0},{"damage":0.0,"enemies":"Orb Walker","floor":35.0,"turns":4.0},{"damage":1.0,"enemies":"3 Darklings","floor":37.0,"turns":6.0},{"damage":28.0,"enemies":"2 Orb Walkers","floor":38.0,"turns":9.0},{"damage":4.0,"enemies":"Maw","floor":41.0,"turns":8.0},{"damage":2.0,"enemies":"Writhing Mass","floor":44.0,"turns":7.0},{"damage":0.0,"enemies":"3 Darklings","floor":45.0,"turns":5.0},{"damage":35.0,"enemies":"Giant Head","floor":47.0,"turns":10.0},{"damage":42.0,"enemies":"Awakened One","floor":50.0,"turns":13.0},{"damage":68,"enemies":"Shield and Spear","floor":54,"turns":11},{"damage":28,"enemies":"The Heart","floor":55,"turns":9}],"seed_played":"-1961501979654696308","potions_obtained":[{"floor":1.0,"key":"LiquidBronze"},{"floor":5.0,"key":"EntropicBrew"},{"floor":5.0,"key":"PowerPotion"},{"floor":8.0,"key":"Explosive Potion"},{"floor":14.0,"key":"SkillPotion"},{"floor":16.0,"key":"AttackPotion"},{"floor":20.0,"key":"Strength Potion"},{"floor":28.0,"key":"Weak Potion"},{"floor":31.0,"key":"SkillPotion"},{"floor":33.0,"key":"AttackPotion"},{"floor":38.0,"key":"PowerPotion"},{"floor":41.0,"key":"Strength Potion"},{"floor":45.0,"key":"Poison Potion"}],"is_trial":false,"path_per_floor":["M","?","$","M","?","R","M","E","T","?","?","E","R","M","R","B",null,"M","$","M","$","M","$","R","M","T","?","M","?","E","M","R","B",null,"M","?","M","?","$","R","M","?","T","M","M","$","E","T","R","B",null,"R","$","E","B"],"character_chosen":"THE_SILENT","items_purchased":["Membership Card","Potion Belt","Backflip","Deadly Poison","Metamorphosis","Block Potion","Block Potion","SkillPotion","GhostInAJar","FearPotion"],"campfire_rested":7,"item_purchase_floors":[19,21,21,39,46,46,46,46,53,53],"current_hp_per_floor":[77,82,82,78,78,78,78,58,58,55,44,32,56,58,82,45,82,81,81,80,80,82,82,82,77,77,77,79,79,76,78,82,73,82,82,82,81,54,54,78,76,76,76,76,78,78,45,45,69,41,82,82,82,26,0],"gold":47,"neow_bonus":"TEN_PERCENT_HP_BONUS","is_prod":false,"is_daily":false,"chose_seed":false,"campfire_upgraded":0,"win_rate":0,"timestamp":1543185249,"path_taken":["M","?","$","M","?","R","?","E","T","?","?","E","R","M","R","BOSS","M","$","M","$","M","$","R","M","T","?","M","?","E","M","R","BOSS","M","?","M","?","$","R","M","?","T","M","M","$","E","?","R","BOSS","R","$","E","BOSS"],"build_version":"2018-11-15","purchased_purges":4,"victory":false,"max_hp_per_floor":[77,82,82,82,82,82,82,82,82,82,82,82,82,82,82,82,82,82,82,82,82,82,82,82,82,82,82,82,82,82,82,82,82,82,82,82,82,82,82,82,82,82,82,82,82,82,82,82,82,82,82,82,82,82,82],"card_choices":[{"not_picked":["Accuracy","Choke"],"picked":"Flying Knee","floor":1.0},{"not_picked":["Skewer","Prepared"],"picked":"Dagger Throw","floor":4.0},{"not_picked":["Backstab","Accuracy"],"picked":"Sucker Punch","floor":7.0},{"not_picked":["Bane","Unload","Catalyst"],"picked":"SKIP","floor":8.0},{"not_picked":["Skewer","Deflect"],"picked":"Heel Hook","floor":12.0},{"not_picked":["Endless Agony","Prepared"],"picked":"Poisoned Stab","floor":14.0},{"not_picked":["Envenom","Burst"],"picked":"After Image","floor":16.0},{"not_picked":["Concentrate","Prepared"],"picked":"Quick Slash+1","floor":18.0},{"not_picked":["Noxious Fumes+1","Sucker Punch"],"picked":"PiercingWail","floor":20.0},{"not_picked":["Dagger Throw","Night Terror","Prepared"],"picked":"SKIP","floor":22.0},{"not_picked":["Predator","Bouncing Flask","Sucker Punch"],"picked":"SKIP","floor":25.0},{"not_picked":["Concentrate","Tactician","Dagger Throw"],"picked":"SKIP","floor":28.0},{"not_picked":["Doppelganger","Backstab+1"],"picked":"Blade Dance+1","floor":30.0},{"not_picked":["Predator+1","Calculated Gamble"],"picked":"Blur","floor":31.0},{"not_picked":["Night Terror","Malaise"],"picked":"Tools of the Trade","floor":33.0},{"not_picked":["Caltrops","Dagger Throw+1"],"picked":"Choke+1","floor":35.0},{"not_picked":["Calculated Gamble","Accuracy+1","Poisoned Stab+1"],"picked":"SKIP","floor":37.0},{"not_picked":["Flying Knee+1","Caltrops"],"picked":"Dash+1","floor":41.0},{"not_picked":["Backflip","Bane+1"],"picked":"Sucker Punch+1","floor":44.0},{"not_picked":["Heel Hook+1","Underhanded Strike+1"],"picked":"Acrobatics+1","floor":45.0},{"not_picked":["Eviscerate+1","Underhanded Strike+1","Flying Knee+1"],"picked":"SKIP","floor":47.0},{"not_picked":["Crippling Poison+1","Accuracy"],"picked":"Malaise","floor":54}],"player_experience":389800,"relics_obtained":[{"floor":8.0,"key":"Blood Vial"},{"floor":12.0,"key":"Bag of Preparation"},{"floor":26.0,"key":"Meat on the Bone"},{"floor":30.0,"key":"Molten Egg 2"},{"floor":38.0,"key":"Tingsha"},{"floor":47.0,"key":"Ancient Tea Set"},{"floor":54,"key":"PreservedInsect"}],"event_choices":[{"damage_healed":0.0,"max_hp_gain":5.0,"max_hp_loss":0.0,"gold_gain":0.0,"event_name":"Big Fish","player_choice":"Donut","floor":2.0,"gold_loss":0.0,"damage_taken":0.0},{"damage_healed":0.0,"max_hp_gain":0.0,"max_hp_loss":0.0,"gold_gain":0.0,"event_name":"Lab","player_choice":"Got Potions","floor":5.0,"gold_loss":0.0,"damage_taken":0.0},{"damage_healed":0.0,"max_hp_gain":0.0,"max_hp_loss":0.0,"gold_gain":0.0,"event_name":"Scrap Ooze","player_choice":"Success","floor":10.0,"gold_loss":0.0,"damage_taken":3.0,"relics_obtained":["Juzu Bracelet"]},{"damage_healed":0.0,"max_hp_gain":0.0,"max_hp_loss":0.0,"gold_gain":75.0,"event_name":"World of Goop","player_choice":"Gather Gold","floor":11.0,"gold_loss":0.0,"damage_taken":11.0},{"damage_healed":0.0,"max_hp_gain":0.0,"max_hp_loss":0.0,"gold_gain":0.0,"event_name":"Duplicator","player_choice":"Copied","floor":27.0,"gold_loss":0.0,"damage_taken":0.0,"cards_obtained":["PiercingWail"]},{"damage_healed":0.0,"max_hp_gain":0.0,"max_hp_loss":0.0,"gold_gain":0.0,"event_name":"Back to Basics","player_choice":"Simplicity","floor":29.0,"gold_loss":0.0,"damage_taken":0.0,"cards_upgraded":["Defend_G","Defend_G","Defend_G","Defend_G","Defend_G","Strike_G","Strike_G"]},{"damage_healed":0.0,"max_hp_gain":0.0,"max_hp_loss":0.0,"gold_gain":0.0,"event_name":"Designer","player_choice":"Upgraded Two","floor":36.0,"gold_loss":40.0,"damage_taken":0.0,"cards_upgraded":["Tools of the Trade","After Image"]},{"damage_healed":0.0,"max_hp_gain":0.0,"max_hp_loss":0.0,"gold_gain":0.0,"event_name":"Mysterious Sphere","player_choice":"Fight","floor":38.0,"gold_loss":0.0,"damage_taken":0.0},{"damage_healed":0.0,"max_hp_gain":0.0,"max_hp_loss":0.0,"gold_gain":0.0,"event_name":"Tomb of Lord Red Mask","player_choice":"Ignored","floor":42.0,"gold_loss":0.0,"damage_taken":0.0}],"is_beta":false,"boss_relics":[{"not_picked":["Velvet Choker","Lizard Tail"],"picked":"Fusion Hammer"},{"not_picked":["White Beast Statue","Coffee Dripper"],"picked":"Cursed Key"}],"items_purged_floors":[3,19,21,39],"is_endless":false,"potions_floor_spawned":[1,8,12,14,16,20,28,31,33,38,41,45],"killed_by":"The Heart","ascension_level":0}