{"gold_per_floor":[117,133,58,58,73,73,112,112],"floor_reached":8,"playtime":284,"items_purged":[],"score":112,"play_id":"4d47f8a4-489a-46da-9d37-c197eb7dbbd4","local_time":"20190531145047","is_ascension_mode":true,"campfire_choices":[{"data":"Rebound","floor":6,"key":"SMITH"}],"neow_cost":"TEN_PERCENT_HP_LOSS","seed_source_timestamp":166864916917517,"circlet_count":0,"master_deck":["AscendersBane","Strike_B","Strike_B","Strike_B","Defend_B","Defend_B","Defend_B","Defend_B","Zap","Dualcast","Rebound+1","Coolheaded","Creative AI"],"relics":["Cracked Core","Torii","Golden Idol","Boot"],"potions_floor_usage":[],"damage_taken":[{"damage":1,"enemies":"Jaw Worm","floor":1,"turns":3},{"damage":12,"enemies":"2 Louse","floor":2,"turns":3},{"damage":1,"enemies":"Cultist","floor":5,"turns":3},{"damage":39,"enemies":"Lagavulin","floor":7,"turns":6},{"damage":24,"enemies":"The Mushroom Lair","floor":8,"turns":2}],"seed_played":"8698502994835266114","potions_obtained":[{"floor":1,"key":"FairyPotion"}],"is_trial":false,"path_per_floor":["M","M","?","?","M","R","E","?"],"character_chosen":"DEFECT","items_purchased":[],"campfire_rested":0,"item_purchase_floors":[],"current_hp_per_floor":[63,51,51,51,50,50,11,0],"gold":112,"neow_bonus":"ONE_RARE_RELIC","is_prod":false,"is_daily":false,"chose_seed":false,"campfire_upgraded":1,"win_rate":0,"timestamp":1559339447,"path_taken":["M","M","?","?","M","R","E","?"],"build_version":"2019-05-28","purchased_purges":0,"victory":false,"max_hp_per_floor":[64,64,64,58,58,58,58,58],"card_choices":[{"not_picked":["Skim","Hologram"],"picked":"Rebound","floor":1},{"not_picked":["Redo","Steam"],"picked":"Coolheaded","floor":2},{"not_picked":["Heatsinks","Reprogram","Skim"],"picked":"SKIP","floor":5},{"not_picked":["Reinforced Body","Fusion"],"picked":"Creative AI","floor":7}],"player_experience":1593419,"relics_obtained":[{"floor":7,"key":"Boot"}],"event_choices":[{"cards_removed":["Strike_B"],"damage_healed":0,"gold_gain":0,"player_choice":"Card Removal","damage_taken":0,"max_hp_gain":0,"max_hp_loss":0,"event_name":"The Cleric","floor":3,"gold_loss":75},{"damage_healed":0,"gold_gain":0,"player_choice":"Lose Max HP","damage_taken":0,"relics_obtained":["Golden Idol"],"max_hp_gain":0,"max_hp_loss":6,"event_name":"Golden Idol","floor":4,"gold_loss":0},{"damage_healed":0,"gold_gain":0,"player_choice":"Fought Mushrooms","damage_taken":0,"max_hp_gain":0,"max_hp_loss":0,"event_name":"Mushrooms","floor":8,"gold_loss":0}],"is_beta":true,"boss_relics":[],"items_purged_floors":[],"is_endless":false,"potions_floor_spawned":[1],"killed_by":"The Mushroom Lair","ascension_level":20}