{"gold_per_floor":[119,17,17,28,41,59,59,77,77,109,109,134,134,134,134,234,234,245,345,360,459,472,472,489,508,558,585,597,635,666,693,705,717],"floor_reached":33,"playtime":2885,"items_purged":[],"score":286,"play_id":"320dc335-6c50-4ed8-bcbb-8de1884c4417","local_time":"20190602015036","is_ascension_mode":false,"campfire_choices":[{"data":"Poisoned Stab","floor":7,"key":"SMITH"},{"floor":11,"key":"REST"},{"floor":13,"key":"REST"},{"floor":15,"key":"REST"},{"floor":23,"key":"REST"},{"floor":32,"key":"REST"}],"neow_cost":"NONE","seed_source_timestamp":19905186694721,"circlet_count":0,"master_deck":["Defend_G","Defend_G","Defend_G+1","Defend_G","Defend_G","Survivor","Neutralize","Acrobatics","Prepared","Caltrops","Deadly Poison","Poisoned Stab+1","Deadly Poison","Riddle With Holes","Tools of the Trade","Backflip","Envenom","Well Laid Plans","Dagger Spray","Bane+1","Blade Dance+1","Dagger Spray+1","Envenom","PiercingWail+1","Bite","Bite","Bite","Bite","Bite","Deadly Poison","Flying Knee+1"],"relics":["Ring of the Snake","Pen Nib","Ninja Scroll","Girya","Bird Faced Urn","Mercury Hourglass","WristBlade","Ginger","Pear","MawBank","Vajra"],"potions_floor_usage":[12,12,19,31,31,33],"damage_taken":[{"damage":1,"enemies":"Jaw Worm","floor":1,"turns":5},{"damage":0,"enemies":"Small Slimes","floor":4,"turns":2},{"damage":0,"enemies":"2 Louse","floor":5,"turns":3},{"damage":2,"enemies":"Looter","floor":6,"turns":3},{"damage":2,"enemies":"Blue Slaver","floor":8,"turns":3},{"damage":29,"enemies":"Lagavulin","floor":10,"turns":6},{"damage":28,"enemies":"Gremlin Nob","floor":12,"turns":4},{"damage":20,"enemies":"Slime Boss","floor":16,"turns":9},{"damage":2,"enemies":"Chosen","floor":18,"turns":3},{"damage":29,"enemies":"Colosseum Slavers","floor":19,"turns":3},{"damage":29,"enemies":"Colosseum Nobs","floor":19,"turns":5},{"damage":14,"enemies":"Shell Parasite","floor":20,"turns":6},{"damage":17,"enemies":"Centurion and Healer","floor":22,"turns":5},{"damage":11,"enemies":"Cultist and Chosen","floor":24,"turns":4},{"damage":8,"enemies":"Snecko","floor":25,"turns":3},{"damage":0,"enemies":"3 Cultists","floor":27,"turns":4},{"damage":16,"enemies":"Snake Plant","floor":30,"turns":3},{"damage":0,"enemies":"Centurion and Healer","floor":31,"turns":3},{"damage":58,"enemies":"Champ","floor":33,"turns":7}],"seed_played":"3207832869785979987","potions_obtained":[{"floor":4,"key":"EssenceOfSteel"},{"floor":10,"key":"PowerPotion"},{"floor":12,"key":"Weak Potion"},{"floor":25,"key":"Regen Potion"},{"floor":27,"key":"Energy Potion"},{"floor":30,"key":"Poison Potion"}],"is_trial":false,"path_per_floor":["M","$","?","M","M","M","R","M","T","E","R","E","R","?","R","B",null,"M","?","M","?","M","R","M","M","T","M","?","T","M","M","R","B"],"character_chosen":"THE_SILENT","items_purchased":["Prepared","Caltrops"],"campfire_rested":5,"item_purchase_floors":[2,2],"current_hp_per_floor":[69,69,62,62,62,60,60,58,58,29,50,26,47,33,54,38,70,68,30,22,22,9,33,26,22,22,24,24,24,14,32,48,0],"gold":717,"neow_bonus":"RANDOM_COMMON_RELIC","is_prod":false,"is_daily":false,"chose_seed":false,"campfire_upgraded":1,"win_rate":0.0,"timestamp":1559458236,"path_taken":["M","$","?","M","M","M","R","M","T","E","R","E","R","?","R","BOSS","M","?","M","?","M","R","M","M","T","M","?","?","M","?","R","BOSS"],"build_version":"2019-01-23","purchased_purges":0,"victory":false,"max_hp_per_floor":[70,70,70,70,70,70,70,70,70,70,70,70,70,70,70,70,70,70,80,80,80,80,80,80,80,80,80,56,56,56,56,56,56],"card_choices":[{"not_picked":["Predator","PiercingWail"],"picked":"Acrobatics","floor":1},{"not_picked":["Expertise","Poisoned Stab"],"picked":"Deadly Poison","floor":4},{"not_picked":["Blade Dance","Acrobatics"],"picked":"Poisoned Stab","floor":5},{"not_picked":["Acrobatics","Well Laid Plans"],"picked":"Deadly Poison","floor":6},{"not_picked":["Choke","Expertise"],"picked":"Riddle With Holes","floor":8},{"not_picked":["Acrobatics","Riddle With Holes"],"picked":"Tools of the Trade","floor":10},{"not_picked":["PiercingWail","Finisher"],"picked":"Backflip","floor":12},{"not_picked":["Venomology","Doppelganger"],"picked":"Envenom","floor":16},{"not_picked":["Tactician","Deflect"],"picked":"Well Laid Plans","floor":18},{"not_picked":["Quick Slash+1","Flechettes"],"picked":"Dagger Spray","floor":19},{"not_picked":["Expertise","Deadly Poison"],"picked":"Bane+1","floor":20},{"not_picked":["Dodge and Roll","Dagger Spray"],"picked":"Blade Dance+1","floor":22},{"not_picked":["Dagger Throw","Outmaneuver+1"],"picked":"Dagger Spray+1","floor":24},{"not_picked":["Choke","Poisoned Stab"],"picked":"Envenom","floor":25},{"not_picked":["Footwork","Masterful Stab"],"picked":"PiercingWail+1","floor":27},{"not_picked":["Backflip","Flying Knee"],"picked":"Deadly Poison","floor":30},{"not_picked":["Dodge and Roll+1","Sucker Punch"],"picked":"Flying Knee+1","floor":31}],"player_experience":22825,"relics_obtained":[{"floor":9,"key":"Girya"},{"floor":10,"key":"Bird Faced Urn"},{"floor":12,"key":"Mercury Hourglass"},{"floor":19,"key":"Ginger"},{"floor":19,"key":"Pear"},{"floor":26,"key":"MawBank"},{"floor":29,"key":"Vajra"}],"event_choices":[{"damage_healed":0,"gold_gain":0,"player_choice":"Success","damage_taken":7,"relics_obtained":["Ninja Scroll"],"max_hp_gain":0,"max_hp_loss":0,"event_name":"Scrap Ooze","floor":3,"gold_loss":0},{"damage_healed":0,"gold_gain":0,"player_choice":"Entered Light","damage_taken":14,"max_hp_gain":0,"max_hp_loss":0,"event_name":"Shining Light","floor":14,"gold_loss":0,"cards_upgraded":["Defend_G","Strike_G"]},{"damage_healed":0,"gold_gain":0,"player_choice":"Fight","damage_taken":0,"max_hp_gain":0,"max_hp_loss":0,"event_name":"Colosseum","floor":19,"gold_loss":0},{"damage_healed":0,"gold_gain":0,"player_choice":"Fought Nobs","damage_taken":0,"max_hp_gain":0,"max_hp_loss":0,"event_name":"Colosseum","floor":19,"gold_loss":0},{"damage_healed":0,"gold_gain":99,"player_choice":"Stole From Cult","damage_taken":0,"max_hp_gain":0,"max_hp_loss":0,"event_name":"Nest","floor":21,"gold_loss":0},{"damage_healed":0,"gold_gain":0,"player_choice":"Became a vampire","damage_taken":0,"max_hp_gain":0,"max_hp_loss":24,"event_name":"Vampires","floor":28,"gold_loss":0,"cards_obtained":["Bite","Bite","Bite","Bite","Bite"]}],"is_beta":false,"boss_relics":[{"not_picked":["Velvet Choker","Tiny House"],"picked":"WristBlade"}],"items_purged_floors":[],"is_endless":false,"potions_floor_spawned":[4,10,12,19,25,27,30],"killed_by":"Champ","ascension_level":0}