{"gold_per_floor":[119,194,194,119,133,133,164,174,252,252,272,272,294,294,294,294],"floor_reached":16,"playtime":511,"items_purged":[],"score":196,"play_id":"9141a45f-a103-491b-8204-a79bd87c8b4f","local_time":"20190602190326","is_ascension_mode":true,"campfire_choices":[{"data":"1","floor":6,"key":"LIFT"},{"floor":10,"key":"REST"},{"data":"2","floor":12,"key":"LIFT"},{"floor":15,"key":"REST"}],"neow_cost":"CURSE","seed_source_timestamp":354597783339617,"circlet_count":0,"master_deck":["AscendersBane","Strike_B","Strike_B","Strike_B","Defend_B","Defend_B","Defend_B","Defend_B","Zap","Dualcast","Streamline","Capacitor","Auto Shields","Leap","Compile Driver","Conserve Battery"],"relics":["Cracked Core","Girya","DataDisk","Question Card","Odd Mushroom"],"potions_floor_usage":[7,13,16],"damage_taken":[{"damage":7,"enemies":"Cultist","floor":1,"turns":4},{"damage":7,"enemies":"Small Slimes","floor":5,"turns":3},{"damage":29,"enemies":"Lagavulin","floor":7,"turns":6},{"damage":3,"enemies":"2 Louse","floor":8,"turns":2},{"damage":0,"enemies":"Red Slaver","floor":11,"turns":3},{"damage":19,"enemies":"The Mushroom Lair","floor":13,"turns":4},{"damage":48,"enemies":"Slime Boss","floor":16,"turns":9}],"seed_played":"8728924976671225704","potions_obtained":[{"floor":5,"key":"Weak Potion"},{"floor":11,"key":"PowerPotion"},{"floor":13,"key":"Regen Potion"}],"is_trial":false,"path_per_floor":["M","?","?","?","M","R","E","M","T","R","M","R","?","?","R","B"],"character_chosen":"DEFECT","items_purchased":[],"campfire_rested":2,"item_purchase_floors":[],"current_hp_per_floor":[57,46,46,46,39,39,10,7,7,28,28,28,9,9,30,0],"gold":294,"neow_bonus":"ONE_RARE_RELIC","is_prod":false,"is_daily":false,"chose_seed":false,"campfire_upgraded":0,"win_rate":0,"timestamp":1559527406,"path_taken":["M","?","?","?","M","R","E","M","T","R","M","R","?","?","R","BOSS"],"build_version":"2019-06-01v2","purchased_purges":0,"victory":false,"max_hp_per_floor":[71,71,71,71,71,71,71,71,71,71,71,71,71,71,71,71],"card_choices":[{"not_picked":["Redo","Coolheaded"],"picked":"Streamline","floor":1},{"not_picked":["Stack","Beam Cell"],"picked":"Capacitor","floor":5},{"not_picked":["Tempest","Rebound"],"picked":"Auto Shields","floor":7},{"not_picked":["Redo","Aggregate"],"picked":"Leap","floor":8},{"not_picked":["Heatsinks","Leap","Reinforced Body"],"picked":"Compile Driver","floor":11},{"not_picked":["Rebound","Redo","Beam Cell"],"picked":"Conserve Battery","floor":13}],"player_experience":1596553,"relics_obtained":[{"floor":7,"key":"DataDisk"},{"floor":9,"key":"Question Card"},{"floor":13,"key":"Odd Mushroom"}],"event_choices":[{"damage_healed":0,"gold_gain":75,"player_choice":"Gather Gold","damage_taken":11,"max_hp_gain":0,"max_hp_loss":0,"event_name":"World of Goop","floor":2,"gold_loss":0},{"damage_healed":0,"gold_gain":0,"player_choice":"Ignored","damage_taken":0,"max_hp_gain":0,"max_hp_loss":0,"event_name":"Liars Game","floor":3,"gold_loss":0},{"cards_removed":["Writhe"],"damage_healed":0,"gold_gain":0,"player_choice":"Card Removal","damage_taken":0,"max_hp_gain":0,"max_hp_loss":0,"event_name":"The Cleric","floor":4,"gold_loss":75},{"damage_healed":0,"gold_gain":0,"player_choice":"Fought Mushrooms","damage_taken":0,"max_hp_gain":0,"max_hp_loss":0,"event_name":"Mushrooms","floor":13,"gold_loss":0},{"cards_removed":["Strike_B"],"damage_healed":0,"gold_gain":0,"player_choice":"Purged","damage_taken":0,"max_hp_gain":0,"max_hp_loss":0,"event_name":"Purifier","floor":14,"gold_loss":0}],"is_beta":true,"boss_relics":[],"items_purged_floors":[],"is_endless":false,"potions_floor_spawned":[5,11,13],"killed_by":"Slime Boss","ascension_level":20}