{"gold_per_floor":[110,110,110,110,121,154,154,105,105,105,122,139,139,169,169,169],"floor_reached":16,"playtime":490,"items_purged":[],"score":124,"play_id":"07a0da0a-5bfb-4b52-9a62-22856aa05eae","local_time":"20190416085641","is_ascension_mode":true,"campfire_choices":[{"floor":7,"key":"REST"},{"data":"Heavy Blade","floor":10,"key":"SMITH"},{"data":"Bash","floor":15,"key":"SMITH"}],"neow_cost":"PERCENT_DAMAGE","seed_source_timestamp":183796165388255,"circlet_count":0,"master_deck":["Strike_R","Strike_R","Strike_R","Strike_R","Defend_R","Defend_R","Defend_R","Bash+1","Rage","Inflame+1","Armaments+1","Heavy Blade+1","Shrug It Off","Sword Boomerang","Heavy Blade"],"relics":["Burning Blood","Bag of Preparation","Bag of Marbles","Question Card"],"potions_floor_usage":[],"damage_taken":[{"damage":6,"enemies":"Jaw Worm","floor":1,"turns":3},{"damage":0,"enemies":"2 Louse","floor":5,"turns":2},{"damage":43,"enemies":"3 Sentries","floor":6,"turns":10},{"damage":0,"enemies":"Cultist","floor":11,"turns":2},{"damage":1,"enemies":"Red Slaver","floor":12,"turns":3},{"damage":13,"enemies":"Lagavulin","floor":14,"turns":6},{"damage":41,"enemies":"The Guardian","floor":16,"turns":5}],"seed_played":"-6742474587007089141","potions_obtained":[{"floor":1,"key":"FairyPotion"},{"floor":5,"key":"GamblersBrew"},{"floor":14,"key":"GamblersBrew"}],"is_trial":false,"path_per_floor":["M","?","?","?","M","E","R","$","T","R","M","M","?","E","R","B"],"character_chosen":"IRONCLAD","items_purchased":["Heavy Blade"],"campfire_rested":1,"item_purchase_floors":[8],"current_hp_per_floor":[56,31,31,31,37,14,38,38,38,38,44,49,41,34,34,0],"gold":169,"neow_bonus":"TRANSFORM_TWO_CARDS","is_prod":false,"is_daily":false,"chose_seed":false,"campfire_upgraded":2,"win_rate":0,"timestamp":1555419401,"path_taken":["M","?","?","?","?","E","R","?","T","R","M","M","?","E","R","BOSS"],"build_version":"2019-01-23","purchased_purges":0,"victory":false,"max_hp_per_floor":[80,80,80,80,80,80,80,80,80,80,80,80,80,80,80,80],"card_choices":[{"not_picked":["Flame Barrier","Hemokinesis"],"picked":"Armaments","floor":1},{"not_picked":["Headbutt","Searing Blow","Combust"],"picked":"SKIP","floor":5},{"not_picked":["Thunderclap","Armaments","Body Slam"],"picked":"SKIP","floor":6},{"not_picked":["True Grit","Fiend Fire"],"picked":"Shrug It Off","floor":11},{"not_picked":["Headbutt","Dropkick"],"picked":"Sword Boomerang","floor":12},{"not_picked":["Headbutt","Armaments"],"picked":"Heavy Blade","floor":14}],"player_experience":157226,"relics_obtained":[{"floor":6,"key":"Bag of Marbles"},{"floor":14,"key":"Question Card"}],"event_choices":[{"damage_healed":0,"gold_gain":0,"player_choice":"Success","damage_taken":25,"relics_obtained":["Bag of Preparation"],"max_hp_gain":0,"max_hp_loss":0,"event_name":"Scrap Ooze","floor":2,"gold_loss":0},{"damage_healed":0,"gold_gain":0,"player_choice":"Grow","damage_taken":0,"max_hp_gain":0,"max_hp_loss":0,"event_name":"Living Wall","floor":3,"gold_loss":0,"cards_upgraded":["Armaments"]},{"damage_healed":0,"gold_gain":0,"player_choice":"Forge","damage_taken":0,"max_hp_gain":0,"max_hp_loss":0,"event_name":"Accursed Blacksmith","floor":4,"gold_loss":0,"cards_upgraded":["Inflame"]},{"damage_healed":0,"gold_gain":0,"player_choice":"Damaged","damage_taken":8,"max_hp_gain":0,"max_hp_loss":0,"event_name":"Wheel of Change","floor":13,"gold_loss":0}],"is_beta":false,"boss_relics":[],"items_purged_floors":[],"is_endless":false,"potions_floor_spawned":[1,5,14],"killed_by":"The Guardian","ascension_level":3}