{"gold_per_floor":[112,130,280,29,41,74,153,173,173,10,28,56,56,79,79,173,173,193,217,1,1,1,37,37,50,123,123,23,23],"floor_reached":29,"playtime":1470,"items_purged":["Doubt","Strike_G"],"score":493,"play_id":"0e937f21-acb7-4962-8425-62c8d212d926","local_time":"20190608164400","is_ascension_mode":true,"campfire_choices":[{"floor":15,"key":"REST"},{"floor":24,"key":"REST"}],"neow_cost":"NONE","seed_source_timestamp":44091800299688,"circlet_count":0,"master_deck":["AscendersBane","Defend_G","Defend_G","Defend_G","Defend_G","Defend_G","Strike_G","Survivor","Neutralize","Backstab","Crippling Poison","PiercingWail","Well Laid Plans","Masterful Stab","PiercingWail","Deadly Poison","Noxious Fumes","Leg Sweep","Bane","Deflect","Footwork","A Thousand Cuts","Prepared+1","Noxious Fumes+1","Predator+1","Backstab+1","PiercingWail"],"relics":["Ring of the Snake","NeowsBlessing","Centennial Puzzle","Letter Opener","Unceasing Top","Golden Idol","Astrolabe","Bag of Preparation","The Specimen","Bottled Flame"],"potions_floor_usage":[12,12,16,23,29],"damage_taken":[{"damage":0,"enemies":"Cultist","floor":1,"turns":1},{"damage":0,"enemies":"Jaw Worm","floor":2,"turns":1},{"damage":0,"enemies":"2 Louse","floor":5,"turns":1},{"damage":29,"enemies":"3 Sentries","floor":6,"turns":13},{"damage":0,"enemies":"Large Slime","floor":8,"turns":6},{"damage":0,"enemies":"Looter","floor":11,"turns":3},{"damage":6,"enemies":"Gremlin Nob","floor":12,"turns":3},{"damage":0,"enemies":"Blue Slaver","floor":14,"turns":4},{"damage":27,"enemies":"Slime Boss","floor":16,"turns":11},{"damage":6,"enemies":"Spheric Guardian","floor":18,"turns":6},{"damage":0,"enemies":"3 Byrds","floor":19,"turns":6},{"damage":28,"enemies":"Gremlin Leader","floor":23,"turns":8},{"damage":9,"enemies":"3 Cultists","floor":25,"turns":5},{"damage":54,"enemies":"Book of Stabbing","floor":29,"turns":6}],"seed_played":"-1902504537156040818","potions_obtained":[{"floor":2,"key":"Strength Potion"},{"floor":8,"key":"FearPotion"},{"floor":14,"key":"AttackPotion"},{"floor":16,"key":"PowerPotion"},{"floor":25,"key":"Fruit Juice"}],"is_trial":false,"path_per_floor":["M","M","?","$","M","E","?","M","T","$","M","E","?","M","R","B",null,"M","M","$","?","?","E","R","M","T","?","$","E"],"character_chosen":"THE_SILENT","items_purchased":["PiercingWail","Well Laid Plans","Masterful Stab","Noxious Fumes","Leg Sweep","Bag of Preparation","PiercingWail"],"campfire_rested":2,"item_purchase_floors":[4,4,4,10,10,20,20],"current_hp_per_floor":[59,59,59,59,59,30,30,30,30,30,30,24,24,24,42,15,49,43,43,43,43,43,15,33,24,24,36,36,0],"gold":23,"neow_bonus":"THREE_ENEMY_KILL","is_prod":false,"is_daily":false,"chose_seed":false,"campfire_upgraded":0,"win_rate":0,"timestamp":1560026640,"path_taken":["M","M","?","?","?","E","?","M","T","$","M","E","?","M","R","BOSS","M","M","$","?","?","E","R","M","T","?","?","E"],"build_version":"2019-01-23","purchased_purges":2,"victory":false,"max_hp_per_floor":[66,66,66,66,66,66,66,66,66,66,66,66,60,60,60,60,60,60,60,60,60,60,60,60,60,60,60,60,65],"card_choices":[{"not_picked":["Slice","Distraction"],"picked":"Backstab","floor":1},{"not_picked":["Sucker Punch","Dagger Throw"],"picked":"Crippling Poison","floor":2},{"not_picked":["Slice","All Out Attack"],"picked":"PiercingWail","floor":5},{"not_picked":["Accuracy","Heel Hook","Blade Dance"],"picked":"SKIP","floor":6},{"not_picked":["Prepared","PiercingWail"],"picked":"Deadly Poison","floor":8},{"not_picked":["Prepared","Deadly Poison"],"picked":"Bane","floor":11},{"not_picked":["Storm of Steel","Choke"],"picked":"Deflect","floor":12},{"not_picked":["Concentrate","Deadly Poison"],"picked":"Footwork","floor":14},{"not_picked":["Unload","Venomology"],"picked":"A Thousand Cuts","floor":16},{"not_picked":["Eviscerate","Dagger Spray"],"picked":"Backstab+1","floor":18},{"not_picked":["Leg Sweep","Calculated Gamble","Acrobatics"],"picked":"SKIP","floor":19},{"not_picked":["Concentrate","Blade Dance","Choke"],"picked":"SKIP","floor":23},{"not_picked":["Underhanded Strike","Acrobatics","Heel Hook"],"picked":"SKIP","floor":25}],"player_experience":602363,"relics_obtained":[{"floor":6,"key":"Centennial Puzzle"},{"floor":9,"key":"Letter Opener"},{"floor":12,"key":"Unceasing Top"},{"floor":23,"key":"The Specimen"},{"floor":26,"key":"Bottled Flame"}],"event_choices":[{"damage_healed":0,"gold_gain":150,"player_choice":"AGREE","damage_taken":0,"max_hp_gain":0,"max_hp_loss":0,"event_name":"Liars Game","floor":3,"gold_loss":0,"cards_obtained":["Doubt"]},{"damage_healed":0,"gold_gain":79,"player_choice":"Gained Gold","damage_taken":0,"max_hp_gain":0,"max_hp_loss":0,"event_name":"Golden Wing","floor":7,"gold_loss":0},{"damage_healed":0,"gold_gain":0,"player_choice":"Lose Max HP","damage_taken":0,"relics_obtained":["Golden Idol"],"max_hp_gain":0,"max_hp_loss":6,"event_name":"Golden Idol","floor":13,"gold_loss":0},{"damage_healed":0,"gold_gain":0,"player_choice":"Ignored","damage_taken":0,"max_hp_gain":0,"max_hp_loss":0,"event_name":"Ghosts","floor":21,"gold_loss":0},{"damage_healed":0,"gold_gain":0,"player_choice":"Ignored","damage_taken":0,"max_hp_gain":0,"max_hp_loss":0,"event_name":"Beggar","floor":22,"gold_loss":0},{"damage_healed":12,"gold_gain":0,"player_choice":"Heal","damage_taken":0,"max_hp_gain":0,"max_hp_loss":0,"event_name":"The Library","floor":27,"gold_loss":0}],"is_beta":false,"boss_relics":[{"not_picked":["Pandora\u0027s Box","Lizard Tail"],"picked":"Astrolabe"}],"items_purged_floors":[4,28],"is_endless":false,"potions_floor_spawned":[2,8,14,16,25],"killed_by":"Book of Stabbing","ascension_level":19}