{"gold_per_floor":[119,129,139,314,314,342,355,355,355,366,366,385,385,400,400,504,504,474,57,57,57,57,57,57,57,57,57,57,57,2,2,2,2,2,2,2,0,0,0,0,0,0,0,0,0,0,0,0,0,0],"floor_reached":50,"playtime":3193,"items_purged":["Doubt"],"score":575,"play_id":"b2274c35-3276-44c1-9433-020ea79744b0","local_time":"20190316132103","is_ascension_mode":false,"campfire_choices":[{"data":"Thunderclap","floor":8,"key":"SMITH"},{"floor":13,"key":"REST"},{"data":"Bash","floor":15,"key":"SMITH"},{"data":"Pommel Strike","floor":23,"key":"SMITH"},{"data":"Carnage","floor":25,"key":"SMITH"},{"data":"Fire Breathing","floor":29,"key":"SMITH"},{"floor":32,"key":"REST"},{"floor":42,"key":"REST"},{"floor":49,"key":"REST"}],"neow_cost":"CURSE","seed_source_timestamp":2637133650104,"circlet_count":0,"master_deck":["Strike_R","Strike_R","Strike_R","Strike_R","Strike_R","Defend_R","Defend_R","Defend_R","Defend_R","Bash+1","PanicButton","Violence","Shame","Cleave","Blood for Blood","Anger+1","Thunderclap+1","Twin Strike","Inflame","Berserk","Headbutt","Thunderclap","Offering+1","Carnage+1","Pommel Strike+1","Warcry+1","Fire Breathing+1","Dark Embrace","Armaments+1","Feed","Heavy Blade+1","Seeing Red+1","True Grit+1","Heavy Blade+1","Sadistic Nature+1","Metamorphosis+1","Panacea+1","Twin Strike"],"relics":["Burning Blood","Toxic Egg 2","Letter Opener","Ectoplasm","Bottled Tornado","Mercury Hourglass","Pear","Frozen Egg 2","Busted Crown","Red Mask","Mango","Paper Frog","Gremlin Horn"],"potions_floor_usage":[6,16,16,16,16,18,28,33,33,39,47,50],"damage_taken":[{"damage":6,"enemies":"2 Louse","floor":1,"turns":3},{"damage":1,"enemies":"Cultist","floor":2,"turns":4},{"damage":0,"enemies":"Jaw Worm","floor":3,"turns":3},{"damage":24,"enemies":"Gremlin Nob","floor":6,"turns":4},{"damage":14,"enemies":"Blue Slaver","floor":7,"turns":4},{"damage":16,"enemies":"Red Slaver","floor":10,"turns":4},{"damage":13,"enemies":"Gremlin Gang","floor":12,"turns":3},{"damage":7,"enemies":"2 Fungi Beasts","floor":14,"turns":3},{"damage":45,"enemies":"The Guardian","floor":16,"turns":8},{"damage":20,"enemies":"2 Thieves","floor":18,"turns":2},{"damage":6,"enemies":"3 Byrds","floor":20,"turns":2},{"damage":21,"enemies":"Shelled Parasite and Fungi","floor":21,"turns":3},{"damage":0,"enemies":"3 Cultists","floor":24,"turns":3},{"damage":6,"enemies":"Cultist and Chosen","floor":27,"turns":2},{"damage":12,"enemies":"Book of Stabbing","floor":28,"turns":3},{"damage":58,"enemies":"Automaton","floor":33,"turns":8},{"damage":9,"enemies":"3 Darklings","floor":35,"turns":3},{"damage":15,"enemies":"3 Shapes","floor":36,"turns":2},{"damage":11,"enemies":"Sphere and 2 Shapes","floor":38,"turns":3},{"damage":13,"enemies":"3 Darklings","floor":39,"turns":3},{"damage":55,"enemies":"Giant Head","floor":40,"turns":6},{"damage":6,"enemies":"Transient","floor":41,"turns":5},{"damage":40,"enemies":"Spire Growth","floor":44,"turns":4},{"damage":6,"enemies":"3 Darklings","floor":47,"turns":2},{"damage":19,"enemies":"4 Shapes","floor":48,"turns":3},{"damage":63,"enemies":"Awakened One","floor":50,"turns":5}],"seed_played":"6735826753614653704","potions_obtained":[{"floor":2,"key":"AttackPotion"},{"floor":10,"key":"EntropicBrew"},{"floor":12,"key":"EssenceOfSteel"},{"floor":16,"key":"Block Potion"},{"floor":20,"key":"SteroidPotion"},{"floor":28,"key":"SmokeBomb"},{"floor":35,"key":"AttackPotion"},{"floor":36,"key":"LiquidBronze"},{"floor":38,"key":"SteroidPotion"},{"floor":44,"key":"Energy Potion"}],"is_trial":false,"path_per_floor":["M","M","M","?","?","E","M","R","T","M","?","M","R","M","R","B",null,"M","$","M","M","?","R","M","R","T","M","E","R","?","$","R","B",null,"M","M","?","M","M","E","M","R","T","M","?","T","M","M","R","B"],"character_chosen":"IRONCLAD","items_purchased":["Pommel Strike","Bottled Tornado","Swift Potion"],"campfire_rested":4,"item_purchase_floors":[19,19,19],"current_hp_per_floor":[80,80,80,80,80,62,54,54,54,44,44,37,61,60,60,21,80,66,66,66,51,51,51,57,57,57,57,61,61,61,61,88,36,90,87,82,82,80,76,41,41,75,75,41,31,31,31,21,56,0],"gold":0,"neow_bonus":"RANDOM_COLORLESS_2","is_prod":false,"is_daily":false,"chose_seed":false,"campfire_upgraded":5,"win_rate":0.0,"timestamp":1552756863,"path_taken":["M","M","M","?","?","E","M","R","T","?","?","M","R","M","R","BOSS","M","$","M","M","?","R","M","R","T","M","E","R","?","$","R","BOSS","M","M","?","M","M","E","M","R","T","M","?","?","?","M","R","BOSS"],"build_version":"2019-01-23","purchased_purges":1,"victory":false,"max_hp_per_floor":[80,80,80,80,80,80,80,80,80,80,80,80,80,80,80,80,80,80,80,80,80,80,80,80,80,80,80,90,90,90,90,90,90,90,90,94,94,97,100,114,114,114,114,114,114,114,114,117,117,117],"card_choices":[{"not_picked":["Warcry","Iron Wave"],"picked":"Cleave","floor":1},{"not_picked":["Perfected Strike","Sword Boomerang"],"picked":"Blood for Blood","floor":2},{"not_picked":["Seeing Red","Flex"],"picked":"Anger","floor":3},{"not_picked":["Berserk","Clash"],"picked":"Thunderclap","floor":6},{"not_picked":["Spot Weakness+1","Body Slam"],"picked":"Twin Strike","floor":7},{"not_picked":["Seeing Red+1","Twin Strike"],"picked":"Inflame","floor":10},{"not_picked":["Clash","Bloodletting+1"],"picked":"Headbutt","floor":12},{"not_picked":["Sword Boomerang","Headbutt"],"picked":"Thunderclap","floor":14},{"not_picked":["Bludgeon","Limit Break+1"],"picked":"Offering+1","floor":16},{"not_picked":["Clothesline","Intimidate+1"],"picked":"Carnage","floor":18},{"not_picked":["Clothesline","Combust"],"picked":"Warcry+1","floor":20},{"not_picked":["Iron Wave","Intimidate+1"],"picked":"Fire Breathing","floor":21},{"not_picked":["Perfected Strike","Bloodletting+1","Clash"],"picked":"SKIP","floor":24},{"not_picked":["Seeing Red+1","Cleave+1"],"picked":"Dark Embrace","floor":27},{"not_picked":["Whirlwind","Clash+1"],"picked":"Armaments+1","floor":28},{"not_picked":["Demon Form+1","Impervious+1"],"picked":"Feed","floor":33},{"not_picked":[],"picked":"Heavy Blade+1","floor":35},{"not_picked":[],"picked":"Seeing Red+1","floor":36},{"not_picked":["Bloodletting+1"],"picked":"SKIP","floor":38},{"not_picked":[],"picked":"True Grit+1","floor":39},{"not_picked":["Seeing Red+1"],"picked":"SKIP","floor":40},{"not_picked":[],"picked":"Heavy Blade+1","floor":41},{"not_picked":["Searing Blow"],"picked":"SKIP","floor":44},{"not_picked":[],"picked":"Sadistic Nature+1","floor":45},{"not_picked":[],"picked":"Metamorphosis+1","floor":45},{"not_picked":[],"picked":"Panacea+1","floor":45},{"not_picked":[],"picked":"Twin Strike","floor":47},{"not_picked":["Clothesline"],"picked":"SKIP","floor":48}],"player_experience":18188,"relics_obtained":[{"floor":6,"key":"Toxic Egg 2"},{"floor":9,"key":"Letter Opener"},{"floor":26,"key":"Mercury Hourglass"},{"floor":28,"key":"Pear"},{"floor":40,"key":"Mango"},{"floor":43,"key":"Paper Frog"},{"floor":46,"key":"Gremlin Horn"}],"event_choices":[{"damage_healed":0,"gold_gain":175,"player_choice":"AGREE","damage_taken":0,"max_hp_gain":0,"max_hp_loss":0,"event_name":"Liars Game","floor":4,"gold_loss":0,"cards_obtained":["Doubt"]},{"damage_healed":0,"gold_gain":0,"player_choice":"Upgraded","damage_taken":0,"max_hp_gain":0,"max_hp_loss":0,"event_name":"Upgrade Shrine","floor":5,"gold_loss":0,"cards_upgraded":["Anger"]},{"damage_healed":0,"gold_gain":0,"player_choice":"1 cards matched","damage_taken":0,"max_hp_gain":0,"max_hp_loss":0,"event_name":"Match and Keep!","floor":11,"gold_loss":0,"cards_obtained":["Berserk"]},{"damage_healed":0,"gold_gain":0,"player_choice":"Ignored","damage_taken":0,"max_hp_gain":0,"max_hp_loss":0,"event_name":"Ghosts","floor":22,"gold_loss":0},{"damage_healed":0,"gold_gain":0,"player_choice":"Paid Gold","damage_taken":0,"relics_obtained":["Frozen Egg 2"],"max_hp_gain":0,"max_hp_loss":0,"event_name":"WeMeetAgain","floor":30,"gold_loss":55},{"damage_healed":0,"gold_gain":0,"player_choice":"Paid","damage_taken":0,"relics_obtained":["Red Mask"],"max_hp_gain":0,"max_hp_loss":0,"event_name":"Tomb of Lord Red Mask","floor":37,"gold_loss":2},{"damage_healed":0,"gold_gain":0,"player_choice":"Memory 3","damage_taken":10,"max_hp_gain":0,"max_hp_loss":0,"event_name":"SensoryStone","floor":45,"gold_loss":0}],"is_beta":false,"boss_relics":[{"not_picked":["Astrolabe","Tiny House"],"picked":"Ectoplasm"},{"not_picked":["Sozu","Runic Dome"],"picked":"Busted Crown"}],"items_purged_floors":[19],"is_endless":false,"potions_floor_spawned":[2,10,12,16,20,24,28,35,36,38,44],"killed_by":"Awakened One","ascension_level":0}