{"gold_per_floor":[20,30,30,30,44,44,64,64,64,77,77,77,77,93,93,197,197,214,214],"floor_reached":19,"playtime":813,"items_purged":[],"score":239,"play_id":"8264ca67-65a4-471b-b49f-e4fa7ffb82bb","local_time":"20190428174144","is_ascension_mode":true,"campfire_choices":[{"data":"Neutralize","floor":6,"key":"SMITH"},{"data":"Dodge and Roll","floor":8,"key":"SMITH"},{"data":"Backflip","floor":11,"key":"SMITH"},{"data":"Deadly Poison","floor":12,"key":"SMITH"},{"data":"Survivor","floor":13,"key":"SMITH"},{"data":"Infinite Blades","floor":15,"key":"SMITH"}],"neow_cost":"NO_GOLD","seed_source_timestamp":635553326743572,"circlet_count":0,"master_deck":["AscendersBane","Defend_G","Defend_G","Defend_G","Defend_G","Defend_G","Strike_G","Strike_G","Strike_G","Strike_G","Strike_G","Survivor+1","Neutralize+1","Well Laid Plans","Deadly Poison+1","Dodge and Roll+1","Backflip+1","Infinite Blades+1","After Image","Dodge and Roll"],"relics":["Ring of the Snake","WingedGreaves","Regal Pillow","Cursed Key"],"potions_floor_usage":[7,10,16,16],"damage_taken":[{"damage":0,"enemies":"Cultist","floor":1,"turns":5},{"damage":5,"enemies":"Jaw Worm","floor":2,"turns":6},{"damage":7,"enemies":"Small Slimes","floor":5,"turns":4},{"damage":5,"enemies":"Gremlin Gang","floor":7,"turns":3},{"damage":9,"enemies":"3 Louse","floor":10,"turns":2},{"damage":0,"enemies":"2 Fungi Beasts","floor":14,"turns":5},{"damage":41,"enemies":"Slime Boss","floor":16,"turns":17},{"damage":4,"enemies":"Chosen","floor":18,"turns":7},{"damage":69,"enemies":"Masked Bandits","floor":19,"turns":5}],"seed_played":"-5401290472670613903","potions_obtained":[{"floor":1,"key":"Explosive Potion"},{"floor":4,"key":"SkillPotion"},{"floor":4,"key":"AttackPotion"},{"floor":14,"key":"Fruit Juice"}],"is_trial":false,"path_per_floor":["M","M","?","?","M","R","M","R","T","M","R","R","R","M","R","B",null,"M","?"],"character_chosen":"THE_SILENT","items_purchased":[],"campfire_rested":0,"item_purchase_floors":[],"current_hp_per_floor":[63,58,58,58,51,51,46,46,46,37,37,37,37,37,37,1,57,53,0],"gold":214,"neow_bonus":"ONE_RARE_RELIC","is_prod":false,"is_daily":false,"chose_seed":false,"campfire_upgraded":6,"win_rate":0,"timestamp":1556487704,"path_taken":["M","?","?","?","M","R","M","R","T","?","R","R","R","M","R","BOSS","M","?"],"build_version":"2019-01-23","purchased_purges":0,"victory":false,"max_hp_per_floor":[70,70,70,70,70,70,70,70,70,70,70,70,70,70,70,75,75,75,75],"card_choices":[{"not_picked":["Dash","Sucker Punch"],"picked":"Well Laid Plans","floor":1},{"not_picked":["Quick Slash","Expertise"],"picked":"Deadly Poison","floor":2},{"not_picked":["Flying Knee","Dagger Throw"],"picked":"Dodge and Roll","floor":5},{"not_picked":["Distraction","Finisher","Poisoned Stab"],"picked":"SKIP","floor":7},{"not_picked":["Underhanded Strike","Tactician"],"picked":"Backflip","floor":10},{"not_picked":["Setup","Flying Knee"],"picked":"Infinite Blades","floor":14},{"not_picked":["Envenom","Storm of Steel"],"picked":"After Image","floor":16},{"not_picked":["Blur+1","All Out Attack"],"picked":"Dodge and Roll","floor":18}],"player_experience":334957,"relics_obtained":[{"floor":9,"key":"Regal Pillow"}],"event_choices":[{"damage_healed":0,"gold_gain":0,"player_choice":"Leave","damage_taken":0,"max_hp_gain":0,"max_hp_loss":0,"event_name":"The Cleric","floor":3,"gold_loss":0},{"damage_healed":0,"gold_gain":0,"player_choice":"Got Potions","damage_taken":0,"max_hp_gain":0,"max_hp_loss":0,"event_name":"Lab","floor":4,"gold_loss":0},{"damage_healed":0,"gold_gain":0,"player_choice":"Fought Bandits","damage_taken":0,"max_hp_gain":0,"max_hp_loss":0,"event_name":"Masked Bandits","floor":19,"gold_loss":0}],"is_beta":false,"boss_relics":[{"not_picked":["Runic Dome","Velvet Choker"],"picked":"Cursed Key"}],"items_purged_floors":[],"is_endless":false,"potions_floor_spawned":[1,14],"killed_by":"Masked Bandits","ascension_level":10}