{"gold_per_floor":[113,125,200,200,218,218,249,266,289,301,323,346,372,402,414,524,536,559,583,605,376,376],"floor_reached":22,"playtime":1935,"items_purged":[],"score":202,"play_id":"5cef4303-505c-440c-a5cf-d7e4d41ab99d","local_time":"20180923182251","is_ascension_mode":true,"campfire_choices":[{"data":"Bash","floor":6,"key":"SMITH"},{"floor":15,"key":"REST"}],"neow_cost":"CURSE","seed_source_timestamp":270369823718054,"circlet_count":0,"master_deck":["Strike_R","Strike_R","Strike_R","Strike_R","Strike_R","Defend_R","Defend_R","Defend_R","Defend_R","Bash+1","Perfected Strike","Cleave","Flex","Injury","Bash","Discovery","Armaments","Shockwave","Metallicize","Barricade","Battle Trance","Seeing Red","Chrysalis","Rampage"],"relics":["Burning Blood","Nunchaku","Blood Vial","MawBank","Mark of Pain"],"potions_floor_usage":[7,7,11,16,18],"damage_taken":[{"damage":10,"enemies":"Jaw Worm","floor":1,"turns":4},{"damage":10,"enemies":"Small Slimes","floor":2,"turns":3},{"damage":0,"enemies":"2 Louse","floor":5,"turns":2},{"damage":17,"enemies":"3 Sentries","floor":7,"turns":5},{"damage":6,"enemies":"Large Slime","floor":8,"turns":3},{"damage":31,"enemies":"Gremlin Gang","floor":11,"turns":4},{"damage":11,"enemies":"3 Louse","floor":12,"turns":2},{"damage":27,"enemies":"Red Slaver","floor":13,"turns":5},{"damage":10,"enemies":"2 Fungi Beasts","floor":14,"turns":3},{"damage":42,"enemies":"The Guardian","floor":16,"turns":9},{"damage":29,"enemies":"Spheric Guardian","floor":18,"turns":5},{"damage":3,"enemies":"3 Byrds","floor":19,"turns":6},{"damage":46,"enemies":"Snake Plant","floor":20,"turns":5},{"damage":32,"enemies":"Centurion and Healer","floor":22,"turns":3}],"seed_played":"2981587394159409680","potions_obtained":[{"floor":1,"key":"EssenceOfSteel"},{"floor":2,"key":"PowerPotion"},{"floor":5,"key":"Ancient Potion"},{"floor":14,"key":"SpeedPotion"},{"floor":16,"key":"Fire Potion"}],"is_trial":false,"path_per_floor":["M","M","?","?","M","R","E","M","T","?","M","M","M","M","R","B",null,"M","M","M","$"],"character_chosen":"IRONCLAD","items_purchased":["Chrysalis","Rampage"],"campfire_rested":1,"item_purchase_floors":[21,21],"current_hp_per_floor":[76,72,61,61,67,67,56,58,58,58,35,35,20,18,42,8,83,60,65,27,27,0],"gold":376,"neow_bonus":"ONE_RARE_RELIC","is_prod":false,"is_daily":false,"chose_seed":false,"campfire_upgraded":1,"win_rate":0,"timestamp":1537748571,"path_taken":["M","M","?","?","M","R","E","M","T","?","M","M","M","M","R","BOSS","M","M","M","$","M"],"build_version":"2018-09-20","purchased_purges":0,"victory":false,"max_hp_per_floor":[80,80,80,80,80,80,80,80,80,80,80,83,83,83,83,83,83,83,83,83,83,83],"card_choices":[{"not_picked":["Reckless Charge","Thunderclap"],"picked":"Perfected Strike","floor":1},{"not_picked":["Twin Strike","Carnage"],"picked":"Cleave","floor":2},{"not_picked":["Wild Strike","Reckless Charge","Body Slam"],"picked":"SKIP","floor":5},{"not_picked":["Wild Strike","Dual Wield"],"picked":"Flex","floor":7},{"not_picked":["Fire Breathing","Body Slam","Clothesline"],"picked":"SKIP","floor":8},{"not_picked":["Pommel Strike","Body Slam"],"picked":"Armaments","floor":11},{"not_picked":["Dual Wield","Hemokinesis","Clothesline"],"picked":"SKIP","floor":12},{"not_picked":["Bludgeon","Sword Boomerang"],"picked":"Shockwave","floor":13},{"not_picked":["Thunderclap","Inflame"],"picked":"Metallicize","floor":14},{"not_picked":["Dark Embrace","Berserk"],"picked":"Barricade","floor":16},{"not_picked":["Anger","Inflame"],"picked":"Battle Trance","floor":18},{"not_picked":["Body Slam","Wild Strike","Corruption"],"picked":"SKIP","floor":19},{"not_picked":["Spot Weakness","Wild Strike"],"picked":"Seeing Red","floor":20}],"player_experience":45121,"relics_obtained":[{"floor":7,"key":"Blood Vial"},{"floor":9,"key":"MawBank"}],"event_choices":[{"event_name":"World of Goop","player_choice":"Gather Gold","floor":3,"damage_taken":0},{"event_name":"Living Wall","player_choice":"Forget","floor":4,"damage_taken":0},{"event_name":"Match and Keep!","player_choice":"3 cards matched","floor":10,"damage_taken":0}],"is_beta":false,"boss_relics":[{"not_picked":["Busted Crown","Snecko Eye"],"picked":"Mark of Pain"}],"items_purged_floors":[],"is_endless":false,"potions_floor_spawned":[1,2,5,14,16],"killed_by":"Centurion and Healer","ascension_level":1}