{"gold_per_floor":[116,127,127,145,24,62,85,85,109,143,318,318,331,362,362,362],"floor_reached":16,"playtime":1125,"items_purged":["Strike_R"],"score":168,"play_id":"a7cd37bd-f87f-4507-963c-827aef3fb4ff","local_time":"20190603220829","is_ascension_mode":true,"campfire_choices":[{"data":"True Grit","floor":8,"key":"SMITH"},{"data":"Double Tap","floor":15,"key":"SMITH"}],"neow_cost":"NONE","seed_source_timestamp":694033227208016,"circlet_count":0,"master_deck":["Strike_R","Strike_R","Strike_R","Strike_R","Defend_R","Defend_R","Defend_R","Defend_R","Bash","Headbutt","Pommel Strike","Impervious","True Grit+1","Doubt","Double Tap+1"],"relics":["Burning Blood","Golden Idol","Blood Vial","Regal Pillow","Matryoshka"],"potions_floor_usage":[7,10,10,16,16,16],"damage_taken":[{"damage":6,"enemies":"Cultist","floor":1,"turns":4},{"damage":2,"enemies":"2 Louse","floor":2,"turns":2},{"damage":3,"enemies":"Small Slimes","floor":4,"turns":3},{"damage":23,"enemies":"Gremlin Nob","floor":6,"turns":5},{"damage":3,"enemies":"Exordium Thugs","floor":7,"turns":4},{"damage":56,"enemies":"3 Sentries","floor":10,"turns":10},{"damage":3,"enemies":"Looter","floor":13,"turns":3},{"damage":35,"enemies":"Gremlin Nob","floor":14,"turns":4},{"damage":43,"enemies":"Hexaghost","floor":16,"turns":12}],"seed_played":"2666037250539798414","potions_obtained":[{"floor":2,"key":"SpeedPotion"},{"floor":4,"key":"Regen Potion"},{"floor":6,"key":"Regen Potion"},{"floor":7,"key":"Regen Potion"},{"floor":12,"key":"Energy Potion"},{"floor":12,"key":"Swift Potion"}],"is_trial":false,"path_per_floor":["M","M","?","M","$","E","M","R","T","E","?","?","M","E","R","B"],"character_chosen":"IRONCLAD","items_purchased":["True Grit"],"campfire_rested":0,"item_purchase_floors":[5],"current_hp_per_floor":[80,84,62,65,65,48,65,65,65,61,61,61,66,39,39,0],"gold":362,"neow_bonus":"TEN_PERCENT_HP_BONUS","is_prod":false,"is_daily":false,"chose_seed":false,"campfire_upgraded":2,"win_rate":0,"timestamp":1559614109,"path_taken":["M","M","?","M","$","E","M","R","T","E","?","?","?","E","R","BOSS"],"build_version":"2019-01-23","purchased_purges":1,"victory":false,"max_hp_per_floor":[88,88,88,88,88,88,88,88,88,88,88,88,88,88,88,88],"card_choices":[{"not_picked":["Thunderclap","Cleave"],"picked":"Headbutt","floor":1},{"not_picked":["Sword Boomerang","Havoc"],"picked":"Pommel Strike","floor":2},{"not_picked":["Warcry","Headbutt"],"picked":"Impervious","floor":4},{"not_picked":["Pommel Strike","Perfected Strike","Spot Weakness"],"picked":"SKIP","floor":6},{"not_picked":["Thunderclap","Rage","Pommel Strike"],"picked":"SKIP","floor":7},{"not_picked":["Wild Strike","Warcry","Pommel Strike"],"picked":"SKIP","floor":10},{"not_picked":["Entrench","Perfected Strike"],"picked":"Double Tap","floor":13},{"not_picked":["Sword Boomerang","Anger","Cleave"],"picked":"SKIP","floor":14}],"player_experience":399235,"relics_obtained":[{"floor":6,"key":"Blood Vial"},{"floor":10,"key":"Regal Pillow"},{"floor":14,"key":"Matryoshka"}],"event_choices":[{"damage_healed":0,"gold_gain":0,"player_choice":"Take Damage","damage_taken":22,"relics_obtained":["Golden Idol"],"max_hp_gain":0,"max_hp_loss":0,"event_name":"Golden Idol","floor":3,"gold_loss":0},{"damage_healed":0,"gold_gain":175,"player_choice":"AGREE","damage_taken":0,"max_hp_gain":0,"max_hp_loss":0,"event_name":"Liars Game","floor":11,"gold_loss":0,"cards_obtained":["Doubt"]},{"damage_healed":0,"gold_gain":0,"player_choice":"Got Potions","damage_taken":0,"max_hp_gain":0,"max_hp_loss":0,"event_name":"Lab","floor":12,"gold_loss":0}],"is_beta":false,"boss_relics":[],"items_purged_floors":[5],"is_endless":false,"potions_floor_spawned":[2,4,6,7],"killed_by":"Hexaghost","ascension_level":8}