{"gold_per_floor":[116,126,17,33,52,79,44,44,44,44],"floor_reached":10,"playtime":361,"items_purged":[],"score":136,"play_id":"380fe898-0a0b-45a6-b084-8d003afe9a04","local_time":"20190602185237","is_ascension_mode":true,"campfire_choices":[],"neow_cost":"PERCENT_DAMAGE","seed_source_timestamp":353916340152053,"circlet_count":0,"master_deck":["AscendersBane","Strike_B","Strike_B","Strike_B","Defend_B","Defend_B","Defend_B","Defend_B","Zap","Dualcast","Undo","Rip and Tear","Barrage","Beam Cell","Compile Driver","Loop"],"special_seed":0,"relics":["Cracked Core","Shuriken","Pantograph"],"potions_floor_usage":[],"damage_taken":[{"damage":1.0,"enemies":"Cultist","floor":1.0,"turns":4.0},{"damage":2.0,"enemies":"Small Slimes","floor":2.0,"turns":5.0},{"damage":12.0,"enemies":"Jaw Worm","floor":4.0,"turns":2.0},{"damage":0.0,"enemies":"Lots of Slimes","floor":5.0,"turns":2.0},{"damage":36.0,"enemies":"Lagavulin","floor":6.0,"turns":6.0},{"damage":39,"enemies":"Gremlin Nob","floor":10,"turns":3}],"seed_played":"-6890310673124832416","potions_obtained":[{"floor":4.0,"key":"PowerPotion"}],"is_trial":false,"path_per_floor":["M","M","$","M","M","E","?","?","T","E"],"character_chosen":"DEFECT","items_purchased":["PowerPotion","Energy Potion"],"campfire_rested":0,"item_purchase_floors":[3,3],"current_hp_per_floor":[59,57,57,45,45,9,30,30,30,0],"gold":44,"neow_bonus":"TWENTY_PERCENT_HP_BONUS","is_prod":false,"is_daily":false,"chose_seed":false,"campfire_upgraded":0,"win_rate":0,"timestamp":1559526757,"path_taken":["M","?","$","M","M","E","?","?","T","E"],"build_version":"2019-05-28","purchased_purges":0,"victory":false,"max_hp_per_floor":[85,85,85,85,85,85,85,85,85,85],"card_choices":[{"not_picked":["Barrage","Coolheaded"],"picked":"Undo","floor":1.0},{"not_picked":["Compile Driver","Force Field"],"picked":"Rip and Tear","floor":2.0},{"not_picked":["Force Field","Hologram"],"picked":"Barrage","floor":4.0},{"not_picked":["Steam Power","Recycle"],"picked":"Beam Cell","floor":5.0},{"not_picked":["Conserve Battery","Static Discharge"],"picked":"Compile Driver","floor":6.0}],"player_experience":1596192,"relics_obtained":[{"floor":6.0,"key":"Shuriken"},{"floor":9.0,"key":"Pantograph"}],"event_choices":[{"damage_healed":21.0,"max_hp_gain":0.0,"max_hp_loss":0.0,"gold_gain":0.0,"event_name":"The Cleric","player_choice":"Healed","floor":7.0,"gold_loss":35.0,"damage_taken":0.0},{"damage_healed":0.0,"max_hp_gain":0.0,"max_hp_loss":0.0,"gold_gain":0.0,"cards_transformed":["Strike_B"],"event_name":"Transmorgrifier","player_choice":"Transformed","floor":8.0,"gold_loss":0.0,"damage_taken":0.0,"cards_obtained":["Loop"]}],"is_beta":true,"boss_relics":[],"items_purged_floors":[],"is_endless":false,"potions_floor_spawned":[4],"killed_by":"Gremlin Nob","ascension_level":20}