{"gold_per_floor":[11,11,11,26,37,37,67,67,67,67,67,83,101,118,118,220,220,234,234,247,247,269,281,306,335,371,409,441,453,480,509,521,638,650,673,698,725,140,160,160],"floor_reached":40,"playtime":3865,"items_purged":["Normality"],"score":441,"play_id":"de0ebfe3-cc32-446d-b28d-2401fc3ffd4d","local_time":"20190604224732","is_ascension_mode":false,"campfire_choices":[{"data":"Inflame","floor":6,"key":"SMITH"},{"data":"Warcry","floor":8,"key":"SMITH"},{"data":"Bash","floor":11,"key":"SMITH"},{"data":"Body Slam","floor":15,"key":"SMITH"},{"data":"Entrench","floor":23,"key":"SMITH"},{"data":"Body Slam","floor":29,"key":"SMITH"},{"data":"Double Tap","floor":32,"key":"SMITH"}],"neow_cost":"NO_GOLD","seed_source_timestamp":1718512452406000,"circlet_count":0,"master_deck":["Defend_R","Defend_R","Defend_R","Defend_R","Bash+1","Double Tap+1","Shrug It Off","Inflame+1","Warcry+1","Body Slam+1","Headbutt","Battle Trance","Impervious","Entrench+1","Bite","Bite","Bite","Bite","Bite","Inflame+1","Body Slam+1","Intimidate+1","Demon Form","Doubt","Normality","Armaments+1","Intimidate","Panache","Carnage+1"],"relics":["Burning Blood","PreservedInsect","Darkstone Periapt","Centennial Puzzle","Orichalcum","CultistMask","Sozu","MawBank","Strawberry","Molten Egg 2","Calling Bell","Boot","Matryoshka","Shovel","Lee\u0027s Waffle","Lantern"],"potions_floor_usage":[14,16,16],"damage_taken":[{"damage":5,"enemies":"Small Slimes","floor":1,"turns":3},{"damage":6,"enemies":"Jaw Worm","floor":4,"turns":3},{"damage":1,"enemies":"Cultist","floor":5,"turns":3},{"damage":24,"enemies":"3 Sentries","floor":7,"turns":6},{"damage":5,"enemies":"2 Fungi Beasts","floor":12,"turns":3},{"damage":2,"enemies":"Red Slaver","floor":13,"turns":3},{"damage":0,"enemies":"3 Louse","floor":14,"turns":2},{"damage":45,"enemies":"Hexaghost","floor":16,"turns":9},{"damage":0,"enemies":"3 Byrds","floor":18,"turns":7},{"damage":0,"enemies":"Shell Parasite","floor":20,"turns":3},{"damage":15,"enemies":"Centurion and Healer","floor":22,"turns":6},{"damage":0,"enemies":"Snecko","floor":24,"turns":4},{"damage":18,"enemies":"Sentry and Sphere","floor":25,"turns":6},{"damage":41,"enemies":"Slavers","floor":27,"turns":6},{"damage":6,"enemies":"3 Cultists","floor":28,"turns":4},{"damage":14,"enemies":"Centurion and Healer","floor":30,"turns":5},{"damage":5,"enemies":"Shelled Parasite and Fungi","floor":31,"turns":4},{"damage":62,"enemies":"Champ","floor":33,"turns":6},{"damage":61,"enemies":"3 Darklings","floor":35,"turns":9},{"damage":3,"enemies":"Orb Walker","floor":36,"turns":2},{"damage":45,"enemies":"3 Darklings","floor":37,"turns":12},{"damage":66,"enemies":"Sphere and 2 Shapes","floor":39,"turns":9},{"damage":47,"enemies":"Nemesis","floor":40,"turns":3}],"seed_played":"-7282751327827538693","potions_obtained":[{"floor":4,"key":"EssenceOfSteel"},{"floor":7,"key":"Fire Potion"},{"floor":12,"key":"Energy Potion"}],"is_trial":false,"path_per_floor":["M","?","T","M","M","R","E","R","T","?","R","M","M","M","R","B",null,"M","?","M","T","M","R","M","M","T","E","M","R","M","M","R","B",null,"M","M","M","$","M","E"],"character_chosen":"IRONCLAD","items_purchased":["Lee\u0027s Waffle","Lantern","Panache"],"campfire_rested":0,"item_purchase_floors":[38,38,38],"current_hp_per_floor":[80,77,77,77,80,80,62,62,62,62,62,63,67,73,73,34,80,80,56,56,56,55,55,56,52,59,40,48,48,54,61,61,27,81,50,55,30,88,39,0],"gold":160,"neow_bonus":"THREE_RARE_CARDS","is_prod":false,"is_daily":false,"chose_seed":false,"campfire_upgraded":7,"win_rate":0,"timestamp":1559702852,"path_taken":["M","?","?","?","M","R","E","R","T","?","R","?","M","M","R","BOSS","M","?","M","?","M","R","M","M","T","E","?","R","M","M","R","BOSS","M","M","M","$","M","E"],"build_version":"2019-01-23","purchased_purges":1,"victory":false,"max_hp_per_floor":[80,80,80,80,80,80,80,80,80,80,80,80,80,80,80,80,80,80,56,56,56,56,56,56,56,63,63,63,63,63,63,63,63,81,81,81,81,88,88,88],"card_choices":[{"not_picked":["Impervious","Fiend Fire"],"picked":"Double Tap","floor":0},{"not_picked":["Iron Wave","Rupture"],"picked":"Shrug It Off","floor":1},{"not_picked":["Burning Pact","True Grit"],"picked":"Inflame","floor":4},{"not_picked":["Entrench","Sword Boomerang","Corruption"],"picked":"SKIP","floor":5},{"not_picked":["Clash","Clothesline"],"picked":"Warcry","floor":7},{"not_picked":["Wild Strike","Rage"],"picked":"Body Slam","floor":12},{"not_picked":["Combust","Second Wind"],"picked":"Headbutt","floor":13},{"not_picked":["Sever Soul","Flex"],"picked":"Battle Trance","floor":14},{"not_picked":["Bludgeon","Berserk"],"picked":"Impervious","floor":16},{"not_picked":["Rampage","Pommel Strike"],"picked":"Entrench","floor":18},{"not_picked":["Cleave","Warcry"],"picked":"Inflame+1","floor":20},{"not_picked":["Sword Boomerang+1","Pommel Strike+1","Flame Barrier"],"picked":"SKIP","floor":22},{"not_picked":["Warcry","Heavy Blade"],"picked":"Body Slam","floor":24},{"not_picked":["Flex","Clothesline+1"],"picked":"Intimidate+1","floor":25},{"not_picked":["Headbutt","Offering","Thunderclap+1"],"picked":"SKIP","floor":27},{"not_picked":["Entrench","Shockwave","Whirlwind+1"],"picked":"SKIP","floor":28},{"not_picked":["Sword Boomerang+1","Pummel+1","Heavy Blade+1"],"picked":"SKIP","floor":30},{"not_picked":["Spot Weakness","Iron Wave+1","Havoc"],"picked":"SKIP","floor":31},{"not_picked":["Offering","Immolate+1"],"picked":"Demon Form","floor":33},{"not_picked":["Wild Strike+1","Clash+1","Perfected Strike+1"],"picked":"SKIP","floor":35},{"not_picked":["Power Through","Cleave+1"],"picked":"Armaments+1","floor":36},{"not_picked":["Sever Soul+1","Havoc"],"picked":"Intimidate","floor":37},{"not_picked":["Wild Strike+1","Fire Breathing"],"picked":"Carnage+1","floor":39}],"player_experience":1114731,"relics_obtained":[{"floor":3,"key":"Darkstone Periapt"},{"floor":7,"key":"Centennial Puzzle"},{"floor":9,"key":"Orichalcum"},{"floor":21,"key":"MawBank"},{"floor":26,"key":"Strawberry"},{"floor":27,"key":"Molten Egg 2"},{"floor":34,"key":"Boot"},{"floor":34,"key":"Matryoshka"},{"floor":34,"key":"Shovel"}],"event_choices":[{"damage_healed":0,"gold_gain":0,"player_choice":"Success","damage_taken":3,"relics_obtained":["PreservedInsect"],"max_hp_gain":0,"max_hp_loss":0,"event_name":"Scrap Ooze","floor":2,"gold_loss":0},{"damage_healed":0,"gold_gain":0,"player_choice":"Trade","damage_taken":0,"relics_obtained":["CultistMask"],"max_hp_gain":0,"max_hp_loss":0,"event_name":"FaceTrader","floor":10,"gold_loss":0},{"damage_healed":0,"gold_gain":0,"player_choice":"Became a vampire","damage_taken":0,"max_hp_gain":0,"max_hp_loss":24,"event_name":"Vampires","floor":19,"gold_loss":0,"cards_obtained":["Bite","Bite","Bite","Bite","Bite"]}],"is_beta":false,"boss_relics":[{"not_picked":["Astrolabe","Pandora\u0027s Box"],"picked":"Sozu"},{"not_picked":["Tiny House","Mark of Pain"],"picked":"Calling Bell"}],"items_purged_floors":[38],"is_endless":false,"potions_floor_spawned":[4,7,12,13,20,24,31,39],"killed_by":"Nemesis","ascension_level":0}