{"gold_per_floor":[119,194,369,389,7,38,38,38,38,72,72,92,92,106,106,207,207,220,120,120,138,138,138,151,151,228,244,22,39,71,71,71,166,166,185,185,35,35,35,35,35,55,103,115,133,144,160,160,160,160],"floor_reached":51,"playtime":4422,"items_purged":["Doubt","Leg Sweep","Acrobatics","Sucker Punch"],"score":625,"play_id":"dbbbe61f-bda0-49c8-8342-86d5b0782709","local_time":"20181119194716","is_ascension_mode":false,"campfire_choices":[{"floor":7,"key":"REST"},{"data":"Setup","floor":11,"key":"SMITH"},{"data":"Blade Dance","floor":13,"key":"SMITH"},{"floor":15,"key":"REST"},{"data":"Cloak And Dagger","floor":23,"key":"SMITH"},{"data":"Night Terror","floor":25,"key":"SMITH"},{"floor":32,"key":"REST"},{"data":"After Image","floor":40,"key":"SMITH"},{"data":"Outmaneuver","floor":49,"key":"SMITH"}],"neow_cost":"NONE","seed_source_timestamp":56910267431709,"circlet_count":0,"master_deck":["Survivor","Neutralize","Sucker Punch","Flying Knee","Backflip","Leg Sweep","Setup+1","Blade Dance+1","Night Terror+1","Deflect","Leg Sweep","Cloak And Dagger+1","All Out Attack","Prepared","Blade Dance+1","Outmaneuver+1","Dagger Throw+1","Blur+1","Backflip","Choke","Cloak And Dagger","PiercingWail","After Image+1","Swift Strike","Blade Dance+1","Parasite","Parasite","Concentrate+1"],"relics":["Ring of the Snake","Kunai","Question Card","Ornamental Fan","Boot","Pandora\u0027s Box","Blue Candle","Bird Faced Urn","WristBlade","Smiling Mask"],"potions_floor_usage":[6,10,30,33,35,44,46,50,50],"damage_taken":[{"damage":0,"enemies":"Cultist","floor":1,"turns":5},{"damage":0,"enemies":"Small Slimes","floor":4,"turns":3},{"damage":34,"enemies":"3 Sentries","floor":6,"turns":9},{"damage":4,"enemies":"Gremlin Nob","floor":10,"turns":6},{"damage":0,"enemies":"Jaw Worm","floor":12,"turns":3},{"damage":5,"enemies":"Lots of Slimes","floor":14,"turns":4},{"damage":35,"enemies":"Hexaghost","floor":16,"turns":19},{"damage":11,"enemies":"Shell Parasite","floor":18,"turns":8},{"damage":1,"enemies":"3 Byrds","floor":21,"turns":4},{"damage":14,"enemies":"Centurion and Healer","floor":24,"turns":7},{"damage":12,"enemies":"Cultist and Chosen","floor":27,"turns":7},{"damage":8,"enemies":"Snake Plant","floor":29,"turns":4},{"damage":10,"enemies":"Slavers","floor":30,"turns":7},{"damage":22,"enemies":"Champ","floor":33,"turns":21},{"damage":15,"enemies":"3 Darklings","floor":35,"turns":5},{"damage":10,"enemies":"3 Shapes","floor":42,"turns":5},{"damage":14,"enemies":"Writhing Mass","floor":44,"turns":7},{"damage":28,"enemies":"4 Shapes","floor":45,"turns":10},{"damage":0,"enemies":"Spire Growth","floor":46,"turns":6},{"damage":6,"enemies":"Writhing Mass","floor":47,"turns":9},{"damage":14,"enemies":"Awakened One","floor":50,"turns":26}],"seed_played":"4001574963888171557","potions_obtained":[{"floor":4,"key":"Strength Potion"},{"floor":6,"key":"Dexterity Potion"},{"floor":16,"key":"Explosive Potion"},{"floor":27,"key":"Poison Potion"},{"floor":29,"key":"GamblersBrew"},{"floor":30,"key":"LiquidBronze"},{"floor":35,"key":"GamblersBrew"},{"floor":42,"key":"Poison Potion"},{"floor":44,"key":"PowerPotion"}],"is_trial":false,"path_per_floor":["M","?","?","M","$","E","R","$","T","E","R","M","R","M","R","B",null,"M","$","?","M","?","R","M","R","T","M","$","M","E","$","R","B",null,"M","?","$","?","?","R","$","M","T","M","M","M","M","?","R","B",null],"character_chosen":"THE_SILENT","items_purchased":["Kunai","Backflip","Backflip","Choke"],"campfire_rested":3,"item_purchase_floors":[5,5,28,28],"current_hp_per_floor":[77,66,66,66,66,32,55,55,55,51,51,51,51,46,69,34,77,66,66,66,65,65,65,51,51,51,39,39,31,21,21,44,22,77,62,62,62,62,62,62,62,54,54,42,16,20,16,67,67,53],"gold":160,"neow_bonus":"TEN_PERCENT_HP_BONUS","is_prod":false,"is_daily":false,"chose_seed":false,"campfire_upgraded":6,"win_rate":0,"timestamp":1542646036,"path_taken":["M","?","?","M","$","E","R","?","T","E","R","M","R","?","R","BOSS","M","$","?","M","?","R","M","R","T","?","$","M","E","$","R","BOSS","M","?","$","?","?","R","$","M","T","M","?","M","M","?","R","BOSS"],"build_version":"2018-11-15","purchased_purges":4,"victory":true,"max_hp_per_floor":[77,77,77,77,77,77,77,77,77,77,77,77,77,77,77,77,77,77,77,77,77,77,77,77,77,77,77,77,77,77,77,77,77,77,77,77,77,77,77,77,77,77,77,77,77,77,77,67,67,67],"card_choices":[{"not_picked":["PiercingWail","Bane"],"picked":"Sucker Punch","floor":1},{"not_picked":["Concentrate","Heel Hook"],"picked":"Flying Knee","floor":4},{"not_picked":["Distraction","Slice"],"picked":"Leg Sweep","floor":6},{"not_picked":["Deflect","Quick Slash","Crippling Poison"],"picked":"Setup","floor":10},{"not_picked":["Sucker Punch","Dagger Throw","Backflip"],"picked":"Blade Dance","floor":12},{"not_picked":["Quick Slash","Bane","Acrobatics","Deadly Poison"],"picked":"SKIP","floor":14},{"not_picked":["Tools of the Trade","Venomology","Unload"],"picked":"Night Terror","floor":16},{"not_picked":["Poisoned Stab","Flying Knee+1","Dagger Spray"],"picked":"Dagger Throw+1","floor":18},{"not_picked":["Outmaneuver","Accuracy+1","Poisoned Stab"],"picked":"Blur+1","floor":21},{"not_picked":["Leg Sweep","Glass Knife","PiercingWail","Predator"],"picked":"SKIP","floor":24},{"not_picked":["Dagger Throw","Crippling Poison","Quick Slash","Slice"],"picked":"SKIP","floor":27},{"not_picked":["Quick Slash","Terror","Prepared"],"picked":"Cloak And Dagger","floor":29},{"not_picked":["Skewer","Noxious Fumes+1","Flechettes"],"picked":"PiercingWail","floor":30},{"not_picked":["Burst","Wraith Form v2","Grand Finale"],"picked":"After Image","floor":33},{"not_picked":["PiercingWail","Poisoned Stab+1","Dash+1","Deadly Poison"],"picked":"SKIP","floor":35},{"not_picked":["Enlightenment","Good Instincts","Discovery"],"picked":"Swift Strike","floor":38},{"not_picked":["Poisoned Stab","Backstab","Backflip","All Out Attack"],"picked":"SKIP","floor":42},{"not_picked":["Reflex","Terror","Backflip","Quick Slash+1"],"picked":"SKIP","floor":44},{"not_picked":["Underhanded Strike","Reflex+1","Glass Knife","Dagger Spray"],"picked":"SKIP","floor":45},{"not_picked":["Dagger Spray+1","Underhanded Strike+1","Backflip+1","Leg Sweep+1"],"picked":"SKIP","floor":46},{"not_picked":["Outmaneuver+1","Catalyst+1","Deadly Poison"],"picked":"Concentrate+1","floor":47}],"player_experience":351240,"relics_obtained":[{"floor":6,"key":"Question Card"},{"floor":9,"key":"Ornamental Fan"},{"floor":10,"key":"Boot"},{"floor":26,"key":"Blue Candle"},{"floor":30,"key":"Bird Faced Urn"},{"floor":43,"key":"Smiling Mask"}],"event_choices":[{"damage_healed":0,"gold_gain":75,"player_choice":"Gather Gold","damage_taken":11,"max_hp_gain":0,"max_hp_loss":0,"event_name":"World of Goop","floor":2,"gold_loss":0},{"damage_healed":0,"gold_gain":175,"player_choice":"AGREE","damage_taken":0,"max_hp_gain":0,"max_hp_loss":0,"event_name":"Liars Game","floor":3,"gold_loss":0,"cards_obtained":["Doubt"]},{"damage_healed":0,"gold_gain":0,"player_choice":"Ignored","damage_taken":0,"max_hp_gain":0,"max_hp_loss":0,"event_name":"The Mausoleum","floor":20,"gold_loss":0},{"damage_healed":0,"gold_gain":0,"player_choice":"Upgraded","damage_taken":0,"max_hp_gain":0,"max_hp_loss":0,"event_name":"Upgrade Shrine","floor":22,"gold_loss":0,"cards_upgraded":["Blade Dance"]},{"damage_healed":0,"gold_gain":0,"player_choice":"Ignored","damage_taken":0,"max_hp_gain":0,"max_hp_loss":0,"event_name":"Tomb of Lord Red Mask","floor":36,"gold_loss":0},{"damage_healed":0,"gold_gain":0,"player_choice":"Memory 1","damage_taken":0,"max_hp_gain":0,"max_hp_loss":0,"event_name":"SensoryStone","floor":38,"gold_loss":0},{"damage_healed":0,"gold_gain":0,"player_choice":"Copied","damage_taken":0,"max_hp_gain":0,"max_hp_loss":0,"event_name":"Duplicator","floor":39,"gold_loss":0,"cards_obtained":["Blade Dance"]},{"damage_healed":67,"gold_gain":0,"player_choice":"Heal","damage_taken":0,"max_hp_gain":0,"max_hp_loss":10,"event_name":"The Moai Head","floor":48,"gold_loss":0}],"is_beta":false,"boss_relics":[{"not_picked":["Orrery","Ectoplasm"],"picked":"Pandora\u0027s Box"},{"not_picked":["Coffee Dripper","Runic Pyramid"],"picked":"WristBlade"}],"items_purged_floors":[5,19,28,37],"is_endless":false,"potions_floor_spawned":[4,6,16,27,29,30,35,42,44],"ascension_level":0}