{"gold_per_floor":[362,362,362,362,37,37,37,37,37,53,71,71,87,118,118,219,219,234,251,251,263,345,345,377,377,377,404,285,301,90,101,101,200,250,260,119,132,132,82,82,82,82,107,137,153,153,203,214,214,214],"floor_reached":51,"playtime":5463,"items_purged":["Strike_B","Strike_B","Defend_B","Defend_B"],"score":772,"play_id":"69020e85-4663-4751-9b7b-b5d7d83d338e","local_time":"20180924140029","is_ascension_mode":true,"campfire_choices":[{"floor":6,"key":"REST"},{"data":"Defragment","floor":8,"key":"SMITH"},{"data":"Chill","floor":12,"key":"SMITH"},{"data":"Electrodynamics","floor":15,"key":"SMITH"},{"data":"Seek","floor":23,"key":"SMITH"},{"data":"Zap","floor":25,"key":"SMITH"},{"data":"Defragment","floor":32,"key":"SMITH"},{"data":"White Noise","floor":40,"key":"SMITH"},{"data":"Capacitor","floor":46,"key":"SMITH"},{"data":"Secret Technique","floor":49,"key":"SMITH"}],"neow_cost":"PERCENT_DAMAGE","seed_source_timestamp":299837818302925,"circlet_count":0,"master_deck":["Strike_B+1","Defend_B+1","Zap+1","Dualcast","Chill+1","Electrodynamics+1","Defragment+1","Beam Cell","Conserve Battery","Chill","Reboot","Redo","Coolheaded","Reboot","Steam+1","Redo+1","Ball Lightning","Seek+1","All For One","Capacitor+1","Chill","FTL","Defragment+1","Deep Breath+1","Loop+1","Chaos+1","Creative AI","Sweeping Beam","White Noise+1","Capacitor+1","Impatience","Scrape+1","Reprogram+1","Secret Technique+1","Impatience","Double Energy+1","Conserve Battery+1","Redo+1"],"relics":["Cracked Core","Orichalcum","Prayer Wheel","Gremlin Horn","Thread and Needle","Coffee Dripper","Kunai","Smiling Mask","Meat on the Bone","Pantograph","Tiny House","Juzu Bracelet","Omamori","Girya"],"potions_floor_usage":[16,16,16,16,16,24,50,50],"damage_taken":[{"damage":0,"enemies":"2 Louse","floor":1,"turns":2},{"damage":1,"enemies":"Small Slimes","floor":10,"turns":2},{"damage":6,"enemies":"Jaw Worm","floor":11,"turns":3},{"damage":0,"enemies":"Red Slaver","floor":13,"turns":3},{"damage":0,"enemies":"3 Sentries","floor":14,"turns":6},{"damage":20,"enemies":"Hexaghost","floor":16,"turns":11},{"damage":0,"enemies":"Chosen","floor":18,"turns":3},{"damage":6,"enemies":"Spheric Guardian","floor":19,"turns":5},{"damage":1,"enemies":"Snake Plant","floor":21,"turns":4},{"damage":9,"enemies":"Slavers","floor":24,"turns":2},{"damage":0,"enemies":"Book of Stabbing","floor":27,"turns":6},{"damage":0,"enemies":"Cultist and Chosen","floor":29,"turns":3},{"damage":0,"enemies":"3 Cultists","floor":31,"turns":3},{"damage":4,"enemies":"Automaton","floor":33,"turns":9},{"damage":0,"enemies":"3 Darklings","floor":35,"turns":5},{"damage":0,"enemies":"Orb Walker","floor":37,"turns":2},{"damage":34,"enemies":"Nemesis","floor":44,"turns":7},{"damage":0,"enemies":"Spire Growth","floor":45,"turns":5},{"damage":1,"enemies":"Mysterious Sphere","floor":47,"turns":5},{"damage":0,"enemies":"4 Shapes","floor":48,"turns":1},{"damage":22,"enemies":"Donu and Deca","floor":50,"turns":6}],"seed_played":"5298641533669166813","potions_obtained":[{"floor":13,"key":"Strength Potion"},{"floor":14,"key":"EntropicBrew"},{"floor":18,"key":"Dexterity Potion"},{"floor":27,"key":"Energy Potion"},{"floor":29,"key":"Weak Potion"},{"floor":34,"key":"Ancient Potion"},{"floor":44,"key":"PowerPotion"}],"is_trial":false,"path_per_floor":["M","?","?","?","$","R","$","R","T","M","M","R","M","E","R","B",null,"M","M","?","M","T","R","E","R","T","E","$","M","$","M","R","B",null,"M","$","M","?","$","R","?","?","T","E","M","R","?","M","R","B"],"character_chosen":"DEFECT","items_purchased":["Defragment","Prayer Wheel","Capacitor","Defragment","Deep Breath","Impatience"],"campfire_rested":1,"item_purchase_floors":[5,5,28,30,30,36],"current_hp_per_floor":[54,47,47,32,32,54,54,54,54,53,47,47,47,47,47,42,75,75,69,69,68,68,68,59,59,59,59,59,59,59,59,59,71,80,80,80,80,76,76,76,66,66,66,51,51,51,50,50,50,53],"gold":214,"neow_bonus":"TWO_FIFTY_GOLD","is_prod":false,"is_daily":false,"chose_seed":false,"campfire_upgraded":9,"win_rate":0,"timestamp":1537819229,"path_taken":["M","?","?","?","?","R","$","R","T","?","?","R","M","E","R","BOSS","M","M","?","M","?","R","E","R","T","E","$","M","$","M","R","BOSS","M","$","M","?","$","R","?","?","T","E","M","R","?","M","R","BOSS"],"build_version":"2018-09-20","purchased_purges":4,"victory":true,"max_hp_per_floor":[75,75,75,75,75,75,75,75,75,75,75,75,75,75,75,75,75,75,75,75,75,75,75,75,75,75,75,75,75,75,75,75,75,80,80,80,80,76,76,76,76,76,76,76,76,76,76,76,76,76],"card_choices":[{"not_picked":["Leap","Ball Lightning"],"picked":"Chill","floor":1},{"not_picked":["Rebound","Streamline"],"picked":"Beam Cell","floor":10},{"not_picked":["Beam Cell","Hello World"],"picked":"Conserve Battery","floor":10},{"not_picked":["Darkness","Hologram"],"picked":"Chill","floor":11},{"not_picked":["Streamline","Melter","Aggregate"],"picked":"SKIP","floor":11},{"not_picked":["Hologram","Ball Lightning"],"picked":"Reboot","floor":13},{"not_picked":["Chaos","Melter"],"picked":"Redo","floor":13},{"not_picked":["Conserve Battery","Streamline"],"picked":"Coolheaded","floor":14},{"not_picked":["Biased Cognition","Machine Learning"],"picked":"Reboot","floor":16},{"not_picked":["Reprogram","Coolheaded"],"picked":"Steam+1","floor":18},{"not_picked":["Hologram","Glacier"],"picked":"Redo+1","floor":18},{"not_picked":["Steam+1","Stack+1"],"picked":"Ball Lightning","floor":19},{"not_picked":["Skim","Steam","Static Discharge"],"picked":"SKIP","floor":19},{"not_picked":["Undo","Fusion","Chaos"],"picked":"SKIP","floor":21},{"not_picked":["Chaos","Streamline","Barrage+1"],"picked":"SKIP","floor":21},{"not_picked":["Doom and Gloom+1","Reinforced Body","Hologram"],"picked":"SKIP","floor":24},{"not_picked":["Redo","Stack"],"picked":"All For One","floor":27},{"not_picked":["Darkness","Melter"],"picked":"Chill","floor":29},{"not_picked":["Cold Snap","Streamline+1"],"picked":"FTL","floor":29},{"not_picked":["Lockon","Streamline"],"picked":"Loop+1","floor":31},{"not_picked":["Redo","Leap"],"picked":"Chaos+1","floor":31},{"not_picked":["Rainbow","Seek"],"picked":"Creative AI","floor":33},{"not_picked":["Go for the Eyes","Static Discharge"],"picked":"Sweeping Beam","floor":34},{"not_picked":["Aggregate+1","Steam Power+1"],"picked":"White Noise","floor":35},{"not_picked":["Double Energy","Sweeping Beam+1"],"picked":"Capacitor+1","floor":35},{"not_picked":["Redo","Blizzard+1"],"picked":"Scrape+1","floor":37},{"not_picked":["Cold Snap+1","Hologram"],"picked":"Reprogram+1","floor":37},{"not_picked":["Panacea","Flash of Steel"],"picked":"Secret Technique","floor":41},{"not_picked":["Jack Of All Trades","Bandage Up"],"picked":"Impatience","floor":41},{"not_picked":["Stack","Ball Lightning"],"picked":"Double Energy+1","floor":44},{"not_picked":["Gash","Barrage+1"],"picked":"Conserve Battery+1","floor":45},{"not_picked":["Conserve Battery","Streamline","Barrage+1"],"picked":"SKIP","floor":45},{"not_picked":["Blizzard+1","Self Repair"],"picked":"Redo+1","floor":48},{"not_picked":["Auto Shields+1","Hello World","Cold Snap+1"],"picked":"SKIP","floor":48}],"player_experience":61853,"relics_obtained":[{"floor":9,"key":"Gremlin Horn"},{"floor":14,"key":"Thread and Needle"},{"floor":22,"key":"Kunai"},{"floor":24,"key":"Smiling Mask"},{"floor":26,"key":"Meat on the Bone"},{"floor":27,"key":"Pantograph"},{"floor":43,"key":"Juzu Bracelet"},{"floor":44,"key":"Omamori"},{"floor":47,"key":"Girya"}],"event_choices":[{"event_name":"Scrap Ooze","player_choice":"success","floor":2,"damage_taken":7},{"event_name":"Living Wall","player_choice":"Change","floor":3,"damage_taken":0},{"event_name":"Shining Light","player_choice":"Entered Light","floor":4,"damage_taken":0},{"event_name":"The Library","player_choice":"Read","floor":20,"damage_taken":0},{"event_name":"Winding Halls","player_choice":"Max HP","floor":38,"damage_taken":0},{"event_name":"SensoryStone","player_choice":"Memory 3","floor":41,"damage_taken":0},{"event_name":"Falling","player_choice":"Removed Skill","floor":42,"damage_taken":0},{"event_name":"Mysterious Sphere","player_choice":"Fight","floor":47,"damage_taken":0}],"is_beta":false,"boss_relics":[{"not_picked":["Nuclear Battery","Cursed Key"],"picked":"Coffee Dripper"},{"not_picked":["Fusion Hammer","Lizard Tail"],"picked":"Tiny House"}],"items_purged_floors":[28,30,36,39],"is_endless":false,"potions_floor_spawned":[13,14,18,27,29,44,45],"ascension_level":1}