{"gold_per_floor":[114,126,136,155,255,255,290,303,303,314,330,330,349,360,360,460,460,460,460,460,460,460,460,460,460,460,460,460,460,385,385,385,385,385,385,385,385,385,385,385,385,385,385,385,337,337,20,0,0,0],"floor_reached":51,"playtime":5258,"items_purged":["Strike_R+1","Strike_R+1"],"score":746,"play_id":"b5011987-27d0-4d6f-b60a-b00505bcb6af","local_time":"20190523223901","is_ascension_mode":false,"campfire_choices":[{"data":"Armaments","floor":6,"key":"SMITH"},{"data":"Body Slam","floor":12,"key":"SMITH"},{"data":"Entrench","floor":15,"key":"SMITH"},{"data":"Juggernaut","floor":23,"key":"SMITH"},{"data":"Inflame","floor":25,"key":"SMITH"},{"data":"Body Slam","floor":27,"key":"SMITH"},{"data":"Bash","floor":32,"key":"SMITH"},{"data":"Entrench","floor":40,"key":"SMITH"},{"data":"Shrug It Off","floor":42,"key":"SMITH"},{"data":"Impervious","floor":46,"key":"SMITH"},{"data":"Metallicize","floor":49,"key":"SMITH"}],"neow_cost":"NONE","seed_source_timestamp":679765490722700,"circlet_count":0,"master_deck":["Strike_R+1","Defend_R+1","Defend_R+1","Defend_R+1","Defend_R+1","Bash+1","Shrug It Off+1","Armaments+1","Inflame+1","Body Slam+1","Entrench+1","Juggernaut+1","Body Slam+1","Ghostly Armor","Body Slam+1","Entrench+1","Madness","Madness","Impervious+1","Metallicize+1"],"relics":["Burning Blood","NeowsBlessing","Bag of Preparation","Self Forming Clay","Ectoplasm","Regal Pillow","Mercury Hourglass","Torii","Empty Cage","Nunchaku","Bag of Marbles","Ice Cream","Bronze Scales","Red Mask"],"potions_floor_usage":[18,24,33,50,50,50],"damage_taken":[{"damage":0,"enemies":"Cultist","floor":1,"turns":1},{"damage":0,"enemies":"Small Slimes","floor":2,"turns":1},{"damage":0,"enemies":"2 Louse","floor":3,"turns":1},{"damage":8,"enemies":"Large Slime","floor":4,"turns":8},{"damage":23,"enemies":"3 Sentries","floor":7,"turns":10},{"damage":12,"enemies":"Blue Slaver","floor":8,"turns":4},{"damage":6,"enemies":"Exordium Thugs","floor":10,"turns":5},{"damage":0,"enemies":"Large Slime","floor":11,"turns":5},{"damage":1,"enemies":"2 Fungi Beasts","floor":13,"turns":3},{"damage":0,"enemies":"3 Louse","floor":14,"turns":5},{"damage":58,"enemies":"Hexaghost","floor":16,"turns":15},{"damage":0,"enemies":"Chosen","floor":18,"turns":6},{"damage":5,"enemies":"Spheric Guardian","floor":19,"turns":4},{"damage":20,"enemies":"Snecko","floor":22,"turns":5},{"damage":0,"enemies":"Slavers","floor":24,"turns":5},{"damage":0,"enemies":"Gremlin Leader","floor":28,"turns":6},{"damage":9,"enemies":"Chosen and Byrds","floor":29,"turns":5},{"damage":0,"enemies":"Cultist and Chosen","floor":31,"turns":3},{"damage":54,"enemies":"Automaton","floor":33,"turns":9},{"damage":0,"enemies":"3 Shapes","floor":35,"turns":3},{"damage":1,"enemies":"Mind Bloom Boss Battle","floor":36,"turns":6},{"damage":17,"enemies":"3 Darklings","floor":37,"turns":4},{"damage":2,"enemies":"Sphere and 2 Shapes","floor":38,"turns":4},{"damage":0,"enemies":"Spire Growth","floor":41,"turns":5},{"damage":6,"enemies":"Reptomancer","floor":44,"turns":6},{"damage":28,"enemies":"Awakened One","floor":50,"turns":10}],"seed_played":"-4881446071043322402","potions_obtained":[{"floor":2,"key":"Block Potion"},{"floor":4,"key":"Weak Potion"},{"floor":13,"key":"Swift Potion"},{"floor":19,"key":"SpeedPotion"},{"floor":24,"key":"BloodPotion"},{"floor":31,"key":"Fire Potion"},{"floor":35,"key":"SkillPotion"},{"floor":36,"key":"LiquidBronze"},{"floor":37,"key":"PowerPotion"}],"is_trial":false,"path_per_floor":["M","M","M","M","?","R","E","M","T","M","M","R","M","M","R","B",null,"M","M","?","?","M","R","E","R","T","R","E","M","$","M","R","B",null,"M","?","M","M","?","R","M","R","T","E","$","R","$","?","R","B",null],"character_chosen":"IRONCLAD","items_purchased":["Dexterity Potion","Metallicize","Bronze Scales"],"campfire_rested":0,"item_purchase_floors":[45,47,47],"current_hp_per_floor":[80,80,80,78,78,78,61,55,55,55,61,61,66,72,72,20,80,80,80,80,80,66,66,72,72,72,72,78,75,75,80,80,32,80,80,80,69,73,63,63,69,69,69,69,69,69,69,69,69,47],"gold":0,"neow_bonus":"THREE_ENEMY_KILL","is_prod":false,"is_daily":false,"chose_seed":false,"campfire_upgraded":11,"win_rate":0,"timestamp":1558665541,"path_taken":["M","M","?","M","?","R","E","?","T","M","M","R","M","M","R","BOSS","M","M","?","?","M","R","E","R","T","R","E","M","?","M","R","BOSS","M","?","M","M","?","R","M","R","T","E","$","R","$","?","R","BOSS"],"build_version":"2019-01-23","purchased_purges":2,"victory":true,"max_hp_per_floor":[80,80,80,80,80,80,80,80,80,80,80,80,80,80,80,80,80,80,80,80,80,80,80,80,80,80,80,80,80,80,80,80,80,80,80,80,80,80,80,80,80,80,80,80,80,80,80,80,80,80],"card_choices":[{"not_picked":["Headbutt","Clash"],"picked":"Shrug It Off","floor":1},{"not_picked":["Sever Soul","Clash","Wild Strike"],"picked":"SKIP","floor":2},{"not_picked":["Sentinel","Battle Trance"],"picked":"Armaments","floor":3},{"not_picked":["Thunderclap","Clash","Perfected Strike"],"picked":"SKIP","floor":4},{"not_picked":["Clash","Flex"],"picked":"Inflame","floor":7},{"not_picked":["Perfected Strike","Entrench"],"picked":"Body Slam","floor":8},{"not_picked":["Double Tap","Fire Breathing","Sword Boomerang"],"picked":"SKIP","floor":10},{"not_picked":["Iron Wave","Evolve","Heavy Blade"],"picked":"SKIP","floor":11},{"not_picked":["Whirlwind","Thunderclap","Heavy Blade"],"picked":"SKIP","floor":13},{"not_picked":["Inflame","Infernal Blade"],"picked":"Entrench","floor":14},{"not_picked":["Fiend Fire","Dark Embrace"],"picked":"Juggernaut","floor":16},{"not_picked":["Carnage","Sword Boomerang","Feel No Pain"],"picked":"SKIP","floor":18},{"not_picked":["Corruption+1","Clash"],"picked":"Body Slam","floor":19},{"not_picked":["Dropkick+1","Warcry"],"picked":"Ghostly Armor","floor":22},{"not_picked":["Feed","Iron Wave","Thunderclap"],"picked":"SKIP","floor":24},{"not_picked":["Dark Embrace","Warcry+1"],"picked":"Body Slam+1","floor":28},{"not_picked":["Shrug It Off","Uppercut","Wild Strike"],"picked":"SKIP","floor":29},{"not_picked":["Clothesline","Reckless Charge+1","Whirlwind"],"picked":"SKIP","floor":31},{"not_picked":["Thunderclap","Headbutt"],"picked":"Entrench","floor":35},{"not_picked":["Cleave+1","Fire Breathing","Perfected Strike"],"picked":"SKIP","floor":37},{"not_picked":["Cleave+1","Feel No Pain","Rage"],"picked":"SKIP","floor":38},{"not_picked":["Burning Pact+1","Shrug It Off+1","Disarm"],"picked":"SKIP","floor":41},{"not_picked":["Thunderclap+1","Power Through"],"picked":"Impervious","floor":44}],"player_experience":898957,"relics_obtained":[{"floor":7,"key":"Bag of Preparation"},{"floor":9,"key":"Self Forming Clay"},{"floor":24,"key":"Regal Pillow"},{"floor":26,"key":"Mercury Hourglass"},{"floor":28,"key":"Torii"},{"floor":36,"key":"Nunchaku"},{"floor":43,"key":"Bag of Marbles"},{"floor":44,"key":"Ice Cream"}],"event_choices":[{"damage_healed":0,"gold_gain":100,"player_choice":"Pray","damage_taken":0,"max_hp_gain":0,"max_hp_loss":0,"event_name":"Golden Shrine","floor":5,"gold_loss":0},{"damage_healed":0,"gold_gain":0,"player_choice":"Ignored","damage_taken":0,"max_hp_gain":0,"max_hp_loss":0,"event_name":"Vampires","floor":20,"gold_loss":0},{"damage_healed":0,"gold_gain":0,"player_choice":"Simplicity","damage_taken":0,"max_hp_gain":0,"max_hp_loss":0,"event_name":"Back to Basics","floor":21,"gold_loss":0,"cards_upgraded":["Strike_R","Strike_R","Strike_R","Strike_R","Strike_R","Defend_R","Defend_R","Defend_R","Defend_R"]},{"damage_healed":0,"gold_gain":0,"player_choice":"Fight","damage_taken":0,"max_hp_gain":0,"max_hp_loss":0,"event_name":"MindBloom","floor":36,"gold_loss":0},{"damage_healed":0,"gold_gain":0,"player_choice":"Embrace Madness","damage_taken":10,"max_hp_gain":0,"max_hp_loss":0,"event_name":"Winding Halls","floor":39,"gold_loss":0,"cards_obtained":["Madness","Madness"]},{"damage_healed":0,"gold_gain":0,"player_choice":"Paid","damage_taken":0,"relics_obtained":["Red Mask"],"max_hp_gain":0,"max_hp_loss":0,"event_name":"Tomb of Lord Red Mask","floor":48,"gold_loss":20}],"is_beta":false,"boss_relics":[{"not_picked":["Snecko Eye","Philosopher\u0027s Stone"],"picked":"Ectoplasm"},{"not_picked":["Runic Cube","Fusion Hammer"],"picked":"Empty Cage"}],"items_purged_floors":[30,47],"is_endless":false,"potions_floor_spawned":[2,4,13,14,19,24,29,31,35,36,37],"ascension_level":0}