{"gold_per_floor":[111,130,142,154,79,79,79,108,108,119,119,150,150,169,169,246,246,261,279,98,98,98,98,23,53,53,12,12,12,28,78,78,157,157,174,174,174,190,190,224,237,237,262,262,262],"floor_reached":45,"playtime":2353,"items_purged":["Strike_R","Strike_R"],"score":938,"play_id":"069f6e4c-0925-4512-9469-ec87cce39c2c","local_time":"20190526185447","is_ascension_mode":true,"campfire_choices":[{"data":"Immolate","floor":6.0,"key":"SMITH"},{"floor":13.0,"key":"REST"},{"data":"True Grit","floor":15.0,"key":"SMITH"},{"floor":23.0,"key":"REST"},{"data":"True Grit","floor":28.0,"key":"SMITH"},{"data":"Shockwave","floor":32.0,"key":"SMITH"},{"data":"Fiend Fire","floor":42,"key":"SMITH"},{"floor":44,"key":"RECALL"}],"neow_cost":"NONE","seed_source_timestamp":716662572524565,"circlet_count":0,"master_deck":["AscendersBane","Defend_R","Defend_R","Defend_R","Defend_R","Bash","Cleave","Spot Weakness","Immolate+1","Anger","Reaper","Inflame","True Grit+1","Offering","Flame Barrier","Shrug It Off","Disarm","True Grit+1","Shockwave+1","Fiend Fire+1","Disarm"],"special_seed":0,"relics":["Burning Blood","Dodecahedron","Dream Catcher","Matryoshka","Mummified Hand","Velvet Choker","Nilry\u0027s Codex","Orichalcum","Shuriken","Pen Nib","Snecko Eye","Ginger","Happy Flower"],"potions_floor_usage":[33,38,40,45,45],"damage_taken":[{"damage":2.0,"enemies":"Cultist","floor":1.0,"turns":4.0},{"damage":2.0,"enemies":"2 Louse","floor":2.0,"turns":3.0},{"damage":4.0,"enemies":"Small Slimes","floor":3.0,"turns":4.0},{"damage":20.0,"enemies":"Red Slaver","floor":4.0,"turns":4.0},{"damage":15.0,"enemies":"Lagavulin","floor":8.0,"turns":5.0},{"damage":11.0,"enemies":"Blue Slaver","floor":10.0,"turns":4.0},{"damage":8.0,"enemies":"Gremlin Nob","floor":12.0,"turns":3.0},{"damage":1.0,"enemies":"2 Fungi Beasts","floor":14.0,"turns":2.0},{"damage":45.0,"enemies":"The Guardian","floor":16.0,"turns":12.0},{"damage":7.0,"enemies":"3 Byrds","floor":18.0,"turns":2.0},{"damage":24.0,"enemies":"Spheric Guardian","floor":19.0,"turns":4.0},{"damage":20.0,"enemies":"Book of Stabbing","floor":25.0,"turns":6.0},{"damage":14.0,"enemies":"Snecko","floor":30.0,"turns":8.0},{"damage":76,"enemies":"Collector","floor":33,"turns":9},{"damage":6,"enemies":"Orb Walker","floor":35,"turns":2},{"damage":6,"enemies":"3 Shapes","floor":38,"turns":4},{"damage":37,"enemies":"Reptomancer","floor":40,"turns":5},{"damage":16,"enemies":"Maw","floor":41,"turns":9},{"damage":76,"enemies":"Giant Head","floor":45,"turns":7}],"seed_played":"8076483625147593034","potions_obtained":[{"floor":2.0,"key":"Poison Potion"},{"floor":4.0,"key":"Strength Potion"},{"floor":8.0,"key":"Swift Potion"},{"floor":14.0,"key":"GamblersBrew"},{"floor":18.0,"key":"EssenceOfSteel"},{"floor":30.0,"key":"Strength Potion"},{"floor":38,"key":"GamblersBrew"},{"floor":40,"key":"EntropicBrew"}],"is_trial":false,"path_per_floor":["M","M","M","M","$","R","?","E","T","M","?","E","R","M","R","B",null,"M","M","$","?","?","R","?","E","T","$","R","?","M","?","R","B",null,"M","$","?","M","?","E","M","R","T","R","E"],"character_chosen":"IRONCLAD","items_purchased":["Shrug It Off","Fire Potion","Feel No Pain"],"campfire_rested":2,"item_purchase_floors":[20,20,27],"current_hp_per_floor":[72,75,75,61,61,61,43,34,34,29,29,27,49,54,54,27,63,74,65,65,44,23,47,47,51,51,51,51,51,52,52,52,16,64,80,80,80,80,80,49,48,48,48,48,0],"gold":262,"neow_bonus":"REMOVE_CARD","is_prod":false,"is_daily":false,"chose_seed":false,"campfire_upgraded":5,"win_rate":0,"timestamp":1558922087,"path_taken":["M","M","M","?","$","R","?","E","T","M","?","E","R","M","R","BOSS","M","M","$","?","?","R","?","E","T","$","R","?","M","?","R","BOSS","M","?","?","M","?","E","M","R","T","R","E"],"build_version":"2019-05-24v2","purchased_purges":2,"victory":false,"max_hp_per_floor":[75,75,75,75,75,75,75,75,75,75,75,75,75,75,75,75,75,75,75,75,80,80,80,80,80,80,80,80,80,80,80,80,80,80,80,80,80,80,80,80,80,80,80,80,80],"card_choices":[{"not_picked":["Flex","True Grit"],"picked":"Cleave","floor":1.0},{"not_picked":["Sentinel","Fire Breathing","Clash"],"picked":"SKIP","floor":2.0},{"not_picked":["Flex","Warcry"],"picked":"Spot Weakness","floor":3.0},{"not_picked":["Dropkick","Rage"],"picked":"Immolate","floor":4.0},{"not_picked":["Barricade","Corruption"],"picked":"Anger","floor":8.0},{"not_picked":["Heavy Blade","Spot Weakness","Pommel Strike"],"picked":"SKIP","floor":10.0},{"not_picked":["Thunderclap","Dual Wield","Cleave"],"picked":"SKIP","floor":12.0},{"not_picked":["Combust","Bloodletting"],"picked":"Inflame","floor":13.0},{"not_picked":["Anger","Sword Boomerang"],"picked":"True Grit","floor":14.0},{"not_picked":["Reaper","Berserk"],"picked":"Offering","floor":16.0},{"not_picked":["Thunderclap","Body Slam"],"picked":"Flame Barrier","floor":18.0},{"not_picked":["Clothesline","Infernal Blade","Dual Wield"],"picked":"SKIP","floor":19.0},{"not_picked":["Dropkick","Second Wind"],"picked":"Disarm","floor":23.0},{"not_picked":["Hemokinesis","Entrench"],"picked":"True Grit","floor":25.0},{"not_picked":["Seeing Red","Headbutt","Cleave"],"picked":"SKIP","floor":30.0},{"not_picked":["Juggernaut","Dark Embrace"],"picked":"Fiend Fire","floor":33},{"not_picked":["Iron Wave","Rampage","Ghostly Armor"],"picked":"SKIP","floor":35},{"not_picked":["Infernal Blade+1","Entrench","Thunderclap+1"],"picked":"SKIP","floor":38},{"not_picked":["Sword Boomerang","Sentinel","Entrench"],"picked":"SKIP","floor":40},{"not_picked":["Perfected Strike","Headbutt+1"],"picked":"Disarm","floor":41}],"player_experience":1580649,"relics_obtained":[{"floor":8.0,"key":"Dream Catcher"},{"floor":9.0,"key":"Matryoshka"},{"floor":12.0,"key":"Mummified Hand"},{"floor":22.0,"key":"Nilry\u0027s Codex"},{"floor":25.0,"key":"Orichalcum"},{"floor":26.0,"key":"Shuriken"},{"floor":26.0,"key":"Pen Nib"},{"floor":40,"key":"Ginger"},{"floor":43,"key":"Happy Flower"}],"event_choices":[{"damage_healed":0.0,"max_hp_gain":0.0,"max_hp_loss":0.0,"gold_gain":0.0,"event_name":"Scrap Ooze","player_choice":"Success","floor":7.0,"gold_loss":0.0,"damage_taken":18.0,"relics_obtained":["Dodecahedron"]},{"damage_healed":0.0,"max_hp_gain":0.0,"max_hp_loss":0.0,"gold_gain":0.0,"cards_transformed":["Strike_R"],"event_name":"Transmorgrifier","player_choice":"Transformed","floor":11.0,"gold_loss":0.0,"damage_taken":0.0,"cards_obtained":["Reaper"]},{"damage_healed":0.0,"max_hp_gain":5.0,"max_hp_loss":0.0,"gold_gain":0.0,"event_name":"Forgotten Altar","player_choice":"Shed Blood","floor":21.0,"gold_loss":0.0,"damage_taken":26.0},{"damage_healed":0.0,"max_hp_gain":0.0,"max_hp_loss":0.0,"gold_gain":0.0,"event_name":"Cursed Tome","player_choice":"Obtained Book","floor":22.0,"gold_loss":0.0,"damage_taken":21.0},{"cards_removed":["Strike_R"],"damage_healed":0.0,"max_hp_gain":0.0,"max_hp_loss":0.0,"gold_gain":0.0,"event_name":"Beggar","player_choice":"Gave Gold","floor":24.0,"gold_loss":75.0,"damage_taken":0.0},{"damage_healed":0.0,"max_hp_gain":0.0,"max_hp_loss":0.0,"gold_gain":0.0,"event_name":"The Library","player_choice":"Read","floor":29.0,"gold_loss":0.0,"damage_taken":0.0,"cards_obtained":["Shockwave"]},{"damage_healed":0.0,"max_hp_gain":0.0,"max_hp_loss":0.0,"gold_gain":50.0,"event_name":"Golden Shrine","player_choice":"Pray","floor":31.0,"gold_loss":0.0,"damage_taken":0.0},{"cards_removed":["Feel No Pain"],"damage_healed":0,"gold_gain":0,"player_choice":"Removed Power","damage_taken":0,"max_hp_gain":0,"max_hp_loss":0,"event_name":"Falling","floor":37,"gold_loss":0},{"damage_healed":0,"gold_gain":0,"player_choice":"Ignored","damage_taken":0,"max_hp_gain":0,"max_hp_loss":0,"event_name":"Tomb of Lord Red Mask","floor":39,"gold_loss":0}],"is_beta":true,"boss_relics":[{"not_picked":["Mark of Pain","Ectoplasm"],"picked":"Velvet Choker"},{"not_picked":["Lizard Tail","White Beast Statue"],"picked":"Snecko Eye"}],"items_purged_floors":[5,20],"is_endless":false,"potions_floor_spawned":[2,4,8,14,18,30,38,40],"killed_by":"Giant Head","ascension_level":20}