{"gold_per_floor":[114,114,114,133,153,153,187,204,252,280,280,280,12,28,28,102,102,122,139,139,139,156,156,189,207,207,207,217,217,252,263,263,341,341,351,351,23,23,43,43,78,94,121,132,132,132,158,196,208,220,232],"floor_reached":51,"playtime":3203,"items_purged":["Strike_B"],"score":1460,"play_id":"7a3b5722-fdc9-44c7-865d-0ec6cd8b7940","local_time":"20190607170256","is_ascension_mode":true,"campfire_choices":[{"data":"Sweeping Beam","floor":6.0,"key":"SMITH"},{"floor":11.0,"key":"REST"},{"data":"Static Discharge","floor":15.0,"key":"SMITH"},{"data":"Thunder Strike","floor":23.0,"key":"SMITH"},{"floor":27.0,"key":"REST"},{"data":"Hologram","floor":29.0,"key":"SMITH"},{"floor":32.0,"key":"REST"},{"floor":40.0,"key":"RECALL"},{"floor":45.0,"key":"REST"},{"floor":49,"key":"REST"}],"neow_cost":"NONE","seed_source_timestamp":0,"circlet_count":0,"master_deck":["AscendersBane","Defend_B","Defend_B","Defend_B","Defend_B","Zap","Dualcast","Melter","Sweeping Beam+1","Cold Snap","Fission+1","Ball Lightning","Core Surge","Conserve Battery","Static Discharge+1","Thunder Strike+1","Self Repair","Reboot","Hologram+1","Compile Driver","Stack","Echo Form","Heatsinks","Capacitor","Dark Shackles","Biased Cognition","Leap","FTL+1"],"special_seed":0,"relics":["Cracked Core","NeowsBlessing","Dodecahedron","Dream Catcher","Blood Vial","PreservedInsect","Membership Card","Busted Crown","Peace Pipe","The Courier","Mummified Hand","Black Star","HandDrill","Kunai","FossilizedHelix","Prayer Wheel","Vajra","MawBank","Torii","Incense Burner"],"potions_floor_usage":[50],"damage_taken":[{"damage":0.0,"enemies":"Cultist","floor":1.0,"turns":1.0},{"damage":0.0,"enemies":"Jaw Worm","floor":4.0,"turns":1.0},{"damage":0.0,"enemies":"2 Louse","floor":5.0,"turns":1.0},{"damage":34.0,"enemies":"3 Sentries","floor":7.0,"turns":9.0},{"damage":5.0,"enemies":"Lots of Slimes","floor":8.0,"turns":4.0},{"damage":14.0,"enemies":"Gremlin Nob","floor":10.0,"turns":3.0},{"damage":5.0,"enemies":"Red Slaver","floor":14.0,"turns":2.0},{"damage":17.0,"enemies":"Hexaghost","floor":16.0,"turns":9.0},{"damage":2.0,"enemies":"3 Byrds","floor":18.0,"turns":2.0},{"damage":8.0,"enemies":"Shell Parasite","floor":19.0,"turns":3.0},{"damage":16.0,"enemies":"Snecko","floor":22.0,"turns":6.0},{"damage":18.0,"enemies":"Book of Stabbing","floor":24.0,"turns":4.0},{"damage":0.0,"enemies":"Cultist and Chosen","floor":25.0,"turns":3.0},{"damage":21.0,"enemies":"Chosen and Byrds","floor":28.0,"turns":4.0},{"damage":0.0,"enemies":"Gremlin Leader","floor":30.0,"turns":6.0},{"damage":24.0,"enemies":"Shelled Parasite and Fungi","floor":31.0,"turns":3.0},{"damage":36.0,"enemies":"Automaton","floor":33.0,"turns":6.0},{"damage":10.0,"enemies":"3 Shapes","floor":35.0,"turns":5.0},{"damage":3.0,"enemies":"Orb Walker","floor":39.0,"turns":3.0},{"damage":48.0,"enemies":"Giant Head","floor":41.0,"turns":6.0},{"damage":9.0,"enemies":"Writhing Mass","floor":42.0,"turns":4.0},{"damage":10.0,"enemies":"Spire Growth","floor":44.0,"turns":5.0},{"damage":24,"enemies":"Nemesis","floor":48,"turns":7},{"damage":38,"enemies":"Donu and Deca","floor":50,"turns":8},{"damage":29,"enemies":"Awakened One","floor":51,"turns":5}],"seed_played":"2739018079164798642","potions_obtained":[{"floor":1.0,"key":"Poison Potion"},{"floor":5.0,"key":"Explosive Potion"},{"floor":14.0,"key":"AttackPotion"},{"floor":19.0,"key":"Fire Potion"},{"floor":22.0,"key":"Energy Potion"},{"floor":30.0,"key":"Swift Potion"},{"floor":31.0,"key":"AttackPotion"},{"floor":42.0,"key":"Swift Potion"},{"floor":48,"key":"AttackPotion"}],"is_trial":false,"path_per_floor":["M","?","?","M","M","R","E","M","T","E","R","?","$","M","R","B",null,"M","M","T","?","M","R","E","M","T","R","M","R","E","M","R","B",null,"M","?","$","?","M","R","E","M","T","M","R","?","T","E","R","B","B"],"character_chosen":"DEFECT","items_purchased":["Membership Card","Static Discharge","FearPotion","Dexterity Potion","Heatsinks","Capacitor","HandDrill","Kunai"],"campfire_rested":5,"item_purchase_floors":[13,13,37,37,37,37,37,37],"current_hp_per_floor":[64,53,53,53,53,53,19,14,14,2,23,23,23,20,20,5,55,55,49,49,49,42,42,33,42,42,63,44,44,53,31,52,25,60,59,59,59,59,58,58,19,19,19,25,46,46,46,31,51,22,0],"gold":232,"neow_bonus":"THREE_ENEMY_KILL","is_prod":false,"is_daily":false,"chose_seed":false,"campfire_upgraded":4,"win_rate":0,"timestamp":1559952176,"path_taken":["M","?","?","M","?","R","E","M","T","E","R","?","$","?","R","BOSS","M","M","?","?","M","R","E","M","T","R","M","R","E","?","R","BOSS","M","?","$","?","M","R","E","M","T","M","R","?","?","E","R","BOSS","BOSS"],"build_version":"2019-06-05","purchased_purges":1,"victory":false,"max_hp_per_floor":[71,71,71,71,71,71,71,71,71,71,71,71,71,71,71,71,71,71,71,71,71,71,71,71,71,71,71,71,71,71,71,71,71,71,71,71,71,71,71,71,71,71,71,71,71,67,67,67,67,67,67],"card_choices":[{"not_picked":["Hologram","Steam"],"picked":"Melter","floor":1.0},{"not_picked":["Compile Driver","Rebound"],"picked":"Sweeping Beam","floor":4.0},{"not_picked":["Sweeping Beam","Barrage"],"picked":"Cold Snap","floor":5.0},{"not_picked":["Rebound","Recycle"],"picked":"Fission","floor":7.0},{"not_picked":["Compile Driver","Sweeping Beam"],"picked":"Ball Lightning","floor":8.0},{"not_picked":["Cold Snap","Conserve Battery"],"picked":"Core Surge","floor":10.0},{"not_picked":["Cold Snap","Hologram"],"picked":"Conserve Battery","floor":11.0},{"not_picked":["Sweeping Beam","Double Energy","FTL"],"picked":"SKIP","floor":14.0},{"not_picked":["Machine Learning","All For One"],"picked":"Thunder Strike","floor":16.0},{"not_picked":["Double Energy"],"picked":"SKIP","floor":18.0},{"not_picked":[],"picked":"Self Repair","floor":19.0},{"not_picked":["Darkness"],"picked":"SKIP","floor":22.0},{"not_picked":["Sweeping Beam"],"picked":"SKIP","floor":24.0},{"not_picked":["Streamline"],"picked":"SKIP","floor":25.0},{"not_picked":[],"picked":"Compile Driver","floor":27.0},{"not_picked":["Turbo"],"picked":"SKIP","floor":28.0},{"not_picked":["Go for the Eyes"],"picked":"SKIP","floor":30.0},{"not_picked":[],"picked":"Stack","floor":31.0},{"not_picked":[],"picked":"Echo Form","floor":33.0},{"not_picked":["Leap"],"picked":"SKIP","floor":35.0},{"not_picked":[],"picked":"Dark Shackles","floor":38.0},{"not_picked":["Gash"],"picked":"SKIP","floor":39.0},{"not_picked":["Turbo+1"],"picked":"SKIP","floor":41.0},{"not_picked":[],"picked":"Biased Cognition","floor":42.0},{"not_picked":["Melter+1"],"picked":"SKIP","floor":42.0},{"not_picked":["Streamline"],"picked":"SKIP","floor":44.0},{"not_picked":["Streamline"],"picked":"SKIP","floor":44.0},{"not_picked":["Streamline"],"picked":"SKIP","floor":44.0},{"not_picked":["Streamline"],"picked":"SKIP","floor":44.0},{"not_picked":["Streamline"],"picked":"SKIP","floor":44.0},{"not_picked":["Streamline"],"picked":"SKIP","floor":44.0},{"not_picked":[],"picked":"Leap","floor":48},{"not_picked":[],"picked":"FTL+1","floor":49}],"player_experience":1615951,"relics_obtained":[{"floor":7.0,"key":"Dream Catcher"},{"floor":9.0,"key":"Blood Vial"},{"floor":10.0,"key":"PreservedInsect"},{"floor":20.0,"key":"Peace Pipe"},{"floor":24.0,"key":"The Courier"},{"floor":30.0,"key":"Mummified Hand"},{"floor":41.0,"key":"FossilizedHelix"},{"floor":41.0,"key":"Prayer Wheel"},{"floor":43.0,"key":"Vajra"},{"floor":47.0,"key":"MawBank"},{"floor":48,"key":"Torii"},{"floor":48,"key":"Incense Burner"}],"event_choices":[{"damage_healed":0.0,"max_hp_gain":0.0,"max_hp_loss":0.0,"gold_gain":0.0,"event_name":"Scrap Ooze","player_choice":"Success","floor":2.0,"gold_loss":0.0,"damage_taken":11.0,"relics_obtained":["Dodecahedron"]},{"cards_removed":["Strike_B"],"damage_healed":0.0,"max_hp_gain":0.0,"max_hp_loss":0.0,"gold_gain":0.0,"event_name":"Wheel of Change","player_choice":"Card Removal","floor":3.0,"gold_loss":0.0,"damage_taken":0.0},{"damage_healed":0.0,"max_hp_gain":0.0,"max_hp_loss":0.0,"gold_gain":0.0,"event_name":"Upgrade Shrine","player_choice":"Upgraded","floor":12.0,"gold_loss":0.0,"damage_taken":0.0,"cards_upgraded":["Fission"]},{"damage_healed":0.0,"max_hp_gain":0.0,"max_hp_loss":0.0,"gold_gain":0.0,"cards_transformed":["Strike_B","Strike_B"],"event_name":"Drug Dealer","player_choice":"Became Test Subject","floor":21.0,"gold_loss":0.0,"damage_taken":0.0,"cards_obtained":["Reboot","Hologram"]},{"damage_healed":0.0,"max_hp_gain":0.0,"max_hp_loss":0.0,"gold_gain":0.0,"event_name":"Tomb of Lord Red Mask","player_choice":"Ignored","floor":36.0,"gold_loss":0.0,"damage_taken":0.0},{"damage_healed":0.0,"max_hp_gain":0.0,"max_hp_loss":0.0,"gold_gain":0.0,"event_name":"SensoryStone","player_choice":"Memory 1","floor":38.0,"gold_loss":0.0,"damage_taken":0.0},{"damage_healed":0.0,"max_hp_gain":0.0,"max_hp_loss":4.0,"gold_gain":0.0,"event_name":"Winding Halls","player_choice":"Max HP","floor":46.0,"gold_loss":0.0,"damage_taken":0.0}],"is_beta":true,"boss_relics":[{"not_picked":["Pandora\u0027s Box","FrozenCore"],"picked":"Busted Crown"},{"not_picked":["Cursed Key","Lizard Tail"],"picked":"Black Star"}],"items_purged_floors":[37],"is_endless":false,"potions_floor_spawned":[1,5,14,19,22,30,31,42,48],"killed_by":"Awakened One","ascension_level":20}