{"gold_per_floor":[114,131,131,148,55,55,80,111,165,177,177,177,177,205,205,302,302,313,313,332,346,90,90,8,8,8,8,26,54,72,72,72,173,173,190,205,105,105,125,152,152,163,212,229,229,257,269,292,304,316],"floor_reached":51,"playtime":2966,"items_purged":["Berserk","Exhume"],"score":813,"play_id":"be9026da-c2b4-4e6a-8aca-704b359b20e7","local_time":"20190419211326","is_ascension_mode":true,"campfire_choices":[{"data":"Uppercut","floor":6.0,"key":"SMITH"},{"data":"Inflame","floor":13,"key":"SMITH"},{"data":"True Grit","floor":15,"key":"SMITH"},{"data":"Mayhem","floor":23,"key":"SMITH"},{"data":"Spot Weakness","floor":25,"key":"SMITH"},{"data":"Flame Barrier","floor":27,"key":"SMITH"},{"data":"Metallicize","floor":32,"key":"SMITH"},{"data":"Shrug It Off","floor":41,"key":"SMITH"},{"data":"Juggernaut","floor":47,"key":"SMITH"},{"data":"Infernal Blade","floor":49,"key":"SMITH"}],"neow_cost":"NONE","seed_source_timestamp":299803130336375,"circlet_count":0,"master_deck":["Bash+1","Uppercut+1","Flame Barrier","Inflame+1","Ghostly Armor","Shrug It Off+1","Metallicize+1","True Grit+1","Juggernaut+1","Infernal Blade+1","Headbutt","Immolate","True Grit+1","Flame Barrier+1","Spot Weakness+1","Mayhem+1","Madness","Feed","Dark Embrace","Anger","Parasite"],"special_seed":0,"relics":["Burning Blood","Bag of Marbles","Lantern","Orichalcum","Gremlin Horn","Vajra","Pandora\u0027s Box","PreservedInsect","Pantograph","Coffee Dripper","Pen Nib","Art of War","MawBank"],"potions_floor_usage":[29,36,40,40,42,44,50],"damage_taken":[{"damage":0.0,"enemies":"Small Slimes","floor":1.0,"turns":3.0},{"damage":0.0,"enemies":"Cultist","floor":2.0,"turns":3.0},{"damage":4.0,"enemies":"Jaw Worm","floor":4.0,"turns":4.0},{"damage":27.0,"enemies":"Lagavulin","floor":8.0,"turns":8.0},{"damage":0.0,"enemies":"Red Slaver","floor":10.0,"turns":4.0},{"damage":7,"enemies":"Gremlin Nob","floor":14,"turns":4},{"damage":38,"enemies":"Slime Boss","floor":16,"turns":12},{"damage":3,"enemies":"Chosen","floor":18,"turns":4},{"damage":0,"enemies":"2 Thieves","floor":20,"turns":1},{"damage":24,"enemies":"Snake Plant","floor":21,"turns":5},{"damage":6,"enemies":"Cultist and Chosen","floor":28,"turns":6},{"damage":36,"enemies":"Book of Stabbing","floor":29,"turns":4},{"damage":0,"enemies":"Centurion and Healer","floor":30,"turns":1},{"damage":64,"enemies":"Collector","floor":33,"turns":7},{"damage":30,"enemies":"3 Shapes","floor":35,"turns":6},{"damage":24,"enemies":"3 Darklings","floor":36,"turns":4},{"damage":16,"enemies":"Spire Growth","floor":39,"turns":5},{"damage":36,"enemies":"Nemesis","floor":40,"turns":7},{"damage":11,"enemies":"Transient","floor":42,"turns":5},{"damage":5,"enemies":"3 Darklings","floor":44,"turns":5},{"damage":43,"enemies":"Giant Head","floor":46,"turns":7},{"damage":6,"enemies":"Writhing Mass","floor":48,"turns":6},{"damage":61,"enemies":"Time Eater","floor":50,"turns":10}],"seed_played":"2417984525788461584","potions_obtained":[{"floor":1.0,"key":"SteroidPotion"},{"floor":2.0,"key":"PowerPotion"},{"floor":4.0,"key":"Swift Potion"},{"floor":21,"key":"SpeedPotion"},{"floor":30,"key":"EssenceOfSteel"},{"floor":35,"key":"PowerPotion"},{"floor":36,"key":"GamblersBrew"},{"floor":40,"key":"Weak Potion"},{"floor":42,"key":"LiquidBronze"},{"floor":48,"key":"SkillPotion"}],"is_trial":false,"path_per_floor":["M","M","?","M","$","R","T","E","T","M","T","?","R","E","R","B",null,"M","?","M","M","$","R","$","R","T","R","M","E","M","?","R","B",null,"M","M","$","?","M","E","R","M","T","M","?","E","R","M","R","B",null],"character_chosen":"IRONCLAD","items_purchased":["Shrug It Off","Metallicize","Mayhem","Madness"],"campfire_rested":0,"item_purchase_floors":[5,5,22,24],"current_hp_per_floor":[80,80,80,80,80,80,80,59,59,65,65,65,65,64,64,32,80,80,80,80,62,62,62,62,62,62,62,62,32,38,90,90,35,93,72,54,54,54,44,14,14,9,9,10,84,50,50,50,50,20],"gold":328,"neow_bonus":"UPGRADE_CARD","is_prod":false,"is_daily":false,"chose_seed":false,"campfire_upgraded":10,"win_rate":0,"timestamp":1555722806,"path_taken":["M","M","?","M","?","R","?","E","T","?","?","?","R","E","R","BOSS","M","?","M","M","$","R","$","R","T","R","M","E","M","?","R","BOSS","M","M","?","?","M","E","R","M","T","M","?","E","R","M","R","BOSS"],"build_version":"2019-01-23","purchased_purges":2,"victory":true,"max_hp_per_floor":[80,80,80,80,80,80,80,80,80,80,80,80,80,80,80,80,80,80,80,80,80,80,80,80,80,80,80,80,80,80,90,90,93,93,96,96,96,96,96,96,96,96,96,96,84,87,87,87,87,87],"card_choices":[{"not_picked":["Battle Trance","Body Slam"],"picked":"Uppercut","floor":1.0},{"not_picked":["Armaments","Sword Boomerang"],"picked":"Flame Barrier","floor":2.0},{"not_picked":["Perfected Strike","Rampage"],"picked":"Ghostly Armor","floor":4.0},{"not_picked":["Iron Wave","Clash"],"picked":"True Grit","floor":8.0},{"not_picked":["Rampage","Iron Wave","Searing Blow"],"picked":"SKIP","floor":10.0},{"not_picked":["Ghostly Armor","Flex","Sentinel"],"picked":"SKIP","floor":14},{"not_picked":["Offering","Immolate"],"picked":"Juggernaut","floor":16},{"not_picked":["Uppercut","Corruption"],"picked":"True Grit+1","floor":18},{"not_picked":["Heavy Blade","Sword Boomerang+1"],"picked":"Flame Barrier","floor":20},{"not_picked":["Twin Strike","Wild Strike"],"picked":"Spot Weakness","floor":21},{"not_picked":["Blood for Blood","Rampage+1","Clash"],"picked":"SKIP","floor":28},{"not_picked":["Perfected Strike+1","Thunderclap+1"],"picked":"Feed","floor":29},{"not_picked":["Armaments","True Grit","Cleave"],"picked":"SKIP","floor":30},{"not_picked":["Bludgeon","Fiend Fire"],"picked":"Dark Embrace","floor":33},{"not_picked":["Thunderclap","Heavy Blade+1","Sever Soul+1"],"picked":"SKIP","floor":35},{"not_picked":["Heavy Blade+1","Wild Strike","True Grit"],"picked":"SKIP","floor":36},{"not_picked":["Havoc","Clash+1","Blood for Blood"],"picked":"SKIP","floor":39},{"not_picked":["Perfected Strike","Corruption","Evolve"],"picked":"SKIP","floor":40},{"not_picked":["Havoc+1","Fire Breathing+1","Perfected Strike"],"picked":"SKIP","floor":42},{"not_picked":["Clash+1","Body Slam","Havoc+1"],"picked":"SKIP","floor":44},{"not_picked":["Dropkick+1","Body Slam"],"picked":"Anger","floor":46},{"not_picked":["Twin Strike+1","Hemokinesis","Cleave"],"picked":"SKIP","floor":48}],"player_experience":222735,"relics_obtained":[{"floor":7.0,"key":"Bag of Marbles"},{"floor":8.0,"key":"Lantern"},{"floor":9.0,"key":"Orichalcum"},{"floor":11.0,"key":"Gremlin Horn"},{"floor":14,"key":"Vajra"},{"floor":26,"key":"PreservedInsect"},{"floor":29,"key":"Pantograph"},{"floor":40,"key":"Pen Nib"},{"floor":43,"key":"Art of War"},{"floor":46,"key":"MawBank"}],"event_choices":[{"damage_healed":0.0,"max_hp_gain":0.0,"max_hp_loss":0.0,"gold_gain":0.0,"cards_transformed":["Strike_R"],"event_name":"Transmorgrifier","player_choice":"Transformed","floor":3.0,"gold_loss":0.0,"damage_taken":0.0,"cards_obtained":["Inflame"]},{"cards_removed":["Strike_R"],"damage_healed":0,"gold_gain":0,"player_choice":"Forget","damage_taken":0,"max_hp_gain":0,"max_hp_loss":0,"event_name":"Living Wall","floor":12,"gold_loss":0},{"damage_healed":0,"gold_gain":0,"player_choice":"Ignored","damage_taken":0,"max_hp_gain":0,"max_hp_loss":0,"event_name":"Ghosts","floor":19,"gold_loss":0},{"cards_removed":["Fiend Fire"],"damage_healed":42,"gold_gain":0,"player_choice":"Offered Rare","damage_taken":0,"max_hp_gain":10,"max_hp_loss":0,"event_name":"Bonfire Elementals","floor":31,"gold_loss":0},{"cards_removed":["Pummel"],"damage_healed":0,"gold_gain":0,"player_choice":"Removed Attack","damage_taken":0,"max_hp_gain":0,"max_hp_loss":0,"event_name":"Falling","floor":38,"gold_loss":0},{"damage_healed":84,"gold_gain":0,"player_choice":"Heal","damage_taken":0,"max_hp_gain":0,"max_hp_loss":12,"event_name":"The Moai Head","floor":45,"gold_loss":0}],"is_beta":false,"boss_relics":[{"not_picked":["Lizard Tail","Runic Pyramid"],"picked":"Pandora\u0027s Box"},{"not_picked":["Black Blood","Orrery"],"picked":"Coffee Dripper"}],"items_purged_floors":[22,37],"is_endless":false,"potions_floor_spawned":[1,2,4,21,28,30,33,35,36,40,42,48],"ascension_level":3}