{"gold_per_floor":[114,125,136,136,147,182,200,200,250,261,261,324,339,8,8,111,111,122,221,221,143,157,170,170,170,170,186,31,44,44,60,60,160,160,180,67,83,0,19,19,50,70,94,7,7,18,38,38],"floor_reached":48,"playtime":4329,"items_purged":["Clumsy"],"score":553,"play_id":"a5081a26-85a2-4a02-8a66-499ffb7787ac","local_time":"20190609043156","is_ascension_mode":false,"campfire_choices":[{"floor":8,"key":"REST"},{"floor":15,"key":"REST"},{"data":"Storm of Steel","floor":24,"key":"SMITH"},{"floor":30,"key":"REST"},{"floor":32,"key":"REST"},{"floor":40,"key":"REST"}],"neow_cost":"NONE","seed_source_timestamp":20833544290643,"circlet_count":0,"master_deck":["Defend_G","Defend_G","Defend_G","Defend_G","Defend_G","Survivor","Neutralize","Reflex","Dagger Spray","Dash","Quick Slash","Leg Sweep","Deflect","Cloak And Dagger","Caltrops","Neutralize","Enlightenment","Dagger Spray","Finisher","All Out Attack","Dagger Throw","Storm of Steel+1","Infinite Blades","Blade Dance","Cloak And Dagger","Caltrops","Acrobatics","Blade Dance","Bite","Bite","Bite","Bite","Bite","Accuracy","Dash+1","PiercingWail","Backflip","Envenom","Backstab","Dagger Spray+1","Unload","Clumsy","Backflip+1","Well Laid Plans","Underhanded Strike+1","Flying Knee","Dagger Throw+1","Dagger Throw","Acrobatics","Crippling Poison","Envenom","Blur","Distraction","Parasite"],"relics":["Ring of the Snake","Bird Faced Urn","Mercury Hourglass","Omamori","Tiny Chest","Pear","Orrery","Gremlin Horn","Ninja Scroll","Calling Bell","Regal Pillow","Dodecahedron","Calipers","Red Mask","Centennial Puzzle","Anchor"],"potions_floor_usage":[6,16,33,33,41,41,48],"damage_taken":[{"damage":0,"enemies":"Small Slimes","floor":1,"turns":5},{"damage":0,"enemies":"Cultist","floor":2,"turns":3},{"damage":0,"enemies":"2 Louse","floor":3,"turns":2},{"damage":1,"enemies":"Blue Slaver","floor":5,"turns":4},{"damage":18,"enemies":"3 Sentries","floor":6,"turns":12},{"damage":0,"enemies":"Looter","floor":7,"turns":3},{"damage":0,"enemies":"Exordium Thugs","floor":10,"turns":6},{"damage":15,"enemies":"Gremlin Nob","floor":12,"turns":6},{"damage":0,"enemies":"Lots of Slimes","floor":13,"turns":2},{"damage":51,"enemies":"The Guardian","floor":16,"turns":13},{"damage":3,"enemies":"Chosen","floor":18,"turns":6},{"damage":0,"enemies":"3 Byrds","floor":22,"turns":3},{"damage":18,"enemies":"Centurion and Healer","floor":23,"turns":6},{"damage":16,"enemies":"Cultist and Chosen","floor":27,"turns":5},{"damage":34,"enemies":"Snake Plant","floor":29,"turns":5},{"damage":4,"enemies":"Snecko","floor":31,"turns":3},{"damage":68,"enemies":"Champ","floor":33,"turns":12},{"damage":0,"enemies":"3 Shapes","floor":35,"turns":2},{"damage":12,"enemies":"3 Darklings","floor":37,"turns":5},{"damage":41,"enemies":"Sphere and 2 Shapes","floor":39,"turns":4},{"damage":60,"enemies":"Reptomancer","floor":41,"turns":6},{"damage":3,"enemies":"Jaw Worm Horde","floor":42,"turns":3},{"damage":1,"enemies":"4 Shapes","floor":46,"turns":4},{"damage":17,"enemies":"Sphere and 2 Shapes","floor":47,"turns":4},{"damage":22,"enemies":"Writhing Mass","floor":48,"turns":5}],"seed_played":"-8217537631152388958","potions_obtained":[{"floor":3,"key":"Dexterity Potion"},{"floor":7,"key":"SteroidPotion"},{"floor":10,"key":"Weak Potion"},{"floor":12,"key":"SkillPotion"},{"floor":16,"key":"GamblersBrew"},{"floor":29,"key":"SteroidPotion"},{"floor":33,"key":"SteroidPotion"},{"floor":41,"key":"SkillPotion"},{"floor":42,"key":"Ancient Potion"}],"is_trial":false,"path_per_floor":["M","M","M","?","M","E","M","R","T","M","?","E","M","$","R","B",null,"M","?","?","$","M","M","R","T","T","M","$","M","R","M","R","B",null,"M","$","M","?","M","R","E","M","T","$","?","M","M","M"],"character_chosen":"THE_SILENT","items_purchased":["All Out Attack","Dagger Throw","Pear","Accuracy","Envenom","Well Laid Plans","Acrobatics","Crippling Poison"],"campfire_rested":5,"item_purchase_floors":[14,14,14,21,28,36,44,44],"current_hp_per_floor":[70,70,70,67,66,48,48,69,69,69,69,56,56,66,80,29,80,79,79,56,56,56,46,46,46,46,42,42,22,38,40,56,6,56,56,56,50,50,19,50,4,9,9,9,9,16,11,0],"gold":38,"neow_bonus":"TRANSFORM_CARD","is_prod":false,"is_daily":false,"chose_seed":false,"campfire_upgraded":1,"win_rate":0.0,"timestamp":1560072716,"path_taken":["M","M","M","?","M","E","M","R","T","M","?","E","?","$","R","BOSS","M","?","?","$","M","M","R","?","T","M","?","M","R","M","R","BOSS","M","$","M","?","M","R","E","M","T","$","?","M","M","M"],"build_version":"2019-01-23","purchased_purges":1,"victory":false,"max_hp_per_floor":[70,70,70,70,70,70,70,70,70,70,70,70,70,80,80,80,80,80,80,56,56,56,56,56,56,56,56,56,56,56,56,56,56,56,56,56,56,56,56,56,56,56,56,56,56,56,56,56],"card_choices":[{"not_picked":["Dagger Throw","Caltrops"],"picked":"Dagger Spray","floor":1},{"not_picked":["Prepared","Crippling Poison"],"picked":"Dash","floor":2},{"not_picked":["Dagger Throw","Dodge and Roll"],"picked":"Quick Slash","floor":3},{"not_picked":["Catalyst","Acrobatics"],"picked":"Leg Sweep","floor":5},{"not_picked":["Bouncing Flask","Slice"],"picked":"Deflect","floor":6},{"not_picked":["Dagger Throw","Predator"],"picked":"Cloak And Dagger","floor":7},{"not_picked":["Calculated Gamble","Underhanded Strike"],"picked":"Caltrops","floor":10},{"not_picked":["Corpse Explosion","Quick Slash"],"picked":"Dagger Spray","floor":12},{"not_picked":["Dagger Throw","Riddle With Holes"],"picked":"Finisher","floor":13},{"not_picked":["Doppelganger","Burst"],"picked":"Storm of Steel","floor":16},{"not_picked":["Deflect","Finisher"],"picked":"Infinite Blades","floor":17},{"not_picked":["Choke","Outmaneuver"],"picked":"Blade Dance","floor":17},{"not_picked":["Backstab","Backflip"],"picked":"Cloak And Dagger","floor":17},{"not_picked":["Terror","Distraction"],"picked":"Caltrops","floor":17},{"not_picked":["Backstab","Eviscerate"],"picked":"Acrobatics","floor":17},{"not_picked":["Underhanded Strike","All Out Attack"],"picked":"Blade Dance","floor":18},{"not_picked":["A Thousand Cuts","Flying Knee"],"picked":"Dash+1","floor":22},{"not_picked":["Slice+1","Footwork"],"picked":"PiercingWail","floor":23},{"not_picked":["Deadly Poison+1","Quick Slash"],"picked":"Backflip","floor":27},{"not_picked":["Noxious Fumes","Blur"],"picked":"Backstab","floor":29},{"not_picked":["Calculated Gamble","Crippling Poison"],"picked":"Dagger Spray+1","floor":31},{"not_picked":["After Image","Tools of the Trade"],"picked":"Unload","floor":33},{"not_picked":["Prepared","Quick Slash+1"],"picked":"Backflip+1","floor":35},{"not_picked":["Deadly Poison","Dagger Throw"],"picked":"Underhanded Strike+1","floor":37},{"not_picked":["Masterful Stab+1","Reflex+1"],"picked":"Flying Knee","floor":39},{"not_picked":["Riddle With Holes","Noxious Fumes"],"picked":"Dagger Throw+1","floor":41},{"not_picked":["Wraith Form v2","Prepared"],"picked":"Dagger Throw","floor":42},{"not_picked":["PiercingWail","Accuracy"],"picked":"Blur","floor":46},{"not_picked":["PiercingWail","Bane+1"],"picked":"Distraction","floor":47}],"player_experience":64242,"relics_obtained":[{"floor":6,"key":"Mercury Hourglass"},{"floor":9,"key":"Omamori"},{"floor":12,"key":"Tiny Chest"},{"floor":25,"key":"Gremlin Horn"},{"floor":26,"key":"Ninja Scroll"},{"floor":34,"key":"Regal Pillow"},{"floor":34,"key":"Dodecahedron"},{"floor":34,"key":"Calipers"},{"floor":41,"key":"Centennial Puzzle"},{"floor":43,"key":"Anchor"}],"event_choices":[{"damage_healed":0,"gold_gain":0,"player_choice":"Success","damage_taken":3,"relics_obtained":["Bird Faced Urn"],"max_hp_gain":0,"max_hp_loss":0,"event_name":"Scrap Ooze","floor":4,"gold_loss":0},{"damage_healed":0,"gold_gain":0,"player_choice":"3 cards matched","damage_taken":0,"max_hp_gain":0,"max_hp_loss":0,"event_name":"Match and Keep!","floor":11,"gold_loss":0,"cards_obtained":["Neutralize","Enlightenment","Regret"]},{"damage_healed":0,"gold_gain":0,"player_choice":"3 cards matched","damage_taken":0,"max_hp_gain":0,"max_hp_loss":0,"event_name":"Match and Keep!","floor":11,"gold_loss":0,"cards_obtained":["Neutralize","Enlightenment","Regret"]},{"damage_healed":0,"gold_gain":99,"player_choice":"Stole From Cult","damage_taken":0,"max_hp_gain":0,"max_hp_loss":0,"event_name":"Nest","floor":19,"gold_loss":0},{"damage_healed":0,"gold_gain":0,"player_choice":"Became a vampire","damage_taken":0,"max_hp_gain":0,"max_hp_loss":24,"event_name":"Vampires","floor":20,"gold_loss":0,"cards_obtained":["Bite","Bite","Bite","Bite","Bite"]},{"damage_healed":0,"gold_gain":0,"player_choice":"Paid","damage_taken":0,"relics_obtained":["Red Mask"],"max_hp_gain":0,"max_hp_loss":0,"event_name":"Tomb of Lord Red Mask","floor":38,"gold_loss":83},{"damage_healed":0,"gold_gain":0,"player_choice":"Copied","damage_taken":0,"max_hp_gain":0,"max_hp_loss":0,"event_name":"Duplicator","floor":45,"gold_loss":0,"cards_obtained":["Envenom"]}],"is_beta":false,"boss_relics":[{"not_picked":["Tiny House","Runic Dome"],"picked":"Orrery"},{"not_picked":["HoveringKite","Snecko Eye"],"picked":"Calling Bell"}],"items_purged_floors":[36],"is_endless":false,"potions_floor_spawned":[3,7,10,12,16,29,33,41,42],"killed_by":"Writhing Mass","ascension_level":0}