{"gold_per_floor":[112,112,37,37,58,93,93,437,437,462,498,498,541,559,559,650,650,669,144,157,157,157,157,196,196,196,229,3,17,17,60,60,153,153,174,16,35,160,160,160],"floor_reached":40,"playtime":2111,"items_purged":["Strike_R","Strike_R"],"score":1061,"play_id":"90f9724f-7d6f-4d56-8cb7-8199e4977ce4","local_time":"20190609194420","is_ascension_mode":true,"campfire_choices":[{"data":"Immolate","floor":7.0,"key":"SMITH"},{"floor":12.0,"key":"REST"},{"floor":15.0,"key":"REST"},{"floor":23.0,"key":"REST"},{"floor":25.0,"key":"REST"},{"floor":32.0,"key":"REST"}],"neow_cost":"NONE","seed_source_timestamp":957468051436577,"circlet_count":0,"master_deck":["AscendersBane","Strike_R","Strike_R","Defend_R","Defend_R","Defend_R","Defend_R","Bash","Immolate+1","Headbutt","Wild Strike","Immolate","Thunderclap","Offering","Armaments","Feel No Pain+1","Offering","Seeing Red+1","RitualDagger","Inflame+1","Corruption+1","Shrug It Off+1","True Grit","Limit Break"],"special_seed":0,"relics":["Burning Blood","Golden Idol","Gremlin Horn","Old Coin","Self Forming Clay","Charon\u0027s Ashes","Smiling Mask","Runic Pyramid","Frozen Egg 2","Nilry\u0027s Codex","Kunai","Bottled Flame","Happy Flower","Dodecahedron","Philosopher\u0027s Stone","Bag of Marbles","Shovel"],"potions_floor_usage":[],"damage_taken":[{"damage":10.0,"enemies":"2 Louse","floor":1.0,"turns":2.0},{"damage":0.0,"enemies":"Small Slimes","floor":5.0,"turns":2.0},{"damage":37.0,"enemies":"Lagavulin","floor":6.0,"turns":7.0},{"damage":8.0,"enemies":"Gremlin Nob","floor":8.0,"turns":3.0},{"damage":12.0,"enemies":"Jaw Worm","floor":10.0,"turns":2.0},{"damage":17.0,"enemies":"Lagavulin","floor":11.0,"turns":5.0},{"damage":10.0,"enemies":"3 Sentries","floor":13.0,"turns":3.0},{"damage":7.0,"enemies":"2 Fungi Beasts","floor":14.0,"turns":2.0},{"damage":73.0,"enemies":"The Guardian","floor":16.0,"turns":9.0},{"damage":8.0,"enemies":"3 Byrds","floor":18.0,"turns":3.0},{"damage":14.0,"enemies":"Spheric Guardian","floor":20.0,"turns":3.0},{"damage":6.0,"enemies":"Gremlin Leader","floor":24.0,"turns":3.0},{"damage":25.0,"enemies":"Slavers","floor":27.0,"turns":2.0},{"damage":0.0,"enemies":"3 Cultists","floor":29.0,"turns":2.0},{"damage":20.0,"enemies":"Book of Stabbing","floor":31.0,"turns":3.0},{"damage":38.0,"enemies":"Champ","floor":33.0,"turns":25.0},{"damage":10.0,"enemies":"3 Darklings","floor":35.0,"turns":3.0},{"damage":2.0,"enemies":"3 Shapes","floor":37.0,"turns":2.0},{"damage":7,"enemies":"Mind Bloom Boss Battle","floor":38,"turns":4},{"damage":96,"enemies":"Giant Head","floor":40,"turns":7}],"seed_played":"3092162738415668496","potions_obtained":[{"floor":6.0,"key":"Strength Potion"},{"floor":8.0,"key":"Ancient Potion"},{"floor":10.0,"key":"SteroidPotion"},{"floor":11.0,"key":"Fire Potion"},{"floor":13.0,"key":"Regen Potion"},{"floor":27.0,"key":"Explosive Potion"},{"floor":33.0,"key":"SpeedPotion"},{"floor":35.0,"key":"Dexterity Potion"}],"is_trial":false,"path_per_floor":["M","?","$","?","M","E","R","E","T","M","E","R","E","M","R","B",null,"M","$","M","?","?","R","E","R","T","E","$","M","?","E","R","B",null,"M","$","M","?","?","E"],"character_chosen":"IRONCLAD","items_purchased":["Frozen Egg 2","Feel No Pain+1","Offering","Corruption+1","SpeedPotion","Ancient Potion","Bag of Marbles"],"campfire_rested":5,"item_purchase_floors":[19,19,19,28,28,28,36],"current_hp_per_floor":[64,64,64,69,73,42,42,40,40,34,23,44,40,39,60,8,57,55,55,47,26,20,41,41,62,62,43,43,49,49,35,56,24,61,57,57,61,60,60,0],"gold":160,"neow_bonus":"ONE_RANDOM_RARE_CARD","is_prod":false,"is_daily":false,"chose_seed":false,"campfire_upgraded":1,"win_rate":0,"timestamp":1560134660,"path_taken":["M","?","$","?","M","E","R","E","T","?","E","R","E","M","R","BOSS","M","$","M","?","?","R","E","R","T","E","$","M","?","E","R","BOSS","M","?","?","?","?","E"],"build_version":"2019-06-07","purchased_purges":2,"victory":false,"max_hp_per_floor":[75,68,68,73,73,73,73,73,73,73,73,73,73,73,73,73,73,73,73,73,73,73,73,73,73,73,73,73,73,73,73,73,73,73,73,73,73,73,69,69],"card_choices":[{"not_picked":["Clothesline","Wild Strike"],"picked":"Headbutt","floor":1.0},{"not_picked":["Havoc","Perfected Strike"],"picked":"Wild Strike","floor":5.0},{"not_picked":["Pommel Strike","Perfected Strike","Heavy Blade"],"picked":"SKIP","floor":6.0},{"not_picked":["Pommel Strike","Carnage","Rupture"],"picked":"SKIP","floor":8.0},{"not_picked":["Hemokinesis","Clothesline"],"picked":"Immolate","floor":10.0},{"not_picked":["Rupture","Havoc"],"picked":"Thunderclap","floor":11.0},{"not_picked":["Bloodletting","Sword Boomerang","Rampage"],"picked":"SKIP","floor":13.0},{"not_picked":["Thunderclap","Heavy Blade","Body Slam"],"picked":"SKIP","floor":14.0},{"not_picked":["Double Tap","Fiend Fire"],"picked":"Offering","floor":16.0},{"not_picked":["Hemokinesis","Second Wind"],"picked":"Armaments","floor":18.0},{"not_picked":["Flame Barrier","Warcry"],"picked":"Seeing Red+1","floor":20.0},{"not_picked":["Intimidate","Power Through","Thunderclap"],"picked":"SKIP","floor":24.0},{"not_picked":["Shockwave","Wild Strike"],"picked":"Inflame+1","floor":27.0},{"not_picked":["Feel No Pain+1","Flex"],"picked":"Shrug It Off+1","floor":29.0},{"not_picked":["Clothesline","Flex"],"picked":"True Grit","floor":31.0},{"not_picked":["Dark Embrace+1","Feed"],"picked":"Limit Break","floor":33.0},{"not_picked":["Twin Strike","Infernal Blade","Searing Blow"],"picked":"SKIP","floor":35.0},{"not_picked":["Sever Soul","Thunderclap+1","Warcry"],"picked":"SKIP","floor":37.0}],"player_experience":1649212,"relics_obtained":[{"floor":6.0,"key":"Gremlin Horn"},{"floor":8.0,"key":"Old Coin"},{"floor":9.0,"key":"Self Forming Clay"},{"floor":11.0,"key":"Charon\u0027s Ashes"},{"floor":13.0,"key":"Smiling Mask"},{"floor":21.0,"key":"Nilry\u0027s Codex"},{"floor":24.0,"key":"Kunai"},{"floor":26.0,"key":"Bottled Flame"},{"floor":27.0,"key":"Happy Flower"},{"floor":31.0,"key":"Dodecahedron"},{"floor":38,"key":"Shovel"}],"event_choices":[{"damage_healed":0.0,"max_hp_gain":0.0,"max_hp_loss":7.0,"gold_gain":0.0,"event_name":"Golden Idol","player_choice":"Lose Max HP","floor":2.0,"gold_loss":0.0,"damage_taken":0.0,"relics_obtained":["Golden Idol"]},{"damage_healed":0.0,"max_hp_gain":5.0,"max_hp_loss":0.0,"gold_gain":0.0,"event_name":"Big Fish","player_choice":"Donut","floor":4.0,"gold_loss":0.0,"damage_taken":0.0},{"damage_healed":0.0,"max_hp_gain":0.0,"max_hp_loss":0.0,"gold_gain":0.0,"event_name":"Cursed Tome","player_choice":"Obtained Book","floor":21.0,"gold_loss":0.0,"damage_taken":21.0},{"damage_healed":0.0,"max_hp_gain":0.0,"max_hp_loss":0.0,"gold_gain":0.0,"event_name":"Nest","player_choice":"Joined the Cult","floor":22.0,"gold_loss":0.0,"damage_taken":6.0,"cards_obtained":["RitualDagger"]},{"cards_removed":["Strike_R"],"damage_healed":0.0,"max_hp_gain":0.0,"max_hp_loss":0.0,"gold_gain":0.0,"event_name":"Purifier","player_choice":"Purged","floor":30.0,"gold_loss":0.0,"damage_taken":0.0},{"damage_healed":0,"gold_gain":0,"player_choice":"Fight","damage_taken":0,"max_hp_gain":0,"max_hp_loss":0,"event_name":"MindBloom","floor":38,"gold_loss":0},{"damage_healed":0,"gold_gain":0,"player_choice":"Max HP","damage_taken":0,"max_hp_gain":0,"max_hp_loss":4,"event_name":"Winding Halls","floor":39,"gold_loss":0}],"is_beta":true,"boss_relics":[{"not_picked":["Tiny House","Black Star"],"picked":"Runic Pyramid"},{"not_picked":["Runic Cube","Astrolabe"],"picked":"Philosopher\u0027s Stone"}],"items_purged_floors":[3,19],"is_endless":false,"potions_floor_spawned":[6,8,10,11,13,14,27,31,33,35,38],"killed_by":"Giant Head","ascension_level":20}