{"gold_per_floor":[113,129,129,85,85,85,116,116,116,116],"floor_reached":10,"playtime":236,"items_purged":[],"score":125,"play_id":"69a24a0b-a96b-44af-bce4-f28078fd3e3f","local_time":"20190531091029","is_ascension_mode":true,"campfire_choices":[{"data":"Deadly Poison","floor":6.0,"key":"SMITH"},{"floor":8.0,"key":"REST"}],"neow_cost":"NONE","seed_source_timestamp":0,"circlet_count":0,"master_deck":["AscendersBane","Defend_G","Defend_G","Defend_G","Defend_G","Defend_G","Strike_G","Strike_G","Strike_G","Survivor","Neutralize","Backflip","Deadly Poison+1","Catalyst"],"special_seed":0,"relics":["Ring of the Snake","Peace Pipe","Girya"],"potions_floor_usage":[],"damage_taken":[{"damage":7.0,"enemies":"Small Slimes","floor":1.0,"turns":6.0},{"damage":15.0,"enemies":"Cultist","floor":2.0,"turns":6.0},{"damage":32.0,"enemies":"Lagavulin","floor":7.0,"turns":8.0},{"damage":0,"enemies":"3 Sentries","floor":10,"turns":1}],"seed_played":"-3056256125593694741","potions_obtained":[],"is_trial":false,"path_per_floor":["M","M","?","?","?","R","E","R","T","E"],"character_chosen":"THE_SILENT","items_purchased":[],"campfire_rested":1,"item_purchase_floors":[],"current_hp_per_floor":[58,43,36,36,36,36,4,25,25,25],"gold":116,"neow_bonus":"TEN_PERCENT_HP_BONUS","is_prod":false,"is_daily":false,"chose_seed":false,"campfire_upgraded":1,"win_rate":0,"timestamp":1559308229,"path_taken":["M","M","?","?","?","R","E","R","T","E"],"build_version":"2019-01-23","purchased_purges":0,"victory":false,"max_hp_per_floor":[72,72,72,72,72,72,72,72,72,72],"card_choices":[{"not_picked":["Deflect","Dodge and Roll"],"picked":"Backflip","floor":1.0},{"not_picked":["Blade Dance","Quick Slash"],"picked":"Deadly Poison","floor":2.0},{"not_picked":["Acrobatics","Underhanded Strike"],"picked":"Catalyst","floor":7.0}],"player_experience":524112,"relics_obtained":[{"floor":7.0,"key":"Peace Pipe"},{"floor":9,"key":"Girya"}],"event_choices":[{"cards_removed":["Strike_G"],"damage_healed":0.0,"max_hp_gain":0.0,"max_hp_loss":0.0,"gold_gain":0.0,"event_name":"Golden Wing","player_choice":"Card Removal","floor":3.0,"gold_loss":0.0,"damage_taken":7.0},{"damage_healed":0.0,"max_hp_gain":0.0,"max_hp_loss":0.0,"gold_gain":0.0,"event_name":"World of Goop","player_choice":"Left Gold","floor":4.0,"gold_loss":44.0,"damage_taken":0.0},{"cards_removed":["Strike_G"],"damage_healed":0.0,"max_hp_gain":0.0,"max_hp_loss":0.0,"gold_gain":0.0,"event_name":"Purifier","player_choice":"Purged","floor":5.0,"gold_loss":0.0,"damage_taken":0.0}],"is_beta":false,"boss_relics":[],"items_purged_floors":[],"is_endless":false,"potions_floor_spawned":[],"killed_by":"3 Sentries","ascension_level":19}