{"gold_per_floor":[116,127,141,141,156,156,200,223,270,346,364,384,120,143,143,272,272,291,291,69,0,0,40,71,92,140,183,183],"floor_reached":28,"playtime":2431,"items_purged":["Defend_G"],"score":275,"play_id":"d6928ae6-dc63-43f2-8085-9edfc34fee77","local_time":"20180926152617","is_ascension_mode":true,"campfire_choices":[{"floor":6,"key":"REST"},{"floor":15,"key":"REST"}],"neow_cost":"NONE","seed_source_timestamp":398531752881498,"circlet_count":0,"master_deck":["Defend_G","Defend_G+1","Defend_G","Defend_G","Strike_G","Strike_G","Strike_G","Strike_G","Strike_G","Survivor+1","Neutralize","Accuracy","Dagger Throw","Expertise","Quick Slash","Cloak And Dagger","Magnetism","Deadly Poison","Malaise","Dagger Throw+1","Infinite Blades","Violence","Noxious Fumes","Quick Slash","Phantasmal Killer","Poisoned Stab","Clumsy","Footwork+1"],"relics":["Fusion Hammer","Golden Idol","Dodecahedron","War Paint","Pantograph","Cursed Key","Bottled Flame","Omamori","Dream Catcher"],"potions_floor_usage":[7,16,23,24,27,27,28],"damage_taken":[{"damage":9,"enemies":"Jaw Worm","floor":1,"turns":4},{"damage":0,"enemies":"Small Slimes","floor":2,"turns":4},{"damage":0,"enemies":"Cultist","floor":3,"turns":4},{"damage":0,"enemies":"3 Louse","floor":5,"turns":5},{"damage":27,"enemies":"Gremlin Nob","floor":7,"turns":6},{"damage":20,"enemies":"Exordium Wildlife","floor":8,"turns":6},{"damage":2,"enemies":"Exordium Thugs","floor":11,"turns":4},{"damage":0,"enemies":"Blue Slaver","floor":12,"turns":6},{"damage":0,"enemies":"Looter","floor":14,"turns":3},{"damage":23,"enemies":"Hexaghost","floor":16,"turns":9},{"damage":1,"enemies":"Shell Parasite","floor":18,"turns":5},{"damage":11,"enemies":"3 Byrds","floor":23,"turns":5},{"damage":7,"enemies":"Book of Stabbing","floor":24,"turns":6},{"damage":6,"enemies":"Cultist and Chosen","floor":25,"turns":7},{"damage":40,"enemies":"Slavers","floor":27,"turns":8},{"damage":14,"enemies":"Snake Plant","floor":28,"turns":1}],"seed_played":"-8320650073668948329","potions_obtained":[{"floor":3,"key":"EssenceOfSteel"},{"floor":8,"key":"Strength Potion"},{"floor":11,"key":"SpeedPotion"},{"floor":16,"key":"Block Potion"},{"floor":18,"key":"Regen Potion"},{"floor":23,"key":"PowerPotion"},{"floor":27,"key":"Fire Potion"}],"is_trial":false,"path_per_floor":["M","M","M","?","M","R","E","M","T","T","M","M","$","M","R","B",null,"M","?","$","?","?","M","E","M","T","E"],"character_chosen":"THE_SILENT","items_purchased":["Magnetism","Infinite Blades","Violence"],"campfire_rested":2,"item_purchase_floors":[13,20,20],"current_hp_per_floor":[61,61,61,44,44,65,38,18,18,18,16,16,16,16,37,43,70,69,69,69,69,69,67,60,54,54,14,0],"gold":183,"neow_bonus":"BOSS_RELIC","is_prod":false,"is_daily":false,"chose_seed":false,"campfire_upgraded":0,"win_rate":0,"timestamp":1537997177,"path_taken":["M","M","M","?","M","R","E","M","T","?","M","?","$","M","R","BOSS","M","?","?","?","?","M","E","M","T","E","M"],"build_version":"2018-09-20","purchased_purges":1,"victory":false,"max_hp_per_floor":[70,70,70,70,70,70,70,70,70,70,70,70,70,70,70,70,70,70,70,70,70,70,70,70,70,70,70,70],"card_choices":[{"not_picked":["Deadly Poison","PiercingWail","Flechettes"],"picked":"SKIP","floor":1},{"not_picked":["Deadly Poison","Heel Hook","Calculated Gamble"],"picked":"SKIP","floor":2},{"not_picked":["Backflip","Acrobatics"],"picked":"Accuracy","floor":3},{"not_picked":["Eviscerate","Predator"],"picked":"Dagger Throw","floor":5},{"not_picked":["Heel Hook","Eviscerate"],"picked":"Expertise","floor":7},{"not_picked":["Poisoned Stab","Dodge and Roll"],"picked":"Quick Slash","floor":8},{"not_picked":["Heel Hook","Glass Knife","Well Laid Plans"],"picked":"SKIP","floor":11},{"not_picked":["Dash","Prepared"],"picked":"Cloak And Dagger","floor":12},{"not_picked":["Terror","Dodge and Roll"],"picked":"Deadly Poison","floor":14},{"not_picked":["Bullet Time","Phantasmal Killer"],"picked":"Malaise","floor":16},{"not_picked":["Outmaneuver","Flying Knee"],"picked":"Dagger Throw+1","floor":18},{"not_picked":["Deflect","Bane"],"picked":"Quick Slash","floor":23},{"not_picked":["Outmaneuver","Dagger Spray"],"picked":"Phantasmal Killer","floor":24},{"not_picked":["Bouncing Flask","Caltrops"],"picked":"Poisoned Stab","floor":25},{"not_picked":["Storm of Steel","Caltrops"],"picked":"Footwork+1","floor":27}],"player_experience":90099,"relics_obtained":[{"floor":7,"key":"Dodecahedron"},{"floor":9,"key":"War Paint"},{"floor":10,"key":"Pantograph"},{"floor":24,"key":"Bottled Flame"},{"floor":26,"key":"Omamori"},{"floor":27,"key":"Dream Catcher"}],"event_choices":[{"event_name":"Golden Idol","player_choice":"Take Damage","floor":4,"damage_taken":0},{"event_name":"Ghosts","player_choice":"Ignored","floor":19,"damage_taken":0},{"event_name":"Masked Bandits","player_choice":"Paid Fearfully","floor":21,"damage_taken":0},{"event_name":"The Library","player_choice":"Read","floor":22,"damage_taken":0}],"is_beta":false,"boss_relics":[{"not_picked":["Coffee Dripper","Velvet Choker"],"picked":"Cursed Key"}],"items_purged_floors":[13],"is_endless":false,"potions_floor_spawned":[3,8,11,16,18,23,27],"killed_by":"Snake Plant","ascension_level":1}