{"gold_per_floor":[115,130,145,145,164,164,180,200,200,218,218,109,123,143,143,143],"floor_reached":16,"playtime":967,"items_purged":["Pain"],"score":152,"play_id":"60623695-ea08-417f-962b-0d2b27ba5123","local_time":"20190602224516","is_ascension_mode":true,"campfire_choices":[{"data":"Zap","floor":6,"key":"SMITH"},{"floor":11,"key":"REST"},{"data":"Chill","floor":15,"key":"SMITH"}],"neow_cost":"NONE","seed_source_timestamp":653381369372909,"circlet_count":0,"master_deck":["AscendersBane","Strike_B","Strike_B","Strike_B","Defend_B","Defend_B","Defend_B","Defend_B","Zap+1","Dualcast","Compile Driver","Gash","Chill","Coolheaded","Chill+1","Gash","FTL","Genetic Algorithm","Ball Lightning"],"relics":["Cracked Core","WarpedTongs"],"potions_floor_usage":[3,8,13,16],"damage_taken":[{"damage":5,"enemies":"2 Louse","floor":1,"turns":2},{"damage":0,"enemies":"Cultist","floor":2,"turns":3},{"damage":0,"enemies":"Small Slimes","floor":3,"turns":2},{"damage":9,"enemies":"Exordium Thugs","floor":5,"turns":3},{"damage":22,"enemies":"Exordium Wildlife","floor":7,"turns":4},{"damage":5,"enemies":"3 Louse","floor":8,"turns":4},{"damage":25,"enemies":"Large Slime","floor":10,"turns":8},{"damage":0,"enemies":"Red Slaver","floor":13,"turns":3},{"damage":5,"enemies":"Gremlin Gang","floor":14,"turns":5},{"damage":31,"enemies":"The Guardian","floor":16,"turns":8}],"seed_played":"2603799411685336299","potions_obtained":[{"floor":1,"key":"Swift Potion"},{"floor":5,"key":"Ancient Potion"},{"floor":8,"key":"Fruit Juice"},{"floor":13,"key":"Fruit Juice"},{"floor":14,"key":"FearPotion"}],"is_trial":false,"path_per_floor":["M","M","M","?","M","R","M","M","T","M","R","$","M","M","R","B"],"character_chosen":"DEFECT","items_purchased":["FTL"],"campfire_rested":1,"item_purchase_floors":[12],"current_hp_per_floor":[63,63,63,63,54,54,32,32,32,7,31,31,36,31,31,0],"gold":143,"neow_bonus":"TRANSFORM_CARD","is_prod":false,"is_daily":false,"chose_seed":false,"campfire_upgraded":2,"win_rate":0,"timestamp":1559537116,"path_taken":["M","M","M","?","M","R","M","M","T","M","R","$","M","?","R","BOSS"],"build_version":"2019-01-23","purchased_purges":1,"victory":false,"max_hp_per_floor":[75,75,75,75,75,75,75,80,80,80,80,80,85,85,85,85],"card_choices":[{"not_picked":["Loop","Sweeping Beam","Compile Driver"],"picked":"SKIP","floor":1},{"not_picked":["Conserve Battery","Capacitor"],"picked":"Gash","floor":2},{"not_picked":["Reinforced Body","Loop","Conserve Battery"],"picked":"SKIP","floor":3},{"not_picked":["Cold Snap","Stack"],"picked":"Chill","floor":5},{"not_picked":["Stack","Chaos"],"picked":"Coolheaded","floor":7},{"not_picked":["FTL","Stack"],"picked":"Chill","floor":8},{"not_picked":["Cold Snap","Redo"],"picked":"Gash","floor":10},{"not_picked":["Reboot","Barrage"],"picked":"Genetic Algorithm","floor":13},{"not_picked":["Lockon","Fusion"],"picked":"Ball Lightning","floor":14}],"player_experience":396022,"relics_obtained":[],"event_choices":[{"damage_healed":0,"gold_gain":0,"player_choice":"Rummage","damage_taken":0,"relics_obtained":["WarpedTongs"],"max_hp_gain":0,"max_hp_loss":0,"event_name":"Accursed Blacksmith","floor":4,"gold_loss":0,"cards_obtained":["Pain"]}],"is_beta":false,"boss_relics":[],"items_purged_floors":[12],"is_endless":false,"potions_floor_spawned":[1,5,8,13,14],"killed_by":"The Guardian","ascension_level":11}