{"gold_per_floor":[218,218,218,45,58,58,8,8,8,19,19,44,56,75,75,147,147,162,122,142,142,67,67,87,87,111,35,50,50,50,65,65,65],"floor_reached":33,"playtime":1012,"items_purged":["Strike_R"],"score":469,"play_id":"2fe4b543-f1ac-4c28-b39e-6c3fbaca7267","local_time":"20190502083707","is_ascension_mode":true,"campfire_choices":[{"data":"Shockwave","floor":6,"key":"SMITH"},{"data":"Armaments","floor":8,"key":"SMITH"},{"data":"True Grit","floor":15,"key":"SMITH"},{"data":"Limit Break","floor":23,"key":"SMITH"},{"data":"Heavy Blade","floor":25,"key":"SMITH"},{"data":"Feed","floor":30,"key":"SMITH"},{"data":"Shrug It Off","floor":32,"key":"SMITH"}],"neow_cost":"NONE","seed_source_timestamp":752207845113217,"circlet_count":0,"master_deck":["AscendersBane","Strike_R","Strike_R","Defend_R","Defend_R","Defend_R","Defend_R","Bash","Shockwave+1","Spot Weakness","Headbutt","Spot Weakness","Armaments+1","Twin Strike","True Grit+1","Limit Break+1","Rampage","Heavy Blade+1","Intimidate","Feed+1","Shrug It Off+1"],"relics":["Burning Blood","Thread and Needle","Mummified Hand","Coffee Dripper","MutagenicStrength","Oddly Smooth Stone"],"potions_floor_usage":[18,19,24,31],"damage_taken":[{"damage":6,"enemies":"Cultist","floor":1,"turns":4},{"damage":7,"enemies":"Small Slimes","floor":5,"turns":4},{"damage":3,"enemies":"Jaw Worm","floor":10,"turns":4},{"damage":25,"enemies":"Gremlin Nob","floor":12,"turns":4},{"damage":7,"enemies":"Blue Slaver","floor":13,"turns":3},{"damage":2,"enemies":"Looter","floor":14,"turns":2},{"damage":26,"enemies":"The Guardian","floor":16,"turns":11},{"damage":15,"enemies":"Spheric Guardian","floor":18,"turns":5},{"damage":15,"enemies":"2 Thieves","floor":19,"turns":5},{"damage":17,"enemies":"3 Cultists","floor":20,"turns":5},{"damage":27,"enemies":"Snake Plant","floor":24,"turns":5},{"damage":0,"enemies":"Centurion and Healer","floor":28,"turns":5},{"damage":29,"enemies":"Cultist and Chosen","floor":31,"turns":6},{"damage":44,"enemies":"Automaton","floor":33,"turns":6}],"seed_played":"-5930485727722616342","potions_obtained":[{"floor":1,"key":"SneckoOil"},{"floor":12,"key":"Energy Potion"},{"floor":14,"key":"PowerPotion"},{"floor":16,"key":"SpeedPotion"},{"floor":20,"key":"Block Potion"},{"floor":24,"key":"GamblersBrew"}],"is_trial":false,"path_per_floor":["M","?","?","$","M","R","$","R","T","M","$","E","M","M","R","B",null,"M","M","M","?","?","R","M","R","T","$","M","$","R","M","R","B"],"character_chosen":"IRONCLAD","items_purchased":["Spot Weakness","Headbutt","Armaments","Feed"],"campfire_rested":0,"item_purchase_floors":[4,4,7,27],"current_hp_per_floor":[68,73,66,66,65,65,65,65,65,68,68,49,48,52,52,32,68,59,50,39,39,39,39,18,18,18,18,27,27,27,8,8,0],"gold":65,"neow_bonus":"HUNDRED_GOLD","is_prod":false,"is_daily":false,"chose_seed":false,"campfire_upgraded":7,"win_rate":0,"timestamp":1556800627,"path_taken":["M","?","?","?","M","R","?","R","T","M","?","E","?","M","R","BOSS","M","?","M","?","?","R","M","R","T","?","M","$","R","M","R","BOSS"],"build_version":"2019-01-23","purchased_purges":1,"victory":false,"max_hp_per_floor":[75,80,80,80,80,80,80,80,80,80,80,80,80,80,80,80,80,80,80,80,80,80,80,80,80,80,80,83,83,83,87,87,87],"card_choices":[{"not_picked":["Second Wind","True Grit"],"picked":"Shockwave","floor":1},{"not_picked":["Power Through","True Grit"],"picked":"Spot Weakness","floor":5},{"not_picked":["Iron Wave","Infernal Blade"],"picked":"Twin Strike","floor":10},{"not_picked":["Dual Wield","Cleave"],"picked":"True Grit","floor":12},{"not_picked":["Body Slam","Reckless Charge","True Grit"],"picked":"SKIP","floor":13},{"not_picked":["Thunderclap","Twin Strike","Body Slam"],"picked":"SKIP","floor":14},{"not_picked":["Double Tap","Dark Embrace"],"picked":"Limit Break","floor":16},{"not_picked":["Iron Wave","Flex"],"picked":"Rampage","floor":18},{"not_picked":["Armaments","Feel No Pain"],"picked":"Heavy Blade","floor":19},{"not_picked":["Reckless Charge+1","Sword Boomerang+1"],"picked":"Intimidate","floor":20},{"not_picked":["Havoc","Pommel Strike","Dual Wield"],"picked":"SKIP","floor":24},{"not_picked":["Twin Strike","Heavy Blade"],"picked":"Shrug It Off","floor":28},{"not_picked":["Berserk","Rampage","Anger"],"picked":"SKIP","floor":31}],"player_experience":366356,"relics_obtained":[{"floor":9,"key":"Thread and Needle"},{"floor":12,"key":"Mummified Hand"},{"floor":26,"key":"Oddly Smooth Stone"}],"event_choices":[{"damage_healed":0,"gold_gain":0,"player_choice":"Donut","damage_taken":0,"max_hp_gain":5,"max_hp_loss":0,"event_name":"Big Fish","floor":2,"gold_loss":0},{"cards_removed":["Strike_R"],"damage_healed":0,"gold_gain":0,"player_choice":"Card Removal","damage_taken":7,"max_hp_gain":0,"max_hp_loss":0,"event_name":"Golden Wing","floor":3,"gold_loss":0},{"damage_healed":0,"gold_gain":0,"player_choice":"Inject Mutagens","damage_taken":0,"relics_obtained":["MutagenicStrength"],"max_hp_gain":0,"max_hp_loss":0,"event_name":"Drug Dealer","floor":21,"gold_loss":0},{"cards_removed":["Strike_R"],"damage_healed":0,"gold_gain":0,"player_choice":"Gave Gold","damage_taken":0,"max_hp_gain":0,"max_hp_loss":0,"event_name":"Beggar","floor":22,"gold_loss":75}],"is_beta":false,"boss_relics":[{"not_picked":["Fusion Hammer","Runic Cube"],"picked":"Coffee Dripper"}],"items_purged_floors":[4],"is_endless":false,"potions_floor_spawned":[1,12,14,16,20,24],"killed_by":"Automaton","ascension_level":18}