{"gold_per_floor":[110,110,131,206,219,219,184,197,248,267,267,287,311,355,355,475,475,494,514,129,142,162,202,202,202,202,202,220,260,112,125,125,254,254,279,297,297,297,321,362,362,397,397,418,452,476,476,0,0,0],"floor_reached":50,"playtime":3485,"items_purged":[],"score":682,"play_id":"e89a8ae2-f728-4341-9d9b-25306b0ce010","local_time":"20190408214620","is_ascension_mode":true,"campfire_choices":[{"data":"Neutralize","floor":6,"key":"SMITH"},{"data":"Crippling Poison","floor":11,"key":"SMITH"},{"data":"Poisoned Stab","floor":15,"key":"SMITH"},{"floor":24,"key":"REST"},{"floor":27,"key":"RECALL"},{"floor":32,"key":"REST"},{"floor":41,"key":"REST"},{"data":"Noxious Fumes","floor":49,"key":"SMITH"}],"neow_cost":"NONE","seed_source_timestamp":539427586221120,"circlet_count":0,"master_deck":["Defend_G","Defend_G","Defend_G","Defend_G","Defend_G","Strike_G","Strike_G","Strike_G","Strike_G","Strike_G","Survivor","Neutralize+1","Panacea","Crippling Poison+1","Dagger Throw","Poisoned Stab+1","Escape Plan","Footwork","Underhanded Strike","Heel Hook","All Out Attack","Venomology","Leg Sweep+1","Reflex","Master of Strategy","Quick Slash","Noxious Fumes+1","Mind Blast+1","Pain","Footwork+1","Secret Weapon","Shrug It Off+1","Madness","Madness","Bandage Up+1","Backflip+1","Doubt","Prepared","Finesse"],"relics":["Ring of the Snake","Golden Idol","Bag of Marbles","Blue Candle","Cursed Key","PrismaticShard","Frozen Egg 2","Gremlin Horn","Ninja Scroll","Lantern","Philosopher\u0027s Stone","Bag of Preparation","Regal Pillow","Sundial","Meat on the Bone","Pantograph","Red Mask"],"potions_floor_usage":[18,18,21,22,23,28,28,29,31,31,33,33,33,40,40,42,42,44,45,45,50,50,50],"damage_taken":[{"damage":0,"enemies":"Small Slimes","floor":1,"turns":4},{"damage":5,"enemies":"Jaw Worm","floor":3,"turns":8},{"damage":0,"enemies":"2 Louse","floor":5,"turns":3},{"damage":1,"enemies":"Blue Slaver","floor":8,"turns":4},{"damage":4,"enemies":"Exordium Wildlife","floor":10,"turns":6},{"damage":4,"enemies":"Gremlin Gang","floor":12,"turns":4},{"damage":3,"enemies":"2 Fungi Beasts","floor":13,"turns":3},{"damage":6,"enemies":"3 Sentries","floor":14,"turns":6},{"damage":35,"enemies":"Hexaghost","floor":16,"turns":10},{"damage":0,"enemies":"Chosen","floor":18,"turns":4},{"damage":11,"enemies":"Spheric Guardian","floor":19,"turns":6},{"damage":10,"enemies":"Snake Plant","floor":21,"turns":5},{"damage":10,"enemies":"Cultist and Chosen","floor":22,"turns":6},{"damage":10,"enemies":"Slavers","floor":23,"turns":7},{"damage":10,"enemies":"Centurion and Healer","floor":28,"turns":5},{"damage":1,"enemies":"Gremlin Leader","floor":29,"turns":6},{"damage":2,"enemies":"Snecko","floor":31,"turns":3},{"damage":34,"enemies":"Collector","floor":33,"turns":9},{"damage":3,"enemies":"Orb Walker","floor":35,"turns":2},{"damage":2,"enemies":"3 Shapes","floor":36,"turns":2},{"damage":3,"enemies":"Sphere and 2 Shapes","floor":39,"turns":4},{"damage":27,"enemies":"Nemesis","floor":40,"turns":11},{"damage":16,"enemies":"Giant Head","floor":42,"turns":10},{"damage":1,"enemies":"Jaw Worm Horde","floor":44,"turns":2},{"damage":2,"enemies":"Reptomancer","floor":45,"turns":7},{"damage":34,"enemies":"Maw","floor":46,"turns":8},{"damage":71,"enemies":"Donu and Deca","floor":50,"turns":8}],"seed_played":"5199475785497106392","potions_obtained":[{"floor":3,"key":"GamblersBrew"},{"floor":5,"key":"Explosive Potion"},{"floor":8,"key":"Dexterity Potion"},{"floor":18,"key":"SpeedPotion"},{"floor":22,"key":"AttackPotion"},{"floor":29,"key":"Ancient Potion"},{"floor":31,"key":"GamblersBrew"},{"floor":33,"key":"Poison Potion"},{"floor":36,"key":"Strength Potion"},{"floor":40,"key":"SteroidPotion"},{"floor":44,"key":"Block Potion"},{"floor":46,"key":"SkillPotion"}],"is_trial":false,"path_per_floor":["M","?","M","T","M","R","?","M","T","M","R","M","M","E","R","B",null,"M","M","$","M","M","E","R","?","T","R","M","E","$","M","R","B",null,"M","M","?","?","M","E","R","E","T","M","E","M","?","?","R","B"],"character_chosen":"THE_SILENT","items_purchased":["Master of Strategy","Quick Slash","PrismaticShard","Lantern"],"campfire_rested":3,"item_purchase_floors":[20,20,20,30],"current_hp_per_floor":[70,53,48,48,48,48,65,64,64,60,60,56,53,47,47,12,70,70,59,59,49,39,29,50,50,50,50,40,39,39,37,58,24,70,67,65,56,56,53,32,68,58,58,63,67,39,39,39,39,0],"gold":0,"neow_bonus":"RANDOM_COLORLESS","is_prod":false,"is_daily":false,"chose_seed":false,"campfire_upgraded":4,"win_rate":0,"timestamp":1554774380,"path_taken":["M","?","M","?","M","R","?","M","T","M","R","M","M","E","R","BOSS","M","M","$","M","M","E","R","?","T","R","M","E","$","M","R","BOSS","M","M","?","?","?","E","R","E","T","M","E","M","?","?","R","BOSS"],"build_version":"2019-01-23","purchased_purges":0,"victory":false,"max_hp_per_floor":[70,70,70,70,70,70,70,70,70,70,70,70,70,70,70,70,70,70,70,70,70,70,70,70,70,70,70,70,70,70,70,70,70,70,70,70,70,70,70,70,70,70,70,70,70,70,70,70,70,70],"card_choices":[{"not_picked":["Setup","Dodge and Roll"],"picked":"Crippling Poison","floor":1},{"not_picked":["Choke","Acrobatics"],"picked":"Dagger Throw","floor":3},{"not_picked":["Blade Dance","Prepared"],"picked":"Poisoned Stab","floor":5},{"not_picked":["PiercingWail","Poisoned Stab"],"picked":"Escape Plan","floor":8},{"not_picked":["Outmaneuver","Doppelganger"],"picked":"Footwork","floor":10},{"not_picked":["Footwork","Dagger Throw"],"picked":"Underhanded Strike","floor":12},{"not_picked":["Blade Dance","Outmaneuver"],"picked":"Heel Hook","floor":13},{"not_picked":["Sucker Punch","Masterful Stab"],"picked":"All Out Attack","floor":14},{"not_picked":["Storm of Steel","Night Terror"],"picked":"Venomology","floor":16},{"not_picked":["Slice+1","Blade Dance"],"picked":"Leg Sweep+1","floor":18},{"not_picked":["Dagger Spray","Backflip"],"picked":"Reflex","floor":19},{"not_picked":["Coolheaded","Turbo"],"picked":"Noxious Fumes","floor":21},{"not_picked":["Reprogram+1","Bane"],"picked":"Mind Blast+1","floor":22},{"not_picked":["Metallicize","Acrobatics","Choke+1"],"picked":"SKIP","floor":23},{"not_picked":["Spot Weakness+1","Hologram+1"],"picked":"Footwork+1","floor":28},{"not_picked":["Iron Wave","Impatience","Storm+1"],"picked":"SKIP","floor":29},{"not_picked":["True Grit+1","Ghostly Armor","Warcry"],"picked":"SKIP","floor":31},{"not_picked":["Meteor Strike","Amplify"],"picked":"Secret Weapon","floor":33},{"not_picked":["Defragment+1","Warcry","Havoc"],"picked":"SKIP","floor":35},{"not_picked":["Warcry","Reprogram+1"],"picked":"Shrug It Off+1","floor":36},{"not_picked":["Melter+1","Bane"],"picked":"Bandage Up+1","floor":39},{"not_picked":["Caltrops+1","Shrug It Off","Beam Cell+1"],"picked":"SKIP","floor":40},{"not_picked":["Havoc+1","Reprogram"],"picked":"Backflip+1","floor":42},{"not_picked":["Dagger Throw","Feel No Pain+1"],"picked":"Prepared","floor":44},{"not_picked":["Searing Blow","All For One","Clash+1"],"picked":"SKIP","floor":45},{"not_picked":["Ball Lightning+1","Turbo","Rupture+1"],"picked":"SKIP","floor":46},{"not_picked":["Good Instincts","Deep Breath"],"picked":"Finesse","floor":47}],"player_experience":115221,"relics_obtained":[{"floor":9,"key":"Bag of Marbles"},{"floor":14,"key":"Blue Candle"},{"floor":23,"key":"Frozen Egg 2"},{"floor":26,"key":"Gremlin Horn"},{"floor":29,"key":"Ninja Scroll"},{"floor":40,"key":"Regal Pillow"},{"floor":42,"key":"Sundial"},{"floor":43,"key":"Meat on the Bone"},{"floor":45,"key":"Pantograph"}],"event_choices":[{"damage_healed":0,"gold_gain":0,"player_choice":"Take Damage","damage_taken":17,"relics_obtained":["Golden Idol"],"max_hp_gain":0,"max_hp_loss":0,"event_name":"Golden Idol","floor":2,"gold_loss":0},{"damage_healed":17,"gold_gain":0,"player_choice":"Healed","damage_taken":0,"max_hp_gain":0,"max_hp_loss":0,"event_name":"The Cleric","floor":7,"gold_loss":35},{"damage_healed":0,"gold_gain":0,"player_choice":"Ignored","damage_taken":0,"max_hp_gain":0,"max_hp_loss":0,"event_name":"Beggar","floor":25,"gold_loss":0},{"damage_healed":0,"gold_gain":0,"player_choice":"Embrace Madness","damage_taken":9,"max_hp_gain":0,"max_hp_loss":0,"event_name":"Winding Halls","floor":37,"gold_loss":0,"cards_obtained":["Madness","Madness"]},{"damage_healed":0,"gold_gain":0,"player_choice":"Gave Potion","damage_taken":0,"relics_obtained":["Bag of Preparation"],"max_hp_gain":0,"max_hp_loss":0,"event_name":"WeMeetAgain","floor":38,"gold_loss":0},{"damage_healed":0,"gold_gain":0,"player_choice":"Memory 1","damage_taken":0,"max_hp_gain":0,"max_hp_loss":0,"event_name":"SensoryStone","floor":47,"gold_loss":0},{"damage_healed":0,"gold_gain":0,"player_choice":"Paid","damage_taken":0,"relics_obtained":["Red Mask"],"max_hp_gain":0,"max_hp_loss":0,"event_name":"Tomb of Lord Red Mask","floor":48,"gold_loss":476}],"is_beta":false,"boss_relics":[{"not_picked":["Lizard Tail","Astrolabe"],"picked":"Cursed Key"},{"not_picked":["Pandora\u0027s Box","Coffee Dripper"],"picked":"Philosopher\u0027s Stone"}],"items_purged_floors":[],"is_endless":false,"potions_floor_spawned":[3,5,8,13,18,22,29,31,33,36,40,44,46],"killed_by":"Donu and Deca","ascension_level":1}