{"gold_per_floor":[365,383,84,100,100,141,160,160,160,25,65,84,143,21,21,141,141,129,25,48,62,23,56,56,100,123,146,146,146,162,9,9,9],"floor_reached":33,"playtime":2572,"items_purged":["Normality","Normality"],"score":335,"play_id":"98adfd59-7b34-4262-98d0-9008683feb96","local_time":"20180923104416","is_ascension_mode":true,"campfire_choices":[{"data":"Shockwave","floor":8,"key":"SMITH"},{"data":"Flex","floor":15,"key":"SMITH"},{"floor":24,"key":"REST"},{"floor":28,"key":"REST"},{"floor":32,"key":"REST"}],"neow_cost":"CURSE","seed_source_timestamp":248999629091060,"circlet_count":0,"master_deck":["Strike_R","Strike_R","Strike_R","Strike_R","Strike_R","Defend_R","Defend_R","Defend_R","Defend_R","Bash","Battle Trance","Warcry","Flex","Flex+1","Shockwave+1","Blood for Blood","Flex+1","True Grit+1","Flex+1","Offering+1","Parasite","Clumsy","Flex+1","Flex+1","Cleave+1","Anger+1","Iron Wave+1","Anger+1","Perfected Strike+1","Battle Trance+1","Iron Wave+1","Metallicize","Shrug It Off+1","Thinking Ahead+1"],"relics":["Burning Blood","Membership Card","Golden Idol","Lantern","Sundial","Toxic Egg 2","Nunchaku","Molten Egg 2","Calling Bell","Regal Pillow","Question Card","Shovel","Mummified Hand","Paper Frog","Strawberry","MutagenicStrength"],"potions_floor_usage":[6,11,16,20,23,23],"damage_taken":[{"damage":8,"enemies":"Small Slimes","floor":1,"turns":4},{"damage":11,"enemies":"Jaw Worm","floor":2,"turns":3},{"damage":4,"enemies":"Cultist","floor":4,"turns":4},{"damage":20,"enemies":"Gremlin Nob","floor":6,"turns":3},{"damage":14,"enemies":"Exordium Thugs","floor":7,"turns":5},{"damage":4,"enemies":"Lagavulin","floor":11,"turns":5},{"damage":7,"enemies":"Gremlin Gang","floor":12,"turns":4},{"damage":22,"enemies":"Hexaghost","floor":16,"turns":8},{"damage":13,"enemies":"2 Thieves","floor":18,"turns":4},{"damage":13,"enemies":"Chosen","floor":20,"turns":6},{"damage":45,"enemies":"Sentry and Sphere","floor":21,"turns":5},{"damage":22,"enemies":"Gremlin Leader","floor":23,"turns":4},{"damage":44,"enemies":"Slavers","floor":25,"turns":4},{"damage":22,"enemies":"Cultist and Chosen","floor":27,"turns":6},{"damage":38,"enemies":"Snecko","floor":30,"turns":7},{"damage":58,"enemies":"Automaton","floor":33,"turns":8}],"seed_played":"7934902121258175675","potions_obtained":[{"floor":4,"key":"AttackPotion"},{"floor":7,"key":"Block Potion"},{"floor":11,"key":"SteroidPotion"},{"floor":18,"key":"Explosive Potion"},{"floor":21,"key":"SkillPotion"}],"is_trial":false,"path_per_floor":["M","M","$","M","?","E","M","R","T","$","E","M","?","$","R","B",null,"M","$","M","M","$","E","R","E","T","M","R","?","M","$","R"],"character_chosen":"IRONCLAD","items_purchased":["Membership Card","Flex","Toxic Egg 2","Flex+1","Molten Egg 2","Flex+1","Cleave+1","Regen Potion","Metallicize","Shrug It Off+1","Thinking Ahead+1"],"campfire_rested":3,"item_purchase_floors":[3,3,10,10,14,19,19,22,31,31,31],"current_hp_per_floor":[78,73,73,75,74,60,52,52,52,52,54,53,53,53,53,37,74,67,67,60,21,21,17,54,16,23,7,46,46,14,14,53,0],"gold":9,"neow_bonus":"TWO_FIFTY_GOLD","is_prod":false,"is_daily":false,"chose_seed":false,"campfire_upgraded":2,"win_rate":0,"timestamp":1537721056,"path_taken":["M","M","$","M","?","E","?","R","T","?","E","?","?","$","R","BOSS","M","$","M","M","$","E","R","E","T","M","R","?","M","$","R","BOSS"],"build_version":"2018-09-20","purchased_purges":2,"victory":false,"max_hp_per_floor":[80,80,80,80,74,74,74,74,74,74,74,74,74,74,74,74,74,74,74,74,74,74,74,74,74,81,81,81,81,81,81,81,81],"card_choices":[{"not_picked":["Heavy Blade","Perfected Strike"],"picked":"Battle Trance","floor":1},{"not_picked":["Sever Soul","Second Wind"],"picked":"Warcry","floor":2},{"not_picked":["Sever Soul","Perfected Strike"],"picked":"Flex","floor":4},{"not_picked":["Carnage","Blood for Blood"],"picked":"Shockwave","floor":6},{"not_picked":["Wild Strike","Evolve"],"picked":"Blood for Blood","floor":7},{"not_picked":["Whirlwind","Iron Wave"],"picked":"True Grit+1","floor":11},{"not_picked":["Uppercut","Twin Strike"],"picked":"Flex+1","floor":12},{"not_picked":["Fiend Fire+1","Juggernaut"],"picked":"Offering+1","floor":16},{"not_picked":["Armaments+1","Wild Strike+1","Thunderclap+1"],"picked":"Flex+1","floor":18},{"not_picked":["Bloodletting+1","Clothesline+1","Disarm+1"],"picked":"Anger+1","floor":20},{"not_picked":["Armaments+1","Flex+1","Wild Strike+1"],"picked":"Iron Wave+1","floor":21},{"not_picked":["True Grit+1","Wild Strike+1","Fire Breathing+1"],"picked":"Anger+1","floor":23},{"not_picked":["Body Slam+1","Wild Strike+1","Hemokinesis+1"],"picked":"Perfected Strike+1","floor":25},{"not_picked":["Rampage+1","True Grit+1","Cleave+1"],"picked":"Battle Trance+1","floor":27},{"not_picked":["True Grit+1","Juggernaut","Cleave+1"],"picked":"Iron Wave+1","floor":30}],"player_experience":28184,"relics_obtained":[{"floor":6,"key":"Lantern"},{"floor":9,"key":"Sundial"},{"floor":11,"key":"Nunchaku"},{"floor":17,"key":"Regal Pillow"},{"floor":17,"key":"Question Card"},{"floor":17,"key":"Shovel"},{"floor":23,"key":"Mummified Hand"},{"floor":25,"key":"Paper Frog"},{"floor":26,"key":"Strawberry"}],"event_choices":[{"event_name":"Golden Idol","player_choice":"Lose Max HP","floor":5,"damage_taken":0},{"event_name":"Golden Wing","player_choice":"Gained Gold","floor":13,"damage_taken":0},{"event_name":"Drug Dealer","player_choice":"Inject Mutagens","floor":29,"damage_taken":0}],"is_beta":false,"boss_relics":[{"not_picked":["Eternal Feather","Snecko Eye"],"picked":"Calling Bell"}],"items_purged_floors":[3,19],"is_endless":false,"potions_floor_spawned":[4,7,11,18,21],"killed_by":"Automaton","ascension_level":1}