{"gold_per_floor":[111,130,130,149,159,159,159,159,159,179,179,194,222,232,232,331,331,348,1,16,16,34,60,60,60,84,102,114,127,138,138,138,138],"floor_reached":33,"playtime":1749,"items_purged":[],"score":273,"play_id":"fce016de-ef27-4b2d-a0c2-9378118bd841","local_time":"20190609010031","is_ascension_mode":false,"campfire_choices":[{"data":"Barrage","floor":6.0,"key":"SMITH"},{"data":"Zap","floor":8.0,"key":"SMITH"},{"data":"Coolheaded","floor":11.0,"key":"SMITH"},{"floor":15.0,"key":"REST"},{"floor":25.0,"key":"REST"},{"floor":32,"key":"REST"}],"neow_cost":"NONE","seed_source_timestamp":49278250522911,"circlet_count":0,"master_deck":["Strike_B","Strike_B","Strike_B","Defend_B","Defend_B","Defend_B","Defend_B","Zap+1","Dualcast","Coolheaded+1","Coolheaded","Barrage+1","Zap+1","Leap","Streamline","Gash","Sweeping Beam","Leap","J.A.X.","Hologram","Conserve Battery","Go for the Eyes+1"],"special_seed":0,"relics":["Cracked Core","Darkstone Periapt","Meat on the Bone","Lizard Tail","Vajra","Toy Ornithopter","Kunai","Blood Vial"],"potions_floor_usage":[33,33],"damage_taken":[{"damage":0.0,"enemies":"Small Slimes","floor":1.0,"turns":3.0},{"damage":2.0,"enemies":"2 Louse","floor":2.0,"turns":2.0},{"damage":0.0,"enemies":"Cultist","floor":4.0,"turns":4.0},{"damage":3.0,"enemies":"3 Louse","floor":5.0,"turns":3.0},{"damage":4.0,"enemies":"2 Fungi Beasts","floor":10.0,"turns":3.0},{"damage":0.0,"enemies":"Looter","floor":12.0,"turns":3.0},{"damage":14.0,"enemies":"Lagavulin","floor":13.0,"turns":5.0},{"damage":0.0,"enemies":"Blue Slaver","floor":14.0,"turns":2.0},{"damage":9.0,"enemies":"Slime Boss","floor":16.0,"turns":8.0},{"damage":5.0,"enemies":"Chosen","floor":18.0,"turns":4.0},{"damage":13.0,"enemies":"Spheric Guardian","floor":20.0,"turns":4.0},{"damage":26.0,"enemies":"Colosseum Slavers","floor":21.0,"turns":3.0},{"damage":9.0,"enemies":"Shelled Parasite and Fungi","floor":22.0,"turns":6.0},{"damage":49.0,"enemies":"Book of Stabbing","floor":23.0,"turns":8.0},{"damage":18.0,"enemies":"Chosen and Byrds","floor":27.0,"turns":6.0},{"damage":8.0,"enemies":"Centurion and Healer","floor":28.0,"turns":6.0},{"damage":28,"enemies":"Snake Plant","floor":29,"turns":5},{"damage":22,"enemies":"Chosen and Byrds","floor":30,"turns":7},{"damage":75,"enemies":"Automaton","floor":33,"turns":6}],"seed_played":"-8102818727126188371","potions_obtained":[{"floor":5.0,"key":"Energy Potion"},{"floor":12.0,"key":"Ancient Potion"},{"floor":13.0,"key":"Poison Potion"},{"floor":16.0,"key":"AttackPotion"},{"floor":22.0,"key":"GamblersBrew"},{"floor":23.0,"key":"LiquidBronze"},{"floor":28.0,"key":"Poison Potion"}],"is_trial":false,"path_per_floor":["M","M","?","M","M","R","?","R","T","M","R","M","E","M","R","B",null,"M","$","M","?","M","E","?","R","T","M","M","M","M","?","R","B"],"character_chosen":"DEFECT","items_purchased":["Vajra","Toy Ornithopter"],"campfire_rested":3,"item_purchase_floors":[19,19],"current_hp_per_floor":[75,73,66,66,63,63,63,63,63,59,59,59,45,45,67,58,75,70,70,62,48,44,49,49,71,71,60,54,40,32,32,54,0],"gold":138,"neow_bonus":"UPGRADE_CARD","is_prod":false,"is_daily":false,"chose_seed":false,"campfire_upgraded":3,"win_rate":0,"timestamp":1560031231,"path_taken":["M","M","?","M","M","R","?","R","T","M","R","M","E","?","R","BOSS","M","$","M","?","M","E","?","R","T","M","M","M","M","?","R","BOSS"],"build_version":"2019-01-23","purchased_purges":0,"victory":false,"max_hp_per_floor":[75,75,75,75,75,75,75,75,75,75,75,75,75,75,75,75,75,75,75,75,75,75,75,75,75,75,75,75,75,75,75,75,75],"card_choices":[{"not_picked":["Hologram","Ball Lightning"],"picked":"Coolheaded","floor":1.0},{"not_picked":["Doom and Gloom","Rebound"],"picked":"Coolheaded","floor":2.0},{"not_picked":["Defragment","Turbo"],"picked":"Barrage","floor":4.0},{"not_picked":["Turbo","Reinforced Body","All For One"],"picked":"SKIP","floor":5.0},{"not_picked":["Rebound","Hologram"],"picked":"Leap","floor":10.0},{"not_picked":["Tempest","Recycle"],"picked":"Streamline","floor":12.0},{"not_picked":["Echo Form","White Noise"],"picked":"Gash","floor":13.0},{"not_picked":["Barrage","Static Discharge"],"picked":"Sweeping Beam","floor":14.0},{"not_picked":["Reinforced Body","Coolheaded","Lockon"],"picked":"SKIP","floor":18.0},{"not_picked":["Barrage","Compile Driver","Coolheaded"],"picked":"SKIP","floor":20.0},{"not_picked":["Thunder Strike","Coolheaded"],"picked":"Leap","floor":22.0},{"not_picked":["Barrage+1","Tempest","Melter+1"],"picked":"SKIP","floor":23.0},{"not_picked":["Steam","Coolheaded"],"picked":"Hologram","floor":27.0},{"not_picked":["Auto Shields+1","Buffer"],"picked":"Conserve Battery","floor":28.0},{"not_picked":["Turbo","Sunder"],"picked":"Go for the Eyes+1","floor":29},{"not_picked":["Go for the Eyes","Double Energy+1","Ball Lightning"],"picked":"SKIP","floor":30}],"player_experience":901618,"relics_obtained":[{"floor":9.0,"key":"Darkstone Periapt"},{"floor":13.0,"key":"Meat on the Bone"},{"floor":23.0,"key":"Kunai"},{"floor":26.0,"key":"Blood Vial"}],"event_choices":[{"cards_removed":["Strike_B"],"damage_healed":0.0,"max_hp_gain":0.0,"max_hp_loss":0.0,"gold_gain":0.0,"event_name":"Golden Wing","player_choice":"Card Removal","floor":3.0,"gold_loss":0.0,"damage_taken":7.0},{"damage_healed":0.0,"max_hp_gain":0.0,"max_hp_loss":0.0,"gold_gain":0.0,"event_name":"Match and Keep!","player_choice":"1 cards matched","floor":7.0,"gold_loss":0.0,"damage_taken":0.0,"cards_obtained":["Zap"]},{"damage_healed":0.0,"max_hp_gain":0.0,"max_hp_loss":0.0,"gold_gain":0.0,"event_name":"Colosseum","player_choice":"Fight","floor":21.0,"gold_loss":0.0,"damage_taken":0.0},{"damage_healed":0.0,"max_hp_gain":0.0,"max_hp_loss":0.0,"gold_gain":0.0,"event_name":"Colosseum","player_choice":"Fled From Nobs","floor":21.0,"gold_loss":0.0,"damage_taken":0.0},{"damage_healed":0.0,"max_hp_gain":0.0,"max_hp_loss":0.0,"gold_gain":0.0,"event_name":"Drug Dealer","player_choice":"Obtain J.A.X.","floor":24.0,"gold_loss":0.0,"damage_taken":0.0,"cards_obtained":["J.A.X."]},{"damage_healed":0,"gold_gain":0,"player_choice":"Ignored","damage_taken":0,"max_hp_gain":0,"max_hp_loss":0,"event_name":"Ghosts","floor":31,"gold_loss":0}],"is_beta":false,"boss_relics":[{"not_picked":["Coffee Dripper","Pandora\u0027s Box"],"picked":"Lizard Tail"}],"items_purged_floors":[],"is_endless":false,"potions_floor_spawned":[5,12,13,14,16,22,23,28],"killed_by":"Automaton","ascension_level":0}