{"gold_per_floor":[117,127,13,30,30,57,7,34,59,9,9,38,50,72,84,196,208,233,258,320,347,375,414,426,438,497,543,571,611,638,663,675,783,795,823,847,326,337,357,357,367,395,395,395,427,427,439,439,439,439],"floor_reached":51,"playtime":3628,"items_purged":["Strike_G","Strike_G","Strike_G","Defend_G"],"score":801,"play_id":"71e5354b-bf55-4291-9cf7-acfbf249c26d","local_time":"20181109204359","is_ascension_mode":true,"campfire_choices":[{"floor":11,"key":"REST"},{"floor":15,"key":"REST"},{"floor":24,"key":"REST"},{"floor":32,"key":"REST"},{"floor":40,"key":"REST"},{"floor":44,"key":"REST"},{"floor":46,"key":"REST"},{"data":"Adrenaline","floor":49,"key":"SMITH"}],"neow_cost":"NONE","seed_source_timestamp":451349146422559,"circlet_count":0,"master_deck":["Defend_G","Defend_G","Defend_G","Defend_G","Survivor","Neutralize","Poisoned Stab","Bouncing Flask","Deadly Poison","Noxious Fumes","Dagger Throw","Poisoned Stab","Leg Sweep","Sucker Punch","Dodge and Roll","Adrenaline+1","Crippling Poison+1","Cloak And Dagger","Deadly Poison","Sucker Punch+1","Poisoned Stab","Cloak And Dagger+1","Backflip","PiercingWail+1","Tools of the Trade","Predator+1","PiercingWail+1","Bane","Jack Of All Trades","Deflect+1","Endless Agony+1","Well Laid Plans+1","Parasite","Escape Plan+1"],"relics":["Ring of the Snake","Smiling Mask","Regal Pillow","MawBank","Ornamental Fan","Sozu","Ancient Tea Set","Nloth\u0027s Gift","Pen Nib","Blue Candle","Paper Crane","Empty Cage","Bronze Scales","Lee\u0027s Waffle","Bag of Marbles","Sundial","Shuriken"],"potions_floor_usage":[8,16,16,50],"damage_taken":[{"damage":1,"enemies":"Cultist","floor":1,"turns":4},{"damage":0,"enemies":"Jaw Worm","floor":2,"turns":3},{"damage":6,"enemies":"2 Louse","floor":4,"turns":2},{"damage":20,"enemies":"Gremlin Nob","floor":6,"turns":4},{"damage":11,"enemies":"Lagavulin","floor":8,"turns":5},{"damage":8,"enemies":"Gremlin Nob","floor":12,"turns":4},{"damage":11,"enemies":"Exordium Thugs","floor":14,"turns":5},{"damage":3,"enemies":"The Guardian","floor":16,"turns":9},{"damage":0,"enemies":"Chosen","floor":18,"turns":4},{"damage":0,"enemies":"Shell Parasite","floor":19,"turns":5},{"damage":0,"enemies":"Centurion and Healer","floor":21,"turns":6},{"damage":10,"enemies":"Snecko","floor":22,"turns":5},{"damage":20,"enemies":"Gremlin Leader","floor":23,"turns":6},{"damage":19,"enemies":"Slavers","floor":27,"turns":5},{"damage":14,"enemies":"3 Cultists","floor":28,"turns":5},{"damage":5,"enemies":"Book of Stabbing","floor":29,"turns":6},{"damage":1,"enemies":"Chosen and Byrds","floor":30,"turns":5},{"damage":4,"enemies":"Cultist and Chosen","floor":31,"turns":6},{"damage":42,"enemies":"Automaton","floor":33,"turns":12},{"damage":6,"enemies":"3 Darklings","floor":35,"turns":6},{"damage":0,"enemies":"3 Shapes","floor":36,"turns":4},{"damage":25,"enemies":"Spire Growth","floor":38,"turns":6},{"damage":12,"enemies":"3 Darklings","floor":39,"turns":4},{"damage":2,"enemies":"Jaw Worm Horde","floor":41,"turns":5},{"damage":43,"enemies":"Giant Head","floor":42,"turns":10},{"damage":30,"enemies":"Nemesis","floor":45,"turns":7},{"damage":0,"enemies":"Writhing Mass","floor":47,"turns":5},{"damage":38,"enemies":"Time Eater","floor":50,"turns":13}],"seed_played":"6899255502984592418","potions_obtained":[{"floor":2,"key":"Dexterity Potion"},{"floor":4,"key":"GhostInAJar"},{"floor":6,"key":"AttackPotion"},{"floor":16,"key":"Dexterity Potion"}],"is_trial":false,"path_per_floor":["M","M","$","M","$","E","$","E","T","$","R","E","T","M","R","B",null,"M","M","?","M","M","E","R","?","T","E","M","E","M","M","R","B",null,"M","M","$","M","M","R","M","E","T","R","E","R","M","?","R","B",null],"character_chosen":"THE_SILENT","items_purchased":["Noxious Fumes","Bronze Scales","Lee\u0027s Waffle","Bane","Jack Of All Trades"],"campfire_rested":7,"item_purchase_floors":[3,37,37,37,37],"current_hp_per_floor":[69,69,69,63,63,43,43,32,32,32,68,60,60,49,70,67,70,70,70,70,70,60,40,70,70,70,51,37,32,31,27,63,21,70,64,64,77,52,40,77,75,32,32,70,40,77,77,77,77,39],"gold":439,"neow_bonus":"THREE_CARDS","is_prod":false,"is_daily":false,"chose_seed":false,"campfire_upgraded":1,"win_rate":0,"timestamp":1541785439,"path_taken":["M","M","$","M","$","E","?","E","T","$","R","E","?","M","R","BOSS","M","M","?","M","?","E","R","?","T","E","?","E","M","M","R","BOSS","M","M","$","M","M","R","M","E","T","R","E","R","M","?","R","BOSS"],"build_version":"2018-11-08","purchased_purges":4,"victory":true,"max_hp_per_floor":[70,70,70,70,70,70,70,70,70,70,70,70,70,70,70,70,70,70,70,70,70,70,70,70,70,70,70,70,70,70,70,70,70,70,70,70,77,77,77,77,77,77,77,77,77,77,77,77,77,77],"card_choices":[{"not_picked":["Caltrops","Slice"],"picked":"Poisoned Stab","floor":0},{"not_picked":["Deadly Poison","Outmaneuver"],"picked":"Bouncing Flask","floor":1},{"not_picked":["Slice","Tactician"],"picked":"Deadly Poison","floor":2},{"not_picked":["Predator","Flying Knee"],"picked":"Dagger Throw","floor":4},{"not_picked":["Unload","Quick Slash"],"picked":"Poisoned Stab","floor":6},{"not_picked":["All Out Attack","Accuracy"],"picked":"Leg Sweep","floor":8},{"not_picked":["Terror","Infinite Blades"],"picked":"Sucker Punch","floor":12},{"not_picked":["Bouncing Flask","Calculated Gamble"],"picked":"Dodge and Roll","floor":14},{"not_picked":["Die Die Die","A Thousand Cuts"],"picked":"Adrenaline","floor":16},{"not_picked":["Reflex","Sucker Punch","Underhanded Strike"],"picked":"SKIP","floor":18},{"not_picked":["Flying Knee","Acrobatics+1"],"picked":"Crippling Poison+1","floor":19},{"not_picked":["Outmaneuver","Envenom"],"picked":"Cloak And Dagger","floor":21},{"not_picked":["Dagger Spray","Distraction"],"picked":"Deadly Poison","floor":22},{"not_picked":["Expertise","Prepared"],"picked":"Sucker Punch+1","floor":23},{"not_picked":["Die Die Die","Deadly Poison"],"picked":"Poisoned Stab","floor":27},{"not_picked":["Underhanded Strike","Poisoned Stab","Riddle With Holes"],"picked":"SKIP","floor":28},{"not_picked":["Phantasmal Killer","Dodge and Roll"],"picked":"Cloak And Dagger+1","floor":29},{"not_picked":["Dagger Throw","Choke"],"picked":"Backflip","floor":30},{"not_picked":["Quick Slash+1","A Thousand Cuts"],"picked":"PiercingWail+1","floor":31},{"not_picked":["Night Terror","Glass Knife"],"picked":"Tools of the Trade","floor":33},{"not_picked":["Acrobatics+1","Underhanded Strike+1"],"picked":"Predator+1","floor":35},{"not_picked":["Grand Finale","Dagger Throw"],"picked":"PiercingWail+1","floor":36},{"not_picked":["Dagger Spray+1","Dagger Throw"],"picked":"Deflect+1","floor":38},{"not_picked":["Envenom","Sucker Punch+1","Reflex"],"picked":"SKIP","floor":39},{"not_picked":["All Out Attack+1","Slice+1","Underhanded Strike+1"],"picked":"SKIP","floor":41},{"not_picked":["Dagger Spray","Flying Knee"],"picked":"Endless Agony+1","floor":42},{"not_picked":["Deflect","Dagger Throw+1"],"picked":"Well Laid Plans+1","floor":45},{"not_picked":["Deflect+1","Escape Plan+1","Outmaneuver"],"picked":"SKIP","floor":47},{"not_picked":["Deflect+1","Outmaneuver"],"picked":"Escape Plan+1","floor":47}],"player_experience":293559,"relics_obtained":[{"floor":6,"key":"Smiling Mask"},{"floor":8,"key":"Anchor"},{"floor":9,"key":"Regal Pillow"},{"floor":12,"key":"MawBank"},{"floor":13,"key":"Ornamental Fan"},{"floor":23,"key":"Ancient Tea Set"},{"floor":26,"key":"Pen Nib"},{"floor":27,"key":"Blue Candle"},{"floor":29,"key":"Paper Crane"},{"floor":42,"key":"Bag of Marbles"},{"floor":43,"key":"Sundial"},{"floor":45,"key":"Shuriken"}],"event_choices":[{"damage_healed":0,"gold_gain":100,"player_choice":"Bet on Murderer","damage_taken":0,"max_hp_gain":0,"max_hp_loss":0,"event_name":"The Joust","floor":20,"gold_loss":50},{"damage_healed":0,"gold_gain":0,"player_choice":"Traded Relic","damage_taken":0,"relics_obtained":["Nloth\u0027s Gift"],"max_hp_gain":0,"max_hp_loss":0,"event_name":"N\u0027loth","floor":25,"relics_lost":["Anchor"],"gold_loss":0},{"damage_healed":0,"gold_gain":0,"player_choice":"Memory 1","damage_taken":0,"max_hp_gain":0,"max_hp_loss":0,"event_name":"SensoryStone","floor":48,"gold_loss":0}],"is_beta":false,"boss_relics":[{"not_picked":["Coffee Dripper","Ring of the Serpent"],"picked":"Sozu"},{"not_picked":["Philosopher\u0027s Stone","Tiny House"],"picked":"Empty Cage"}],"items_purged_floors":[3,7,10,37],"is_endless":false,"potions_floor_spawned":[2,4,6,16,21,23,27,29,31,33,36,38,39,42,47],"ascension_level":1}