{"gold_per_floor":[117,44,57,57,68,68,68,68,68,68,100,111,36,61,61,164,164,180,105,105,117,17,17,36,36,107,107,107,107,132,166,166,262,262,275,275,4,226,226,226,6,25,25,25,43,43,43,62,62,62],"floor_reached":51,"playtime":2785,"items_purged":["Strike_G","Defend_G","Defend_G"],"score":682,"play_id":"e607b573-1ad8-44a5-907f-5a634d5302c9","local_time":"20181031212341","is_ascension_mode":false,"campfire_choices":[{"data":"Footwork","floor":6,"key":"SMITH"},{"floor":10,"key":"REST"},{"floor":15,"key":"REST"},{"data":"Neutralize","floor":23,"key":"SMITH"},{"data":"Deadly Poison","floor":25,"key":"SMITH"},{"data":"Bane","floor":28,"key":"SMITH"},{"floor":32,"key":"REST"},{"floor":40,"key":"REST"},{"data":"Bouncing Flask","floor":44,"key":"SMITH"},{"data":"Catalyst","floor":47,"key":"SMITH"},{"floor":49,"key":"REST"}],"neow_cost":"NONE","seed_source_timestamp":65652402644761,"circlet_count":0,"master_deck":["Survivor","Neutralize+1","Poisoned Stab","Noxious Fumes+1","Deadly Poison+1","Footwork+1","Well Laid Plans","Leg Sweep","Dash+1","Deflect+1","Deflect","Dodge and Roll","Bane+1","Deadly Poison","Burst","Dodge and Roll","A Thousand Cuts","Catalyst+1","Bouncing Flask+1"],"relics":["Ring of the Snake","Dream Catcher","Du-Vu Doll","Oddly Smooth Stone","Astrolabe","Darkstone Periapt","Potion Belt","Red Mask","Empty Cage","Blood Vial","Happy Flower","Pear"],"potions_floor_usage":[11,30,31,50,50,50,50],"damage_taken":[{"damage":0,"enemies":"Small Slimes","floor":1,"turns":4},{"damage":7,"enemies":"Cultist","floor":3,"turns":4},{"damage":1,"enemies":"2 Louse","floor":5,"turns":3},{"damage":14,"enemies":"3 Sentries","floor":11,"turns":6},{"damage":4,"enemies":"Blue Slaver","floor":12,"turns":4},{"damage":16,"enemies":"Hexaghost","floor":16,"turns":10},{"damage":0,"enemies":"Shell Parasite","floor":18,"turns":5},{"damage":0,"enemies":"Chosen","floor":21,"turns":6},{"damage":7,"enemies":"Snecko","floor":24,"turns":7},{"damage":7,"enemies":"Book of Stabbing","floor":30,"turns":7},{"damage":27,"enemies":"Masked Bandits","floor":31,"turns":5},{"damage":34,"enemies":"Collector","floor":33,"turns":9},{"damage":32,"enemies":"3 Shapes","floor":35,"turns":5},{"damage":4,"enemies":"Orb Walker","floor":42,"turns":4},{"damage":13,"enemies":"4 Shapes","floor":45,"turns":5},{"damage":6,"enemies":"Spire Growth","floor":48,"turns":4},{"damage":77,"enemies":"Awakened One","floor":50,"turns":22}],"seed_played":"2569049187612819714","potions_obtained":[{"floor":3,"key":"Strength Potion"},{"floor":11,"key":"Regen Potion"},{"floor":24,"key":"Ancient Potion"},{"floor":31,"key":"SpeedPotion"},{"floor":33,"key":"Swift Potion"},{"floor":45,"key":"Explosive Potion"},{"floor":48,"key":"SkillPotion"}],"is_trial":false,"path_per_floor":["M","$","M","?","M","R","?","?","T","R","E","M","$","T","R","B",null,"M","?","?","M","$","R","M","R","T","?","R","$","E","?","R","B",null,"M","?","$","?","?","R","$","M","T","R","M","$","R","M","R","B"],"character_chosen":"THE_SILENT","items_purchased":["Noxious Fumes","Blood Vial","Bouncing Flask","Happy Flower"],"campfire_rested":5,"item_purchase_floors":[2,37,41,41],"current_hp_per_floor":[77,77,70,70,69,69,69,69,69,77,63,59,59,59,77,61,77,77,77,77,77,77,77,70,70,70,70,70,70,76,49,72,38,77,45,45,45,45,45,68,68,66,76,76,65,65,65,61,87,10],"gold":62,"neow_bonus":"TEN_PERCENT_HP_BONUS","is_prod":false,"is_daily":false,"chose_seed":false,"campfire_upgraded":6,"win_rate":0,"timestamp":1541010221,"path_taken":["M","$","M","?","M","R","?","?","T","R","E","M","$","?","R","BOSS","M","?","?","M","$","R","M","R","T","?","R","$","E","?","R","BOSS","M","?","$","?","?","R","?","M","T","R","M","$","R","M","R","BOSS"],"build_version":"2018-10-25v2","purchased_purges":3,"victory":true,"max_hp_per_floor":[77,77,77,77,77,77,77,77,77,77,77,77,77,77,77,77,77,77,77,77,77,77,77,77,77,77,77,77,77,77,77,77,77,77,77,77,77,77,77,77,77,77,87,87,87,87,87,87,87,87],"card_choices":[{"not_picked":["Finisher","Dodge and Roll"],"picked":"Poisoned Stab","floor":1},{"not_picked":["Outmaneuver","Underhanded Strike"],"picked":"Deadly Poison","floor":3},{"not_picked":["Skewer","Cloak And Dagger"],"picked":"Footwork","floor":5},{"not_picked":["Cloak And Dagger","Acrobatics"],"picked":"Well Laid Plans","floor":11},{"not_picked":["Quick Slash","Skewer"],"picked":"Leg Sweep","floor":12},{"not_picked":["Underhanded Strike+1","Escape Plan"],"picked":"Deflect","floor":18},{"not_picked":["Deflect","Sucker Punch"],"picked":"Dodge and Roll","floor":21},{"not_picked":["Prepared","PiercingWail+1","Underhanded Strike+1"],"picked":"SKIP","floor":24},{"not_picked":["Die Die Die","Caltrops"],"picked":"Deadly Poison","floor":30},{"not_picked":["Dash","Underhanded Strike"],"picked":"Catalyst+1","floor":31},{"not_picked":["Night Terror","Storm of Steel"],"picked":"Burst","floor":33},{"not_picked":["Prepared+1","Backstab"],"picked":"Dodge and Roll","floor":35},{"not_picked":["Prepared","Backflip+1"],"picked":"Catalyst","floor":40},{"not_picked":["Prepared+1","Masterful Stab+1","Eviscerate+1"],"picked":"SKIP","floor":42},{"not_picked":["Acrobatics","Caltrops","Outmaneuver+1"],"picked":"SKIP","floor":45},{"not_picked":["Acrobatics+1","Slice","Sucker Punch+1"],"picked":"SKIP","floor":48}],"player_experience":245092,"relics_obtained":[{"floor":9,"key":"Dream Catcher"},{"floor":11,"key":"Du-Vu Doll"},{"floor":14,"key":"Oddly Smooth Stone"},{"floor":26,"key":"Darkstone Periapt"},{"floor":30,"key":"Potion Belt"},{"floor":31,"key":"Red Mask"},{"floor":43,"key":"Pear"}],"event_choices":[{"damage_healed":0,"gold_gain":0,"player_choice":"Forge","damage_taken":0,"max_hp_gain":0,"max_hp_loss":0,"event_name":"Accursed Blacksmith","floor":4,"gold_loss":0,"cards_upgraded":["Noxious Fumes"]},{"cards_removed":["Strike_G"],"damage_healed":0,"gold_gain":0,"player_choice":"Forget","damage_taken":0,"max_hp_gain":0,"max_hp_loss":0,"event_name":"Living Wall","floor":7,"gold_loss":0},{"damage_healed":0,"gold_gain":0,"player_choice":"Ignored","damage_taken":0,"max_hp_gain":0,"max_hp_loss":0,"event_name":"Liars Game","floor":8,"gold_loss":0},{"cards_removed":["Phantasmal Killer"],"damage_healed":0,"gold_gain":0,"player_choice":"Gave Gold","damage_taken":0,"max_hp_gain":0,"max_hp_loss":0,"event_name":"Beggar","floor":19,"gold_loss":75},{"damage_healed":0,"gold_gain":0,"player_choice":"Ignored","damage_taken":0,"max_hp_gain":0,"max_hp_loss":0,"event_name":"Vampires","floor":20,"gold_loss":0},{"damage_healed":0,"gold_gain":0,"player_choice":"Read","damage_taken":0,"max_hp_gain":0,"max_hp_loss":0,"event_name":"The Library","floor":27,"gold_loss":0,"cards_obtained":["Bane"]},{"damage_healed":0,"gold_gain":0,"player_choice":"Fought Bandits","damage_taken":0,"max_hp_gain":0,"max_hp_loss":0,"event_name":"Masked Bandits","floor":31,"gold_loss":0},{"cards_removed":["Catalyst"],"damage_healed":0,"gold_gain":0,"player_choice":"Removed Skill","damage_taken":0,"max_hp_gain":0,"max_hp_loss":0,"event_name":"Falling","floor":36,"gold_loss":0},{"damage_healed":0,"gold_gain":222,"player_choice":"Wore Mask","damage_taken":0,"max_hp_gain":0,"max_hp_loss":0,"event_name":"Tomb of Lord Red Mask","floor":38,"gold_loss":0},{"damage_healed":0,"gold_gain":0,"cards_transformed":["Defend_G"],"player_choice":"Transformed","damage_taken":0,"max_hp_gain":0,"max_hp_loss":0,"event_name":"Transmorgrifier","floor":39,"gold_loss":0,"cards_obtained":["A Thousand Cuts"]}],"is_beta":false,"boss_relics":[{"not_picked":["Fusion Hammer","Runic Dome"],"picked":"Astrolabe"},{"not_picked":["Ring of the Serpent","Cursed Key"],"picked":"Empty Cage"}],"items_purged_floors":[13,22,37],"is_endless":false,"potions_floor_spawned":[3,11,24,31,33,45,48],"ascension_level":0}