{"gold_per_floor":[13,13,188,198,198,228,228,259,283,283],"floor_reached":10,"playtime":1143,"items_purged":[],"score":74,"play_id":"3406f73e-204d-4bb6-a1fb-63aa2c90f9e3","local_time":"20190522184253","is_ascension_mode":false,"campfire_choices":[{"data":"After Image","floor":7,"key":"SMITH"}],"neow_cost":"NO_GOLD","seed_source_timestamp":583334619755600,"circlet_count":0,"master_deck":["Defend_G","Defend_G","Defend_G","Defend_G","Defend_G","Strike_G","Strike_G","Strike_G","Strike_G","Strike_G","Survivor","Neutralize","After Image+1","Acrobatics","Backflip","Prepared","Prepared"],"relics":["Ring of the Snake","Strawberry","Regal Pillow","Happy Flower"],"potions_floor_usage":[6,8],"damage_taken":[{"damage":0,"enemies":"Jaw Worm","floor":1,"turns":6},{"damage":3,"enemies":"Small Slimes","floor":4,"turns":8},{"damage":59,"enemies":"Gremlin Nob","floor":6,"turns":7},{"damage":3,"enemies":"3 Sentries","floor":8,"turns":13}],"seed_played":"-7981464357666673006","potions_obtained":[{"floor":4,"key":"SteroidPotion"},{"floor":6,"key":"PowerPotion"}],"is_trial":false,"path_per_floor":["M","?","?","M","?","E","R","E","T","?"],"character_chosen":"THE_SILENT","items_purchased":[],"campfire_rested":0,"item_purchase_floors":[],"current_hp_per_floor":[70,70,70,67,67,15,15,12,12,0],"gold":283,"neow_bonus":"THREE_RARE_CARDS","is_prod":false,"is_daily":false,"chose_seed":false,"campfire_upgraded":1,"win_rate":0,"timestamp":1558564973,"path_taken":["M","?","?","M","?","E","R","E","T","?"],"build_version":"2019-01-23","purchased_purges":0,"victory":false,"max_hp_per_floor":[70,70,70,70,70,77,77,77,77,77],"card_choices":[{"not_picked":["Corpse Explosion","Envenom"],"picked":"After Image","floor":0},{"not_picked":["Heel Hook","Poisoned Stab"],"picked":"Acrobatics","floor":1},{"not_picked":["Dagger Throw","All Out Attack"],"picked":"Backflip","floor":4},{"not_picked":["Wraith Form v2","Setup"],"picked":"Prepared","floor":6},{"not_picked":["Cloak And Dagger","Outmaneuver"],"picked":"Prepared","floor":8}],"player_experience":865678,"relics_obtained":[{"floor":6,"key":"Strawberry"},{"floor":8,"key":"Regal Pillow"},{"floor":9,"key":"Happy Flower"}],"event_choices":[{"damage_healed":0,"gold_gain":0,"player_choice":"Leave","damage_taken":0,"max_hp_gain":0,"max_hp_loss":0,"event_name":"The Cleric","floor":2,"gold_loss":0},{"damage_healed":0,"gold_gain":175,"player_choice":"AGREE","damage_taken":0,"max_hp_gain":0,"max_hp_loss":0,"event_name":"Liars Game","floor":3,"gold_loss":0,"cards_obtained":["Doubt"]},{"cards_removed":["Doubt"],"damage_healed":0,"gold_gain":0,"player_choice":"Forget","damage_taken":0,"max_hp_gain":0,"max_hp_loss":0,"event_name":"Living Wall","floor":5,"gold_loss":0}],"is_beta":false,"boss_relics":[],"items_purged_floors":[],"is_endless":false,"potions_floor_spawned":[4,6],"ascension_level":0}