{"gold_per_floor":[110,110,129,141,141,169,169,78,78,105,119,119,150,168,168,270,270,283,283,32,32,52,52,84,84,163,180,213,229,229,254,254,352,352,368,100,120,168,178,178,204,204,204,217,235,84,101,101,101,101],"floor_reached":50,"playtime":2709,"items_purged":["Defend_R"],"score":633,"play_id":"e910e2c3-70c3-4b95-94d2-2c3dc1b5e4c4","local_time":"20190412095658","is_ascension_mode":true,"campfire_choices":[{"data":"Rampage","floor":7,"key":"SMITH"},{"data":"Pommel Strike","floor":12,"key":"SMITH"},{"data":"Shockwave","floor":15,"key":"SMITH"},{"data":"Armaments","floor":23,"key":"SMITH"},{"data":"1","floor":30,"key":"LIFT"},{"data":"2","floor":32,"key":"LIFT"},{"data":"3","floor":40,"key":"LIFT"},{"floor":42,"key":"RECALL"},{"floor":49,"key":"DIG"}],"neow_cost":"NONE","seed_source_timestamp":54523310357824,"circlet_count":0,"master_deck":["Strike_R","Strike_R","Strike_R","Strike_R","Defend_R+1","Defend_R","Defend_R+1","Bash","Clothesline+1","Rampage+1","Shockwave+1","Seeing Red","Pommel Strike","Infernal Blade","Cleave","Pommel Strike+1","Berserk","Shrug It Off","Brutality","Perfected Strike","Bash","Perfected Strike","Armaments+1","Fire Breathing","RitualDagger","Armaments+1","Clash+1","Flex","Shrug It Off","Feed","Armaments+1","Apotheosis","Battle Trance","Flex+1","Warcry+1","Fire Breathing+1","Inflame+1","Mayhem+1"],"relics":["Burning Blood","Magic Flower","Pen Nib","Vajra","Sozu","Orichalcum","Girya","Kunai","Shovel","Centennial Puzzle","Coffee Dripper","Du-Vu Doll","War Paint","Frozen Egg 2","Strawberry","Bag of Marbles"],"potions_floor_usage":[14,16,16],"damage_taken":[{"damage":5,"enemies":"Small Slimes","floor":1,"turns":3},{"damage":4,"enemies":"Cultist","floor":3,"turns":3},{"damage":3,"enemies":"Jaw Worm","floor":4,"turns":3},{"damage":46,"enemies":"3 Sentries","floor":6,"turns":10},{"damage":26,"enemies":"Lagavulin","floor":10,"turns":4},{"damage":13,"enemies":"Large Slime","floor":11,"turns":4},{"damage":18,"enemies":"3 Sentries","floor":13,"turns":6},{"damage":0,"enemies":"Exordium Thugs","floor":14,"turns":2},{"damage":10,"enemies":"Slime Boss","floor":16,"turns":8},{"damage":6,"enemies":"3 Byrds","floor":18,"turns":4},{"damage":7,"enemies":"2 Thieves","floor":22,"turns":3},{"damage":13,"enemies":"Gremlin Leader","floor":24,"turns":5},{"damage":0,"enemies":"Cultist and Chosen","floor":27,"turns":4},{"damage":10,"enemies":"Book of Stabbing","floor":28,"turns":5},{"damage":20,"enemies":"Sentry and Sphere","floor":29,"turns":4},{"damage":52,"enemies":"Collector","floor":33,"turns":7},{"damage":24,"enemies":"3 Shapes","floor":35,"turns":3},{"damage":5,"enemies":"Orb Walker","floor":37,"turns":2},{"damage":59,"enemies":"2 Orb Walkers","floor":38,"turns":6},{"damage":14,"enemies":"Sphere and 2 Shapes","floor":39,"turns":4},{"damage":4,"enemies":"Reptomancer","floor":41,"turns":4},{"damage":17,"enemies":"Spire Growth","floor":44,"turns":3},{"damage":0,"enemies":"Maw","floor":45,"turns":6},{"damage":4,"enemies":"Jaw Worm Horde","floor":47,"turns":3},{"damage":83,"enemies":"Donu and Deca","floor":50,"turns":4}],"seed_played":"-836729279730488091","potions_obtained":[{"floor":4,"key":"Strength Potion"},{"floor":10,"key":"Dexterity Potion"},{"floor":11,"key":"Block Potion"},{"floor":14,"key":"FearPotion"},{"floor":16,"key":"Dexterity Potion"}],"is_trial":false,"path_per_floor":["M","?","M","M","?","E","R","$","T","E","M","R","E","M","R","B",null,"M","?","$","?","M","R","E","?","T","M","E","M","R","T","R","B",null,"M","$","M","?","M","R","E","R","T","M","M","$","M","?","R","B"],"character_chosen":"IRONCLAD","items_purchased":["Pommel Strike","Infernal Blade","Orichalcum","Armaments","Fire Breathing","Apotheosis","Strawberry"],"campfire_rested":0,"item_purchase_floors":[8,8,20,20,20,36,46],"current_hp_per_floor":[88,88,88,88,88,48,48,48,48,31,27,27,18,27,27,26,88,88,88,88,82,84,84,80,80,80,88,87,76,76,76,76,33,88,79,79,83,39,34,34,39,39,39,36,45,52,62,62,62,0],"gold":101,"neow_bonus":"TEN_PERCENT_HP_BONUS","is_prod":false,"is_daily":false,"chose_seed":false,"campfire_upgraded":4,"win_rate":0,"timestamp":1555077418,"path_taken":["M","?","M","?","?","E","R","$","T","E","M","R","E","M","R","BOSS","M","?","?","?","M","R","E","?","T","?","E","M","R","?","R","BOSS","M","?","M","?","M","R","E","R","T","M","M","$","M","?","R","BOSS"],"build_version":"2019-01-23","purchased_purges":1,"victory":false,"max_hp_per_floor":[88,88,88,88,88,88,88,88,88,88,88,88,88,88,88,88,88,88,88,88,88,88,88,88,88,88,88,88,88,88,88,88,88,88,92,92,92,96,96,96,96,96,96,99,99,106,109,109,109,109],"card_choices":[{"not_picked":["Carnage","Spot Weakness"],"picked":"Clothesline","floor":1},{"not_picked":["True Grit","Headbutt"],"picked":"Rampage","floor":3},{"not_picked":["Body Slam","Burning Pact"],"picked":"Shockwave","floor":4},{"not_picked":["Warcry","Wild Strike"],"picked":"Seeing Red","floor":6},{"not_picked":["Iron Wave","Body Slam"],"picked":"Cleave","floor":10},{"not_picked":["Sword Boomerang","Dual Wield"],"picked":"Pommel Strike","floor":11},{"not_picked":["Corruption","Clothesline"],"picked":"Berserk","floor":13},{"not_picked":["Twin Strike","Warcry"],"picked":"Shrug It Off","floor":14},{"not_picked":["Berserk","Impervious"],"picked":"Brutality","floor":16},{"not_picked":["Headbutt","Ghostly Armor"],"picked":"Perfected Strike","floor":18},{"not_picked":["Sever Soul","Cleave"],"picked":"Armaments+1","floor":22},{"not_picked":["Anger+1","Disarm"],"picked":"Clash+1","floor":24},{"not_picked":["Evolve","Twin Strike"],"picked":"Flex","floor":27},{"not_picked":["Warcry","Metallicize","Ghostly Armor"],"picked":"SKIP","floor":28},{"not_picked":["Intimidate","Power Through"],"picked":"Shrug It Off","floor":29},{"not_picked":["Impervious","Barricade"],"picked":"Feed","floor":33},{"not_picked":["Thunderclap+1","Carnage+1"],"picked":"Armaments+1","floor":35},{"not_picked":["Flex","Havoc","Pummel"],"picked":"SKIP","floor":37},{"not_picked":["Warcry+1","Cleave+1"],"picked":"Battle Trance","floor":39},{"not_picked":["Reckless Charge+1","Heavy Blade+1"],"picked":"Flex+1","floor":41},{"not_picked":["Rampage","Flex"],"picked":"Warcry+1","floor":44},{"not_picked":["Body Slam+1","Twin Strike"],"picked":"Fire Breathing+1","floor":45},{"not_picked":["Cleave","Juggernaut+1"],"picked":"Inflame+1","floor":47},{"not_picked":["The Bomb","Thinking Ahead"],"picked":"Mayhem+1","floor":48}],"player_experience":126993,"relics_obtained":[{"floor":6,"key":"Magic Flower"},{"floor":10,"key":"Pen Nib"},{"floor":13,"key":"Vajra"},{"floor":24,"key":"Girya"},{"floor":26,"key":"Kunai"},{"floor":28,"key":"Shovel"},{"floor":31,"key":"Centennial Puzzle"},{"floor":38,"key":"Du-Vu Doll"},{"floor":41,"key":"War Paint"},{"floor":43,"key":"Frozen Egg 2"},{"floor":49,"key":"Bag of Marbles"}],"event_choices":[{"cards_removed":["Strike_R"],"damage_healed":0,"gold_gain":0,"player_choice":"Purged","damage_taken":0,"max_hp_gain":0,"max_hp_loss":0,"event_name":"Purifier","floor":2,"gold_loss":0},{"damage_healed":0,"gold_gain":0,"player_choice":"Grow","damage_taken":0,"max_hp_gain":0,"max_hp_loss":0,"event_name":"Living Wall","floor":5,"gold_loss":0,"cards_upgraded":["Clothesline"]},{"damage_healed":0,"gold_gain":0,"player_choice":"2 cards matched","damage_taken":0,"max_hp_gain":0,"max_hp_loss":0,"event_name":"Match and Keep!","floor":19,"gold_loss":0,"cards_obtained":["Bash","Perfected Strike"]},{"damage_healed":0,"gold_gain":0,"player_choice":"Joined the Cult","damage_taken":6,"max_hp_gain":0,"max_hp_loss":0,"event_name":"Nest","floor":21,"gold_loss":0,"cards_obtained":["RitualDagger"]},{"damage_healed":0,"gold_gain":0,"player_choice":"Ignored","damage_taken":0,"max_hp_gain":0,"max_hp_loss":0,"event_name":"Vampires","floor":25,"gold_loss":0},{"damage_healed":0,"gold_gain":0,"player_choice":"Fight","damage_taken":0,"max_hp_gain":0,"max_hp_loss":0,"event_name":"Mysterious Sphere","floor":38,"gold_loss":0},{"damage_healed":0,"gold_gain":0,"player_choice":"Memory 1","damage_taken":0,"max_hp_gain":0,"max_hp_loss":0,"event_name":"SensoryStone","floor":48,"gold_loss":0}],"is_beta":false,"boss_relics":[{"not_picked":["Runic Dome","Snecko Eye"],"picked":"Sozu"},{"not_picked":["White Beast Statue","Astrolabe"],"picked":"Coffee Dripper"}],"items_purged_floors":[36],"is_endless":false,"potions_floor_spawned":[4,10,11,14,16,18,22,29,37,39,45,47],"killed_by":"Donu and Deca","ascension_level":1}