{"gold_per_floor":[113,126,136,136,146,146,181,196,196,212,232,232,232,4,4,99,149,165,181,13,13,28,58,58,68,68,82,99,134,134,134,134,229,229,244,256,256,270,270,270,299,312,312,325,339,339,339,0,0,0],"floor_reached":51,"playtime":2941,"items_purged":["Strike_R","Strike_R","Strike_R+1"],"score":923,"play_id":"1a3f3ef2-7540-48f3-9d38-eade77c2ece7","local_time":"20190420161702","is_ascension_mode":true,"campfire_choices":[{"data":"Rampage","floor":6,"key":"SMITH"},{"data":"Spot Weakness","floor":12,"key":"SMITH"},{"data":"Warcry","floor":15,"key":"SMITH"},{"data":"Barricade","floor":24,"key":"SMITH"},{"data":"Limit Break","floor":30,"key":"SMITH"},{"data":"Shrug It Off","floor":32,"key":"SMITH"},{"floor":40,"key":"REST"},{"floor":49,"key":"REST"}],"neow_cost":"NONE","seed_source_timestamp":334798723105948,"circlet_count":0,"master_deck":["Defend_R","Defend_R","Defend_R","Defend_R","Bash+1","Rampage+1","Headbutt+1","Anger","Clothesline","Armaments","Spot Weakness+1","Warcry+1","Impervious+1","Barricade+1","Shockwave","Limit Break+1","Battle Trance","True Grit+1","Sentinel","Shrug It Off+1","Disarm","Feed","Entrench+1","Inflame+1","Ghostly Armor+1","Body Slam","Madness","Madness"],"relics":["Burning Blood","Incense Burner","Mercury Hourglass","Tiny House","The Courier","Matryoshka","Regal Pillow","Fusion Hammer","Anchor","Thread and Needle","Lantern","Kunai"],"potions_floor_usage":[7,23,23,25,27,27,36,36,44,45,50,50],"damage_taken":[{"damage":9,"enemies":"Jaw Worm","floor":1,"turns":5},{"damage":4,"enemies":"2 Louse","floor":2,"turns":3},{"damage":0,"enemies":"Cultist","floor":3,"turns":2},{"damage":0,"enemies":"Large Slime","floor":5,"turns":2},{"damage":13,"enemies":"Gremlin Nob","floor":7,"turns":4},{"damage":12,"enemies":"Exordium Wildlife","floor":8,"turns":4},{"damage":11,"enemies":"Looter","floor":10,"turns":2},{"damage":0,"enemies":"Large Slime","floor":11,"turns":4},{"damage":20,"enemies":"Hexaghost","floor":16,"turns":6},{"damage":16,"enemies":"Chosen","floor":18,"turns":5},{"damage":10,"enemies":"Shell Parasite","floor":19,"turns":4},{"damage":0,"enemies":"Snecko","floor":22,"turns":6},{"damage":38,"enemies":"Gremlin Leader","floor":23,"turns":7},{"damage":9,"enemies":"Chosen and Byrds","floor":25,"turns":7},{"damage":11,"enemies":"Centurion and Healer","floor":27,"turns":6},{"damage":0,"enemies":"Snake Plant","floor":28,"turns":4},{"damage":29,"enemies":"Book of Stabbing","floor":29,"turns":6},{"damage":32,"enemies":"Champ","floor":33,"turns":15},{"damage":27,"enemies":"3 Darklings","floor":35,"turns":7},{"damage":1,"enemies":"Orb Walker","floor":36,"turns":4},{"damage":20,"enemies":"4 Shapes","floor":38,"turns":7},{"damage":0,"enemies":"Nemesis","floor":41,"turns":9},{"damage":0,"enemies":"Spire Growth","floor":42,"turns":11},{"damage":19,"enemies":"Maw","floor":44,"turns":9},{"damage":0,"enemies":"Transient","floor":45,"turns":5},{"damage":3,"enemies":"Time Eater","floor":50,"turns":8}],"seed_played":"-5567656381028389108","potions_obtained":[{"floor":1,"key":"EssenceOfSteel"},{"floor":7,"key":"Weak Potion"},{"floor":8,"key":"LiquidBronze"},{"floor":17,"key":"Poison Potion"},{"floor":22,"key":"Block Potion"},{"floor":23,"key":"BloodPotion"},{"floor":25,"key":"BloodPotion"},{"floor":29,"key":"EssenceOfSteel"},{"floor":35,"key":"Block Potion"},{"floor":36,"key":"Weak Potion"},{"floor":41,"key":"AttackPotion"},{"floor":44,"key":"Energy Potion"},{"floor":45,"key":"AttackPotion"}],"is_trial":false,"path_per_floor":["M","M","M","?","M","R","E","M","T","M","M","R","?","$","R","B",null,"M","M","$","?","M","E","R","M","T","M","M","E","R","?","R","B",null,"M","M","?","M","?","R","E","M","T","M","M","?","?","$","R","B",null],"character_chosen":"IRONCLAD","items_purchased":["Impervious","Limit Break","Kunai","Explosive Potion"],"campfire_rested":2,"item_purchase_floors":[14,20,48,48],"current_hp_per_floor":[77,79,80,64,70,70,63,57,57,52,58,58,58,58,58,44,76,66,62,62,62,68,36,36,41,41,44,50,27,27,55,55,29,71,50,55,55,45,45,86,89,93,93,84,90,78,78,78,97,100],"gold":0,"neow_bonus":"UPGRADE_CARD","is_prod":false,"is_daily":false,"chose_seed":false,"campfire_upgraded":6,"win_rate":0,"timestamp":1555791422,"path_taken":["M","M","M","?","M","R","E","M","T","M","M","R","?","$","R","BOSS","M","M","?","?","M","E","R","M","T","?","M","E","R","?","R","BOSS","M","M","?","M","?","R","E","M","T","M","?","?","?","$","R","BOSS"],"build_version":"2019-01-23","purchased_purges":3,"victory":true,"max_hp_per_floor":[80,80,80,80,80,80,80,80,80,80,80,80,80,80,80,80,85,85,85,85,85,85,85,85,85,85,85,85,85,85,85,85,85,85,85,85,85,89,89,89,89,93,93,97,97,97,97,97,97,100],"card_choices":[{"not_picked":["True Grit","Perfected Strike"],"picked":"Rampage","floor":1},{"not_picked":["Cleave","Dropkick"],"picked":"Headbutt","floor":2},{"not_picked":["Sword Boomerang","Ghostly Armor"],"picked":"Anger","floor":3},{"not_picked":["Flame Barrier","Clash"],"picked":"Clothesline","floor":5},{"not_picked":["Bludgeon","Bloodletting","Twin Strike"],"picked":"SKIP","floor":7},{"not_picked":["Combust","Sever Soul"],"picked":"Armaments","floor":8},{"not_picked":["Armaments","Anger","Warcry"],"picked":"SKIP","floor":10},{"not_picked":["Body Slam","Clash"],"picked":"Spot Weakness","floor":11},{"not_picked":["Fiend Fire","Dark Embrace"],"picked":"Barricade","floor":16},{"not_picked":["Clothesline","Iron Wave"],"picked":"Shockwave","floor":17},{"not_picked":["Clothesline","Flex","Clash"],"picked":"SKIP","floor":18},{"not_picked":["Feel No Pain","Warcry+1","Headbutt"],"picked":"SKIP","floor":19},{"not_picked":["Seeing Red","Rupture"],"picked":"Battle Trance","floor":22},{"not_picked":["Power Through","Armaments+1"],"picked":"True Grit+1","floor":23},{"not_picked":["Thunderclap","Evolve"],"picked":"Sentinel","floor":25},{"not_picked":["Perfected Strike","Iron Wave","Sword Boomerang"],"picked":"SKIP","floor":27},{"not_picked":["Uppercut","Bludgeon"],"picked":"Shrug It Off","floor":28},{"not_picked":["Bloodletting","Infernal Blade"],"picked":"Disarm","floor":29},{"not_picked":["Double Tap","Barricade"],"picked":"Feed","floor":33},{"not_picked":["Twin Strike+1","Sentinel"],"picked":"Entrench+1","floor":35},{"not_picked":["Pommel Strike+1","Warcry"],"picked":"Inflame+1","floor":36},{"not_picked":["Havoc+1","Dropkick+1"],"picked":"Ghostly Armor+1","floor":38},{"not_picked":["Immolate","Uppercut","Flex+1"],"picked":"SKIP","floor":41},{"not_picked":["Armaments+1","Havoc","Iron Wave"],"picked":"SKIP","floor":42},{"not_picked":["Dropkick+1","Infernal Blade+1","Ghostly Armor"],"picked":"SKIP","floor":44},{"not_picked":["Iron Wave+1","Shockwave+1"],"picked":"Body Slam","floor":45}],"player_experience":238109,"relics_obtained":[{"floor":7,"key":"Incense Burner"},{"floor":9,"key":"Mercury Hourglass"},{"floor":23,"key":"The Courier"},{"floor":26,"key":"Matryoshka"},{"floor":29,"key":"Regal Pillow"},{"floor":41,"key":"Anchor"},{"floor":43,"key":"Thread and Needle"},{"floor":43,"key":"Lantern"}],"event_choices":[{"damage_healed":0,"gold_gain":0,"player_choice":"Entered Light","damage_taken":16,"max_hp_gain":0,"max_hp_loss":0,"event_name":"Shining Light","floor":4,"gold_loss":0,"cards_upgraded":["Strike_R","Headbutt"]},{"damage_healed":0,"gold_gain":0,"cards_transformed":["Strike_R"],"player_choice":"Transformed","damage_taken":0,"max_hp_gain":0,"max_hp_loss":0,"event_name":"Transmorgrifier","floor":13,"gold_loss":0,"cards_obtained":["Warcry"]},{"damage_healed":0,"gold_gain":0,"player_choice":"Ignored","damage_taken":0,"max_hp_gain":0,"max_hp_loss":0,"event_name":"Ghosts","floor":21,"gold_loss":0},{"damage_healed":28,"gold_gain":0,"player_choice":"Heal","damage_taken":0,"max_hp_gain":0,"max_hp_loss":0,"event_name":"The Library","floor":31,"gold_loss":0},{"damage_healed":0,"gold_gain":0,"player_choice":"Ignored","damage_taken":0,"max_hp_gain":0,"max_hp_loss":0,"event_name":"Tomb of Lord Red Mask","floor":37,"gold_loss":0},{"cards_removed":["Strike_R"],"damage_healed":0,"gold_gain":0,"player_choice":"Purged","damage_taken":0,"max_hp_gain":0,"max_hp_loss":0,"event_name":"Purifier","floor":39,"gold_loss":0},{"damage_healed":0,"gold_gain":0,"player_choice":"Embrace Madness","damage_taken":12,"max_hp_gain":0,"max_hp_loss":0,"event_name":"Winding Halls","floor":46,"gold_loss":0,"cards_obtained":["Madness","Madness"]},{"damage_healed":0,"gold_gain":0,"player_choice":"Memory 1","damage_taken":0,"max_hp_gain":0,"max_hp_loss":0,"event_name":"SensoryStone","floor":47,"gold_loss":0}],"is_beta":false,"boss_relics":[{"not_picked":["Snecko Eye","Ectoplasm"],"picked":"Tiny House"},{"not_picked":["Black Blood","Runic Dome"],"picked":"Fusion Hammer"}],"items_purged_floors":[14,20,48],"is_endless":false,"potions_floor_spawned":[1,7,8,22,23,25,29,35,36,41,44,45],"ascension_level":5}