{"gold_per_floor":[115,65,77,77,90,115,115,146,181,193,216,254,282,312,324,436,448,480,407,419,431,443,455,492,504,516,546,558,570,610,649,661,673],"floor_reached":33,"playtime":1206,"items_purged":[],"score":392,"play_id":"1dadf315-3e96-4b1d-98dc-118408dc2654","local_time":"20190321171416","is_ascension_mode":true,"campfire_choices":[{"data":"Searing Blow","floor":7.0,"key":"SMITH"},{"data":"Searing Blow+1","floor":10.0,"key":"SMITH"},{"data":"Searing Blow+2","floor":15.0,"key":"SMITH"},{"data":"Body Slam","floor":23,"key":"SMITH"},{"data":"Searing Blow+3","floor":28,"key":"SMITH"},{"floor":32,"key":"REST"}],"neow_cost":"NONE","seed_source_timestamp":0,"circlet_count":0,"master_deck":["Strike_R","Strike_R","Strike_R","Strike_R","Defend_R","Defend_R","Defend_R","Defend_R","Bash","Thunderclap","Thunderclap","Searing Blow+4","Reckless Charge","Cleave","Body Slam+1","Bludgeon","Entrench","Shrug It Off","Body Slam+1","Headbutt","Battle Trance"],"special_seed":0,"relics":["Burning Blood","NeowsBlessing","Happy Flower","MawBank","Red Skull","Juzu Bracelet","Eternal Feather","Kunai","MutagenicStrength","Letter Opener","Prayer Wheel","Anchor","Red Mask","Dream Catcher"],"potions_floor_usage":[27,30],"damage_taken":[{"damage":0.0,"enemies":"Jaw Worm","floor":1.0,"turns":1.0},{"damage":0.0,"enemies":"Small Slimes","floor":3.0,"turns":1.0},{"damage":0.0,"enemies":"Cultist","floor":5.0,"turns":1.0},{"damage":59.0,"enemies":"Gremlin Nob","floor":6.0,"turns":5.0},{"damage":20.0,"enemies":"3 Sentries","floor":8.0,"turns":6.0},{"damage":1.0,"enemies":"Exordium Thugs","floor":11.0,"turns":4.0},{"damage":0.0,"enemies":"3 Louse","floor":13.0,"turns":1.0},{"damage":0.0,"enemies":"Blue Slaver","floor":14.0,"turns":1.0},{"damage":0.0,"enemies":"Slime Boss","floor":16.0,"turns":4.0},{"damage":14,"enemies":"Chosen","floor":18,"turns":4},{"damage":36,"enemies":"Gremlin Leader","floor":24,"turns":4},{"damage":6,"enemies":"3 Byrds","floor":27,"turns":2},{"damage":5,"enemies":"Masked Bandits","floor":30,"turns":3},{"damage":59,"enemies":"Book of Stabbing","floor":31,"turns":5},{"damage":46,"enemies":"Automaton","floor":33,"turns":4}],"seed_played":"-411944102610834662","potions_obtained":[{"floor":6.0,"key":"FearPotion"},{"floor":8.0,"key":"PowerPotion"},{"floor":13.0,"key":"FearPotion"},{"floor":18,"key":"LiquidBronze"},{"floor":27,"key":"PowerPotion"},{"floor":31,"key":"SteroidPotion"}],"is_trial":false,"path_per_floor":["M","?","M","?","M","E","R","E","T","R","M","T","M","M","R","B",null,"M","?","$","?","$","R","E","?","T","M","R","?","?","E","R","B"],"character_chosen":"IRONCLAD","items_purchased":[],"campfire_rested":1,"item_purchase_floors":[],"current_hp_per_floor":[80,80,80,72,78,25,25,11,11,11,16,16,22,28,28,34,80,72,72,72,72,72,80,50,50,50,50,59,59,60,7,43,0],"gold":673,"neow_bonus":"THREE_ENEMY_KILL","is_prod":false,"is_daily":false,"chose_seed":false,"campfire_upgraded":5,"win_rate":0,"timestamp":1553184856,"path_taken":["M","?","M","?","?","E","R","E","T","R","M","?","M","M","R","BOSS","M","?","$","?","$","R","E","?","T","M","R","?","?","E","R","BOSS"],"build_version":"2019-01-23","purchased_purges":0,"victory":false,"max_hp_per_floor":[80,80,80,80,80,80,80,80,80,80,80,80,80,80,80,80,80,80,80,80,80,80,80,80,80,80,80,80,80,80,80,80,80],"card_choices":[{"not_picked":["Sword Boomerang","Hemokinesis"],"picked":"Thunderclap","floor":1.0},{"not_picked":["Entrench","Fire Breathing"],"picked":"Thunderclap","floor":3.0},{"not_picked":["Thunderclap","Sever Soul"],"picked":"Searing Blow","floor":5.0},{"not_picked":["Disarm","Rupture"],"picked":"Reckless Charge","floor":6.0},{"not_picked":["Iron Wave","Exhume"],"picked":"Cleave","floor":8.0},{"not_picked":["Rupture","Bloodletting"],"picked":"Body Slam","floor":11.0},{"not_picked":["Pommel Strike","Feel No Pain","Wild Strike"],"picked":"SKIP","floor":13.0},{"not_picked":["Havoc","Heavy Blade","Clothesline"],"picked":"SKIP","floor":14.0},{"not_picked":["Dark Embrace","Brutality"],"picked":"Bludgeon","floor":16.0},{"not_picked":["Perfected Strike","Twin Strike"],"picked":"Entrench","floor":18},{"not_picked":["Reckless Charge","Armaments"],"picked":"Shrug It Off","floor":24},{"not_picked":["Armaments","Heavy Blade+1","True Grit"],"picked":"SKIP","floor":27},{"not_picked":["Cleave","Perfected Strike","True Grit"],"picked":"SKIP","floor":27},{"not_picked":["Infernal Blade+1","Dropkick+1"],"picked":"Headbutt","floor":30},{"not_picked":["Inflame","Clash"],"picked":"Battle Trance","floor":31}],"player_experience":130655,"relics_obtained":[{"floor":6.0,"key":"Happy Flower"},{"floor":8.0,"key":"MawBank"},{"floor":9.0,"key":"Red Skull"},{"floor":12.0,"key":"Juzu Bracelet"},{"floor":24,"key":"Letter Opener"},{"floor":26,"key":"Prayer Wheel"},{"floor":29,"key":"Anchor"},{"floor":30,"key":"Red Mask"},{"floor":31,"key":"Dream Catcher"}],"event_choices":[{"cards_removed":["Strike_R"],"damage_healed":0.0,"max_hp_gain":0.0,"max_hp_loss":0.0,"gold_gain":0.0,"event_name":"The Cleric","player_choice":"Card Removal","floor":2.0,"gold_loss":50.0,"damage_taken":0.0},{"damage_healed":0.0,"max_hp_gain":0.0,"max_hp_loss":0.0,"gold_gain":0.0,"event_name":"Wheel of Change","player_choice":"Damaged","floor":4.0,"gold_loss":0.0,"damage_taken":8.0},{"damage_healed":0,"gold_gain":0,"player_choice":"Obtained Relic","damage_taken":0,"relics_obtained":["Kunai"],"max_hp_gain":0,"max_hp_loss":0,"event_name":"Addict","floor":19,"gold_loss":85},{"damage_healed":0,"gold_gain":0,"player_choice":"Inject Mutagens","damage_taken":0,"relics_obtained":["MutagenicStrength"],"max_hp_gain":0,"max_hp_loss":0,"event_name":"Drug Dealer","floor":21,"gold_loss":0},{"damage_healed":0,"gold_gain":0,"player_choice":"Copied","damage_taken":0,"max_hp_gain":0,"max_hp_loss":0,"event_name":"Duplicator","floor":25,"gold_loss":0,"cards_obtained":["Body Slam"]},{"damage_healed":0,"gold_gain":0,"player_choice":"Relic","damage_taken":0,"max_hp_gain":0,"max_hp_loss":0,"event_name":"Wheel of Change","floor":29,"gold_loss":0},{"damage_healed":0,"gold_gain":0,"player_choice":"Fought Bandits","damage_taken":0,"max_hp_gain":0,"max_hp_loss":0,"event_name":"Masked Bandits","floor":30,"gold_loss":0}],"is_beta":false,"boss_relics":[{"not_picked":["Cursed Key","Ectoplasm"],"picked":"Eternal Feather"}],"items_purged_floors":[],"is_endless":false,"potions_floor_spawned":[6,8,13,18,27,31],"killed_by":"Automaton","ascension_level":3}