{"gold_per_floor":[111,36,36,111,111,142,142,175,175,175,175,200,200,200,200,330,330,348,273,293,293,193,193,206,50,50,50,64,64,80,80,80,206,206,225,250,269,76,76],"floor_reached":39,"playtime":2873,"items_purged":["Defend_R","Bite"],"score":506,"play_id":"a42154a3-ff7b-4759-8151-73f459980da0","local_time":"20190408201344","is_ascension_mode":true,"campfire_choices":[{"floor":11,"key":"REST"},{"data":"Wild Strike","floor":13,"key":"SMITH"},{"data":"Evolve","floor":15,"key":"SMITH"},{"data":"Headbutt","floor":23,"key":"SMITH"},{"data":"Defend_R","floor":27,"key":"SMITH"},{"data":"Defend_R","floor":29,"key":"SMITH"},{"data":"Wild Strike","floor":32,"key":"SMITH"}],"neow_cost":"NONE","seed_source_timestamp":2497447439438660,"circlet_count":0,"master_deck":["Defend_R","Defend_R+1","Defend_R+1","Bash+1","Evolve+1","Wild Strike+1","Wild Strike+1","Headbutt+1","Bite","Bite","Bite","Bite","Iron Wave+1","Wild Strike+1","Mayhem"],"relics":["Burning Blood","Mercury Hourglass","Golden Idol","Juzu Bracelet","Singing Bowl","Shuriken","Sozu","Orichalcum","Pocketwatch","Philosopher\u0027s Stone"],"potions_floor_usage":[8,16,33,33,37],"damage_taken":[{"damage":11,"enemies":"Cultist","floor":1,"turns":4},{"damage":40,"enemies":"Gremlin Nob","floor":6,"turns":5},{"damage":12,"enemies":"3 Sentries","floor":8,"turns":7},{"damage":2,"enemies":"2 Louse","floor":12,"turns":2},{"damage":2,"enemies":"Slime Boss","floor":16,"turns":7},{"damage":7,"enemies":"Chosen","floor":18,"turns":3},{"damage":11,"enemies":"Spheric Guardian","floor":20,"turns":3},{"damage":25,"enemies":"Centurion and Healer","floor":24,"turns":4},{"damage":9,"enemies":"3 Cultists","floor":28,"turns":4},{"damage":6,"enemies":"Cultist and Chosen","floor":30,"turns":3},{"damage":57,"enemies":"Collector","floor":33,"turns":8},{"damage":0,"enemies":"Orb Walker","floor":35,"turns":2},{"damage":27,"enemies":"3 Darklings","floor":36,"turns":4},{"damage":60,"enemies":"Transient","floor":37,"turns":5},{"damage":29,"enemies":"Sphere and 2 Shapes","floor":39,"turns":3}],"seed_played":"-1574349488155169783","potions_obtained":[{"floor":7,"key":"Dexterity Potion"},{"floor":7,"key":"Energy Potion"},{"floor":7,"key":"Weak Potion"},{"floor":8,"key":"BloodPotion"},{"floor":16,"key":"Energy Potion"}],"is_trial":false,"path_per_floor":["M","$","?","?","?","E","?","E","T","?","R","M","R","?","R","B",null,"M","?","M","?","$","R","M","$","T","R","M","R","M","?","R","B",null,"M","M","M","$","M"],"character_chosen":"IRONCLAD","items_purchased":["Orichalcum","Mayhem"],"campfire_rested":1,"item_purchase_floors":[25,38],"current_hp_per_floor":[75,75,68,57,57,23,23,17,17,1,25,31,31,31,31,37,72,71,71,68,60,60,60,47,47,47,47,52,52,58,58,58,19,53,66,51,15,15,0],"gold":76,"neow_bonus":"TRANSFORM_CARD","is_prod":false,"is_daily":false,"chose_seed":false,"campfire_upgraded":6,"win_rate":0,"timestamp":1554747224,"path_taken":["M","?","?","?","?","E","?","E","T","?","R","M","R","?","R","BOSS","M","?","M","?","$","R","M","$","T","R","M","R","M","?","R","BOSS","M","M","M","?","M"],"build_version":"2019-01-23","purchased_purges":2,"victory":false,"max_hp_per_floor":[80,80,80,80,80,80,80,80,80,80,80,82,82,82,82,84,84,84,84,86,60,60,60,60,60,60,60,62,62,62,62,62,64,64,66,68,70,70,70],"card_choices":[{"not_picked":["Thunderclap","Uppercut"],"picked":"Wild Strike","floor":1},{"not_picked":["Entrench","Uppercut","Body Slam"],"picked":"SKIP","floor":6},{"not_picked":["Cleave","Ghostly Armor"],"picked":"Wild Strike","floor":8},{"not_picked":["Heavy Blade","Feed","Thunderclap"],"picked":"Singing Bowl","floor":12},{"not_picked":["Brutality","Fiend Fire","Berserk"],"picked":"Singing Bowl","floor":16},{"not_picked":["Second Wind+1","Anger"],"picked":"Headbutt","floor":18},{"not_picked":["Heavy Blade","Fire Breathing","Body Slam"],"picked":"Singing Bowl","floor":20},{"not_picked":["Disarm+1","Flex"],"picked":"Iron Wave+1","floor":24},{"not_picked":["Metallicize","Intimidate","Cleave"],"picked":"Singing Bowl","floor":28},{"not_picked":["Clothesline","Rage+1"],"picked":"Wild Strike","floor":30},{"not_picked":["Offering","Exhume","Brutality"],"picked":"Singing Bowl","floor":33},{"not_picked":["Thunderclap+1","Clothesline","Searing Blow"],"picked":"Singing Bowl","floor":35},{"not_picked":["Heavy Blade+1","Combust","Iron Wave+1"],"picked":"Singing Bowl","floor":36},{"not_picked":["Twin Strike","Dual Wield+1","Anger"],"picked":"Singing Bowl","floor":37}],"player_experience":158684,"relics_obtained":[{"floor":6,"key":"Juzu Bracelet"},{"floor":8,"key":"Singing Bowl"},{"floor":9,"key":"Shuriken"},{"floor":26,"key":"Pocketwatch"}],"event_choices":[{"damage_healed":0,"gold_gain":0,"player_choice":"Success","damage_taken":7,"relics_obtained":["Mercury Hourglass"],"max_hp_gain":0,"max_hp_loss":0,"event_name":"Scrap Ooze","floor":3,"gold_loss":0},{"damage_healed":0,"gold_gain":75,"player_choice":"Gather Gold","damage_taken":11,"max_hp_gain":0,"max_hp_loss":0,"event_name":"World of Goop","floor":4,"gold_loss":0},{"damage_healed":0,"gold_gain":0,"player_choice":"Take Wound","damage_taken":0,"relics_obtained":["Golden Idol"],"max_hp_gain":0,"max_hp_loss":0,"event_name":"Golden Idol","floor":5,"gold_loss":0,"cards_obtained":["Injury"]},{"damage_healed":0,"gold_gain":0,"player_choice":"Got Potions","damage_taken":0,"max_hp_gain":0,"max_hp_loss":0,"event_name":"Lab","floor":7,"gold_loss":0},{"damage_healed":0,"gold_gain":0,"player_choice":"Entered Light","damage_taken":16,"max_hp_gain":0,"max_hp_loss":0,"event_name":"Shining Light","floor":10,"gold_loss":0,"cards_upgraded":["Wild Strike","Bash"]},{"damage_healed":0,"gold_gain":0,"player_choice":"Ignored","damage_taken":0,"max_hp_gain":0,"max_hp_loss":0,"event_name":"Liars Game","floor":14,"gold_loss":0},{"cards_removed":["Injury"],"damage_healed":0,"gold_gain":0,"player_choice":"Gave Gold","damage_taken":0,"max_hp_gain":0,"max_hp_loss":0,"event_name":"Beggar","floor":19,"gold_loss":75},{"damage_healed":0,"gold_gain":0,"player_choice":"Became a vampire","damage_taken":0,"max_hp_gain":0,"max_hp_loss":26,"event_name":"Vampires","floor":21,"gold_loss":0,"cards_obtained":["Bite","Bite","Bite","Bite","Bite"]},{"damage_healed":0,"gold_gain":0,"player_choice":"Bought 0 Potions","damage_taken":0,"max_hp_gain":0,"max_hp_loss":0,"event_name":"The Woman in Blue","floor":31,"gold_loss":0}],"is_beta":false,"boss_relics":[{"not_picked":["Busted Crown","Coffee Dripper"],"picked":"Sozu"},{"not_picked":["Runic Dome","Lizard Tail"],"picked":"Philosopher\u0027s Stone"}],"items_purged_floors":[2,22],"is_endless":false,"potions_floor_spawned":[8,16,20,24,28,33,35,36],"killed_by":"Sphere and 2 Shapes","ascension_level":5}