{"gold_per_floor":[110,110,110,32,32,32,73,73,125,125,141,181,181,197,197,325,325,265,265,265,265,265,265,265,265,265,76,76,76,76,76,76,76,76,76,76,76,36,36,36,36,36,36,36,36,36,36,36,36,36],"floor_reached":50,"playtime":2028,"items_purged":["Defend_G"],"score":808,"play_id":"00c6df74-b9ed-4706-827c-69f307603ce1","local_time":"20181005195720","is_ascension_mode":true,"campfire_choices":[{"data":"Noxious Fumes","floor":6.0,"key":"SMITH"},{"floor":10.0,"key":"REST"},{"floor":13.0,"key":"REST"},{"data":"Noxious Fumes","floor":15.0,"key":"SMITH"},{"floor":23.0,"key":"REST"},{"data":"Corpse Explosion","floor":29.0,"key":"SMITH"},{"floor":32.0,"key":"REST"},{"floor":40,"key":"REST"},{"data":"Noxious Fumes","floor":42,"key":"SMITH"},{"floor":47,"key":"REST"},{"floor":49,"key":"REST"}],"neow_cost":"PERCENT_DAMAGE","seed_source_timestamp":452305282835458,"circlet_count":0,"master_deck":["Defend_G","Defend_G","Defend_G","Strike_G","Strike_G","Strike_G","Survivor","Neutralize","AscendersBane","PiercingWail","Noxious Fumes+1","Infinite Blades","Cloak And Dagger","Cloak And Dagger","Backflip","Noxious Fumes+1","Corpse Explosion+1","Cloak And Dagger","Backstab","Terror","Adrenaline","Well Laid Plans","Blur","Predator","Infinite Blades","After Image+1","Pain","Backflip","Predator","Footwork+1","Crippling Poison","Backflip","Noxious Fumes+1","Flechettes+1","PiercingWail+1","Footwork+1"],"special_seed":0,"relics":["Ring of the Snake","Golden Idol","Omamori","Prayer Wheel","Ancient Tea Set","Du-Vu Doll","Ectoplasm","MutagenicStrength","Meat on the Bone","Gremlin Horn","Calling Bell","Bag of Marbles","Sundial","Ice Cream","Turnip","Darkstone Periapt","Tiny Chest"],"potions_floor_usage":[50],"damage_taken":[{"damage":5.0,"enemies":"Jaw Worm","floor":1.0,"turns":7.0},{"damage":36.0,"enemies":"Lagavulin","floor":7.0,"turns":8.0},{"damage":0.0,"enemies":"Small Slimes","floor":11.0,"turns":4.0},{"damage":10.0,"enemies":"3 Sentries","floor":12.0,"turns":7.0},{"damage":0.0,"enemies":"2 Louse","floor":14.0,"turns":3.0},{"damage":32.0,"enemies":"Slime Boss","floor":16.0,"turns":8.0},{"damage":10.0,"enemies":"2 Thieves","floor":18.0,"turns":3.0},{"damage":35.0,"enemies":"Spheric Guardian","floor":20.0,"turns":6.0},{"damage":19.0,"enemies":"Snecko","floor":22.0,"turns":6.0},{"damage":0.0,"enemies":"Centurion and Healer","floor":25.0,"turns":4.0},{"damage":3.0,"enemies":"Sentry and Sphere","floor":28.0,"turns":4.0},{"damage":7.0,"enemies":"Chosen and Byrds","floor":30.0,"turns":6.0},{"damage":18.0,"enemies":"Champ","floor":33.0,"turns":11.0},{"damage":15,"enemies":"Orb Walker","floor":35,"turns":4},{"damage":12,"enemies":"Mysterious Sphere","floor":36,"turns":5},{"damage":1,"enemies":"3 Shapes","floor":37,"turns":5},{"damage":30,"enemies":"Nemesis","floor":41,"turns":7},{"damage":22,"enemies":"3 Darklings","floor":46,"turns":3},{"damage":71,"enemies":"Awakened One","floor":50,"turns":9}],"seed_played":"-3843960570707278767","potions_obtained":[{"floor":1.0,"key":"Swift Potion"},{"floor":7.0,"key":"SneckoOil"},{"floor":12.0,"key":"Regen Potion"},{"floor":25.0,"key":"Block Potion"},{"floor":30.0,"key":"Dexterity Potion"},{"floor":35,"key":"FearPotion"},{"floor":46,"key":"Dexterity Potion"}],"is_trial":false,"path_per_floor":["M","?","?","$","?","R","E","T","T","R","M","E","R","M","R","B",null,"M","?","M","?","M","R","?","M","T","$","M","R","M","T","R","B",null,"M","?","M","$","?","R","E","R","T","$","?","M","R","$","R"],"character_chosen":"THE_SILENT","items_purchased":["Noxious Fumes","Crippling Poison","Well Laid Plans","Noxious Fumes"],"campfire_rested":7,"item_purchase_floors":[4,27,27,38],"current_hp_per_floor":[40,40,40,40,61,61,25,25,25,44,44,34,53,53,53,21,54,44,44,24,24,5,24,24,24,24,24,33,33,38,38,57,39,59,44,44,43,43,43,62,44,44,44,44,44,34,53,53,65,0],"gold":36,"neow_bonus":"REMOVE_TWO","is_prod":false,"is_daily":false,"chose_seed":false,"campfire_upgraded":4,"win_rate":0,"timestamp":1538740640,"path_taken":["M","?","?","$","?","R","E","?","T","R","M","E","R","?","R","BOSS","M","?","M","?","M","R","?","?","T","?","M","R","M","?","R","BOSS","M","?","M","$","?","R","E","R","T","?","?","M","R","$","R","BOSS"],"build_version":"2018-10-04","purchased_purges":1,"victory":false,"max_hp_per_floor":[70,70,65,65,65,65,65,65,65,65,65,65,65,65,65,65,65,65,65,65,65,65,65,65,65,65,65,65,65,65,65,65,65,65,65,65,65,65,65,65,65,65,65,65,65,65,65,65,65,65],"card_choices":[{"not_picked":["Distraction","Quick Slash"],"picked":"PiercingWail","floor":1.0},{"not_picked":["Underhanded Strike","Dagger Spray"],"picked":"Infinite Blades","floor":7.0},{"not_picked":["Dagger Spray","Quick Slash"],"picked":"Cloak And Dagger","floor":11.0},{"not_picked":["Dagger Throw","Acrobatics"],"picked":"Cloak And Dagger","floor":11.0},{"not_picked":["Choke","Bane","Blade Dance"],"picked":"SKIP","floor":12.0},{"not_picked":["Dodge and Roll","Bane"],"picked":"Backflip","floor":14.0},{"not_picked":["Deflect","A Thousand Cuts"],"picked":"Noxious Fumes","floor":14.0},{"not_picked":["A Thousand Cuts","Grand Finale"],"picked":"Corpse Explosion","floor":16.0},{"not_picked":["Poisoned Stab+1","Underhanded Strike","Bane"],"picked":"SKIP","floor":18.0},{"not_picked":["Accuracy","Slice","Concentrate"],"picked":"SKIP","floor":18.0},{"not_picked":["Flying Knee","PiercingWail"],"picked":"Cloak And Dagger","floor":20.0},{"not_picked":["Finisher","Sucker Punch"],"picked":"Backstab","floor":20.0},{"not_picked":["Deadly Poison","Dodge and Roll"],"picked":"Terror","floor":22.0},{"not_picked":["Finisher","Flechettes"],"picked":"Adrenaline","floor":22.0},{"not_picked":["Bane","Tactician","Skewer"],"picked":"SKIP","floor":25.0},{"not_picked":["Dagger Throw","Reflex","Sucker Punch"],"picked":"SKIP","floor":25.0},{"not_picked":["Bane","Dagger Throw"],"picked":"Blur","floor":28.0},{"not_picked":["Dagger Spray","Quick Slash","Finisher"],"picked":"SKIP","floor":28.0},{"not_picked":["Dagger Throw","Finisher"],"picked":"Predator","floor":30.0},{"not_picked":["Flying Knee","Sucker Punch"],"picked":"Infinite Blades","floor":30.0},{"not_picked":["Adrenaline","Grand Finale"],"picked":"After Image","floor":33.0},{"not_picked":["Dagger Spray","Setup"],"picked":"Backflip","floor":35},{"not_picked":["Finisher","Prepared"],"picked":"Predator","floor":35},{"not_picked":["Poisoned Stab","Slice"],"picked":"Footwork+1","floor":36},{"not_picked":["Concentrate","Masterful Stab+1"],"picked":"Crippling Poison","floor":37},{"not_picked":["Dagger Spray","Masterful Stab"],"picked":"Backflip","floor":37},{"not_picked":["Deflect","Sucker Punch"],"picked":"Flechettes+1","floor":41},{"not_picked":["Backflip","Dagger Throw"],"picked":"PiercingWail+1","floor":46},{"not_picked":["After Image","Dodge and Roll"],"picked":"Footwork+1","floor":46}],"player_experience":418556,"relics_obtained":[{"floor":7.0,"key":"Omamori"},{"floor":8.0,"key":"Prayer Wheel"},{"floor":9.0,"key":"Ancient Tea Set"},{"floor":12.0,"key":"Du-Vu Doll"},{"floor":26.0,"key":"Meat on the Bone"},{"floor":31.0,"key":"Gremlin Horn"},{"floor":34.0,"key":"Bag of Marbles"},{"floor":34.0,"key":"Sundial"},{"floor":34.0,"key":"Ice Cream"},{"floor":36,"key":"Turnip"},{"floor":41,"key":"Darkstone Periapt"},{"floor":43,"key":"Tiny Chest"}],"event_choices":[{"event_name":"Liars Game","player_choice":"disagreed","floor":2.0,"damage_taken":0.0},{"event_name":"Golden Idol","player_choice":"Lose Max HP","floor":3.0,"damage_taken":0.0},{"event_name":"Big Fish","player_choice":"Banana","floor":5.0,"damage_taken":0.0},{"event_name":"Ghosts","player_choice":"Ignored","floor":19.0,"damage_taken":0.0},{"event_name":"Purifier","player_choice":"One Purge","floor":21.0,"damage_taken":0.0},{"event_name":"Drug Dealer","player_choice":"Inject Mutagens","floor":24.0,"damage_taken":0.0},{"event_name":"Mysterious Sphere","player_choice":"Fight","floor":36,"damage_taken":0},{"event_name":"Upgrade Shrine","player_choice":"Upgraded","floor":39,"damage_taken":0},{"event_name":"Falling","player_choice":"Removed Skill","floor":45,"damage_taken":0}],"is_beta":false,"boss_relics":[{"not_picked":["Runic Pyramid","Orrery"],"picked":"Ectoplasm"},{"not_picked":["Tiny House","Runic Dome"],"picked":"Calling Bell"}],"items_purged_floors":[27],"is_endless":false,"potions_floor_spawned":[1,7,12,25,30,35,46],"killed_by":"Awakened One","ascension_level":12}