{"gold_per_floor":[111,128,24,24,34,34,47,47,47,66,81,100,100,120,120,191,191,210,229,248,268,85,85,85,85,111,127,127,146,146,161,161,161],"floor_reached":33,"playtime":1509,"items_purged":[],"score":404,"play_id":"d7afe01c-27ac-4dc3-8fba-925d72811227","local_time":"20190430215344","is_ascension_mode":true,"campfire_choices":[{"data":"Bouncing Flask","floor":6,"key":"SMITH"},{"data":"Neutralize","floor":8,"key":"SMITH"},{"data":"Terror","floor":13,"key":"SMITH"},{"data":"Corpse Explosion","floor":15,"key":"SMITH"},{"data":"Crippling Poison","floor":23,"key":"SMITH"},{"data":"Survivor","floor":25,"key":"SMITH"},{"floor":30,"key":"REST"},{"floor":32,"key":"REST"}],"neow_cost":"NONE","seed_source_timestamp":321588890337125,"circlet_count":0,"master_deck":["AscendersBane","Defend_G","Defend_G","Defend_G","Defend_G","Defend_G","Strike_G","Strike_G","Strike_G","Strike_G","Survivor+1","Neutralize+1","Swift Strike","Terror+1","Bouncing Flask+1","PiercingWail","Dodge and Roll","Escape Plan","Corpse Explosion+1","Corpse Explosion","Crippling Poison+1","Well Laid Plans","Backflip","Backstab","PiercingWail"],"relics":["Ring of the Snake","Blue Candle","Black Star","Strawberry","Du-Vu Doll","Pen Nib"],"potions_floor_usage":[4,16,16,21,21,29],"damage_taken":[{"damage":1,"enemies":"2 Louse","floor":1,"turns":4},{"damage":0,"enemies":"Cultist","floor":2,"turns":5},{"damage":7,"enemies":"Jaw Worm","floor":5,"turns":4},{"damage":10,"enemies":"2 Fungi Beasts","floor":7,"turns":3},{"damage":4,"enemies":"Large Slime","floor":10,"turns":6},{"damage":4,"enemies":"3 Louse","floor":11,"turns":4},{"damage":3,"enemies":"Blue Slaver","floor":12,"turns":4},{"damage":2,"enemies":"Looter","floor":14,"turns":4},{"damage":32,"enemies":"Slime Boss","floor":16,"turns":10},{"damage":21,"enemies":"Chosen","floor":18,"turns":5},{"damage":6,"enemies":"Spheric Guardian","floor":19,"turns":4},{"damage":1,"enemies":"Cultist and Chosen","floor":20,"turns":5},{"damage":5,"enemies":"Sentry and Sphere","floor":21,"turns":3},{"damage":5,"enemies":"Centurion and Healer","floor":27,"turns":5},{"damage":14,"enemies":"Cultist and Chosen","floor":29,"turns":8},{"damage":0,"enemies":"3 Cultists","floor":31,"turns":2},{"damage":61,"enemies":"Champ","floor":33,"turns":10}],"seed_played":"933267915074932271","potions_obtained":[{"floor":5,"key":"Fire Potion"},{"floor":7,"key":"SkillPotion"},{"floor":12,"key":"Fire Potion"},{"floor":18,"key":"SpeedPotion"},{"floor":19,"key":"Weak Potion"},{"floor":27,"key":"GhostInAJar"},{"floor":29,"key":"SkillPotion"}],"is_trial":false,"path_per_floor":["M","M","$","?","M","R","M","R","T","M","M","M","R","M","R","B",null,"M","M","M","M","$","R","T","R","T","M","?","M","R","M","R","B"],"character_chosen":"THE_SILENT","items_purchased":["Fruit Juice","Backstab","Strawberry"],"campfire_rested":2,"item_purchase_floors":[3,22,22],"current_hp_per_floor":[62,62,62,67,60,60,50,50,50,46,42,39,39,37,37,5,58,37,31,30,25,32,32,32,32,32,27,27,13,37,37,61,0],"gold":161,"neow_bonus":"REMOVE_CARD","is_prod":false,"is_daily":false,"chose_seed":false,"campfire_upgraded":6,"win_rate":0,"timestamp":1556632424,"path_taken":["M","M","$","?","M","R","M","R","T","M","M","M","R","?","R","BOSS","M","M","?","M","$","R","?","R","T","M","?","M","R","M","R","BOSS"],"build_version":"2019-01-23","purchased_purges":0,"victory":false,"max_hp_per_floor":[70,70,70,75,75,75,75,75,75,75,75,75,75,75,75,75,75,75,75,75,75,82,82,82,82,82,82,82,82,82,82,82,82],"card_choices":[{"not_picked":["Flying Knee","Tactician","Sucker Punch"],"picked":"SKIP","floor":1},{"not_picked":["Outmaneuver","All Out Attack","Blade Dance"],"picked":"SKIP","floor":2},{"not_picked":["Underhanded Strike","Slice"],"picked":"Bouncing Flask","floor":5},{"not_picked":["Tactician","Outmaneuver","Underhanded Strike"],"picked":"SKIP","floor":7},{"not_picked":["Accuracy","Endless Agony"],"picked":"PiercingWail","floor":10},{"not_picked":["Reflex","Well Laid Plans"],"picked":"Dodge and Roll","floor":11},{"not_picked":["Expertise","Bane"],"picked":"Escape Plan","floor":12},{"not_picked":["Riddle With Holes","Quick Slash"],"picked":"Corpse Explosion","floor":14},{"not_picked":["Die Die Die","Bullet Time"],"picked":"Corpse Explosion","floor":16},{"not_picked":["Cloak And Dagger","Outmaneuver+1"],"picked":"Crippling Poison","floor":18},{"not_picked":["Quick Slash+1","Outmaneuver"],"picked":"Well Laid Plans","floor":19},{"not_picked":["Slice+1","Acrobatics"],"picked":"Backflip","floor":20},{"not_picked":["Heel Hook","A Thousand Cuts","Choke"],"picked":"SKIP","floor":21},{"not_picked":["Acrobatics","Slice","Quick Slash"],"picked":"SKIP","floor":27},{"not_picked":["Dodge and Roll","PiercingWail","Outmaneuver"],"picked":"SKIP","floor":29},{"not_picked":["Flechettes","Concentrate"],"picked":"PiercingWail","floor":31}],"player_experience":457262,"relics_obtained":[{"floor":9,"key":"Blue Candle"},{"floor":24,"key":"Du-Vu Doll"},{"floor":26,"key":"Pen Nib"}],"event_choices":[{"damage_healed":0,"gold_gain":0,"player_choice":"2 cards matched","damage_taken":0,"max_hp_gain":0,"max_hp_loss":0,"event_name":"Match and Keep!","floor":4,"gold_loss":0,"cards_obtained":["Swift Strike","Terror"]},{"damage_healed":0,"gold_gain":0,"player_choice":"Ignored","damage_taken":0,"max_hp_gain":0,"max_hp_loss":0,"event_name":"Ghosts","floor":28,"gold_loss":0}],"is_beta":false,"boss_relics":[{"not_picked":["Fusion Hammer","Snecko Eye"],"picked":"Black Star"}],"items_purged_floors":[],"is_endless":false,"potions_floor_spawned":[5,7,12,14,18,19,27,29],"killed_by":"Champ","ascension_level":13}