{"gold_per_floor":[215,235,55,5,51,51,86,86,110,167,177,192,192,192,192,315,315,335,358,108,68,168,201,201,126,126,126,159,159],"floor_reached":29,"playtime":1188,"items_purged":["Strike_R","Defend_R"],"score":347,"play_id":"60694ecb-5697-4b6d-9f68-6a3969d011b3","local_time":"20181217173441","is_ascension_mode":true,"campfire_choices":[{"data":"Bash","floor":6,"key":"SMITH"},{"data":"Spot Weakness","floor":8,"key":"SMITH"},{"floor":13,"key":"REST"},{"floor":15,"key":"REST"},{"floor":24,"key":"REST"},{"data":"Whirlwind","floor":27,"key":"SMITH"}],"neow_cost":"NONE","seed_source_timestamp":84080294613394,"circlet_count":0,"master_deck":["Strike_R","Strike_R+1","Defend_R+1","Defend_R","Defend_R+1","Bash+1","Inflame","Spot Weakness+1","Rampage","Impervious+1","Headbutt","Body Slam","Reaper","Whirlwind+1","Flex","Double Tap"],"relics":["Burning Blood","PreservedInsect","Bag of Marbles","Juzu Bracelet","Tiny Chest","Golden Idol","Runic Dome","War Paint","Centennial Puzzle","Mango"],"potions_floor_usage":[7,12,16,23],"damage_taken":[{"damage":6,"enemies":"2 Louse","floor":1,"turns":3},{"damage":9,"enemies":"Jaw Worm","floor":2,"turns":5},{"damage":40,"enemies":"3 Sentries","floor":7,"turns":9},{"damage":25,"enemies":"Lagavulin","floor":10,"turns":5},{"damage":0,"enemies":"Small Slimes","floor":11,"turns":3},{"damage":7,"enemies":"Exordium Thugs","floor":12,"turns":4},{"damage":43,"enemies":"Slime Boss","floor":16,"turns":9},{"damage":49,"enemies":"Shell Parasite","floor":18,"turns":6},{"damage":14,"enemies":"3 Byrds","floor":19,"turns":6},{"damage":48,"enemies":"Slavers","floor":23,"turns":3},{"damage":27,"enemies":"Gremlin Leader","floor":28,"turns":4},{"damage":36,"enemies":"Snake Plant","floor":29,"turns":3}],"seed_played":"-5810513208881047541","potions_obtained":[{"floor":2,"key":"LiquidBronze"},{"floor":10,"key":"Fire Potion"},{"floor":11,"key":"PowerPotion"},{"floor":18,"key":"Strength Potion"}],"is_trial":false,"path_per_floor":["M","M","$","?","T","R","E","R","T","E","M","M","R","?","R","B",null,"M","M","$","?","?","E","R","?","T","R","E","M"],"character_chosen":"IRONCLAD","items_purchased":["Inflame","Spot Weakness","War Paint"],"campfire_rested":3,"item_purchase_floors":[3,3,20],"current_hp_per_floor":[72,69,69,69,69,69,35,35,35,16,22,21,45,25,49,12,63,28,32,32,32,32,17,41,41,41,41,34,0],"gold":159,"neow_bonus":"HUNDRED_GOLD","is_prod":false,"is_daily":false,"chose_seed":false,"campfire_upgraded":3,"win_rate":0,"timestamp":1545064481,"path_taken":["M","M","$","?","?","R","E","R","T","E","M","M","R","?","R","BOSS","M","M","$","?","?","E","R","?","T","R","E","M"],"build_version":"2018-12-13","purchased_purges":2,"victory":false,"max_hp_per_floor":[80,80,80,80,80,80,80,80,80,80,80,80,80,80,80,80,80,80,80,80,80,80,80,80,80,80,80,94,94],"card_choices":[{"not_picked":["Thunderclap","True Grit","Infernal Blade"],"picked":"SKIP","floor":1},{"not_picked":["Thunderclap","True Grit","Second Wind"],"picked":"SKIP","floor":2},{"not_picked":["Fiend Fire","Perfected Strike"],"picked":"Rampage","floor":7},{"not_picked":["Clash","Warcry"],"picked":"Impervious","floor":10},{"not_picked":["Fire Breathing","Twin Strike"],"picked":"Headbutt","floor":11},{"not_picked":["Rage","Twin Strike"],"picked":"Body Slam","floor":12},{"not_picked":["Dark Embrace","Juggernaut"],"picked":"Reaper","floor":16},{"not_picked":["Searing Blow","Warcry"],"picked":"Whirlwind","floor":18},{"not_picked":["Twin Strike+1","Thunderclap"],"picked":"Flex","floor":19},{"not_picked":["Shrug It Off","Second Wind","Iron Wave"],"picked":"SKIP","floor":23},{"not_picked":["Thunderclap","Seeing Red"],"picked":"Double Tap","floor":28}],"player_experience":384611,"relics_obtained":[{"floor":5,"key":"PreservedInsect"},{"floor":7,"key":"Bag of Marbles"},{"floor":9,"key":"Juzu Bracelet"},{"floor":10,"key":"Tiny Chest"},{"floor":23,"key":"Centennial Puzzle"},{"floor":28,"key":"Mango"}],"event_choices":[{"cards_removed":["Strike_R"],"damage_healed":0,"gold_gain":0,"player_choice":"Card Removal","damage_taken":0,"max_hp_gain":0,"max_hp_loss":0,"event_name":"The Cleric","floor":4,"gold_loss":50},{"damage_healed":0,"gold_gain":0,"player_choice":"Take Damage","damage_taken":20,"relics_obtained":["Golden Idol"],"max_hp_gain":0,"max_hp_loss":0,"event_name":"Golden Idol","floor":14,"gold_loss":0},{"damage_healed":0,"gold_gain":0,"player_choice":"Upgraded Two","damage_taken":0,"max_hp_gain":0,"max_hp_loss":0,"event_name":"Designer","floor":21,"gold_loss":40,"cards_upgraded":["Strike_R","Defend_R"]},{"damage_healed":0,"gold_gain":100,"player_choice":"Pray","damage_taken":0,"max_hp_gain":0,"max_hp_loss":0,"event_name":"Golden Shrine","floor":22,"gold_loss":0},{"cards_removed":["Strike_R"],"damage_healed":0,"gold_gain":0,"player_choice":"Gave Gold","damage_taken":0,"max_hp_gain":0,"max_hp_loss":0,"event_name":"Beggar","floor":25,"gold_loss":75}],"is_beta":false,"boss_relics":[{"not_picked":["Busted Crown","Black Blood"],"picked":"Runic Dome"}],"items_purged_floors":[3,20],"is_endless":false,"potions_floor_spawned":[2,10,11,18],"killed_by":"Snake Plant","ascension_level":6}