{"gold_per_floor":[119,119,130,30,105,105,140,140,140,140,175,175,185,202,202,300,300,320,333,333,333,27,27,58,70,121,121,149,149,149],"floor_reached":30,"playtime":2268,"items_purged":["Strike_R","Strike_R"],"score":315,"play_id":"c0f9197e-ce32-400f-87ea-d4400c9f2afe","local_time":"20190218155224","is_ascension_mode":true,"campfire_choices":[{"data":"Bash","floor":6,"key":"SMITH"},{"data":"Armaments","floor":10,"key":"SMITH"},{"data":"Barricade","floor":12,"key":"SMITH"},{"floor":15,"key":"REST"},{"data":"Seeing Red","floor":23,"key":"SMITH"},{"floor":27,"key":"REST"},{"floor":29,"key":"REST"}],"neow_cost":"PERCENT_DAMAGE","seed_source_timestamp":182116965546876,"circlet_count":0,"master_deck":["Strike_R","Strike_R","Strike_R","Defend_R","Defend_R","Defend_R","Defend_R","Bash+1","Demon Form","Cleave+1","Shrug It Off","Armaments+1","Barricade+1","Heavy Blade","Dual Wield","Seeing Red+1","Bloodletting","Ghostly Armor"],"relics":["Burning Blood","Oddly Smooth Stone","Ancient Tea Set","Question Card","Sozu","Sling","Thread and Needle","Art of War"],"potions_floor_usage":[16,16,25],"damage_taken":[{"damage":4,"enemies":"Small Slimes","floor":1,"turns":4},{"damage":6,"enemies":"2 Louse","floor":3,"turns":2},{"damage":12,"enemies":"Lagavulin","floor":7,"turns":7},{"damage":16,"enemies":"Gremlin Nob","floor":11,"turns":4},{"damage":0,"enemies":"Jaw Worm","floor":13,"turns":4},{"damage":38,"enemies":"Exordium Thugs","floor":14,"turns":10},{"damage":15,"enemies":"Slime Boss","floor":16,"turns":8},{"damage":18,"enemies":"3 Byrds","floor":18,"turns":6},{"damage":27,"enemies":"Shell Parasite","floor":19,"turns":11},{"damage":13,"enemies":"Gremlin Leader","floor":24,"turns":4},{"damage":35,"enemies":"Shelled Parasite and Fungi","floor":25,"turns":6},{"damage":32,"enemies":"Slavers","floor":28,"turns":6},{"damage":44,"enemies":"Masked Bandits","floor":30,"turns":4}],"seed_played":"7219110540104544461","potions_obtained":[{"floor":3,"key":"Strength Potion"},{"floor":11,"key":"LiquidBronze"},{"floor":13,"key":"Strength Potion"},{"floor":14,"key":"Energy Potion"}],"is_trial":false,"path_per_floor":["M","?","M","$","?","R","E","?","T","R","E","R","M","M","R","B",null,"M","M","?","?","$","R","E","M","T","R","E","R","?"],"character_chosen":"IRONCLAD","items_purchased":["Shrug It Off","Sling"],"campfire_rested":3,"item_purchase_floors":[4,22],"current_hp_per_floor":[58,58,58,58,47,47,41,46,46,46,36,36,42,10,35,26,85,73,52,52,52,52,52,45,16,16,41,15,40,0],"gold":149,"neow_bonus":"THREE_RARE_CARDS","is_prod":false,"is_daily":false,"chose_seed":false,"campfire_upgraded":4,"win_rate":0,"timestamp":1550501544,"path_taken":["M","?","M","$","?","R","E","?","T","R","E","R","M","M","R","BOSS","M","M","?","?","$","R","E","M","T","R","E","R","?"],"build_version":"2019-01-23","purchased_purges":2,"victory":false,"max_hp_per_floor":[80,80,80,80,80,80,80,85,85,85,85,85,85,85,85,85,85,85,85,85,85,85,85,85,85,85,85,85,85,85],"card_choices":[{"not_picked":["Limit Break","Juggernaut"],"picked":"Demon Form","floor":0},{"not_picked":["Iron Wave","Body Slam"],"picked":"Cleave","floor":1},{"not_picked":["Flame Barrier","Sentinel","Searing Blow"],"picked":"SKIP","floor":3},{"not_picked":["Clothesline","Sentinel"],"picked":"Armaments","floor":7},{"not_picked":["Flex","Bloodletting"],"picked":"Barricade","floor":11},{"not_picked":["Burning Pact","Flex","Twin Strike"],"picked":"Heavy Blade","floor":13},{"not_picked":["Wild Strike","Warcry","Pommel Strike"],"picked":"Dual Wield","floor":14},{"not_picked":["Sword Boomerang+1","Body Slam","Pommel Strike","Spot Weakness"],"picked":"SKIP","floor":18},{"not_picked":["Sword Boomerang+1","Perfected Strike","Havoc+1"],"picked":"Seeing Red","floor":19},{"not_picked":["Flex","Anger","True Grit"],"picked":"Bloodletting","floor":24},{"not_picked":["Searing Blow","Flex","Headbutt","Pummel"],"picked":"SKIP","floor":25},{"not_picked":["Cleave","Spot Weakness","Dual Wield"],"picked":"Ghostly Armor","floor":28}],"player_experience":169886,"relics_obtained":[{"floor":7,"key":"Oddly Smooth Stone"},{"floor":9,"key":"Ancient Tea Set"},{"floor":11,"key":"Question Card"},{"floor":24,"key":"Thread and Needle"},{"floor":28,"key":"Art of War"}],"event_choices":[{"damage_healed":0,"gold_gain":0,"player_choice":"Grow","damage_taken":0,"max_hp_gain":0,"max_hp_loss":0,"event_name":"Living Wall","floor":2,"gold_loss":0,"cards_upgraded":["Cleave"]},{"damage_healed":0,"gold_gain":75,"player_choice":"Gather Gold","damage_taken":11,"max_hp_gain":0,"max_hp_loss":0,"event_name":"World of Goop","floor":5,"gold_loss":0},{"damage_healed":0,"gold_gain":0,"player_choice":"Donut","damage_taken":0,"max_hp_gain":5,"max_hp_loss":0,"event_name":"Big Fish","floor":8,"gold_loss":0},{"damage_healed":0,"gold_gain":0,"player_choice":"Ignored","damage_taken":0,"max_hp_gain":0,"max_hp_loss":0,"event_name":"Ghosts","floor":20,"gold_loss":0},{"damage_healed":0,"gold_gain":0,"player_choice":"Ignored","damage_taken":0,"max_hp_gain":0,"max_hp_loss":0,"event_name":"Vampires","floor":21,"gold_loss":0},{"damage_healed":0,"gold_gain":0,"player_choice":"Fought Bandits","damage_taken":0,"max_hp_gain":0,"max_hp_loss":0,"event_name":"Masked Bandits","floor":30,"gold_loss":0}],"is_beta":false,"boss_relics":[{"not_picked":["Orrery","Black Blood"],"picked":"Sozu"}],"items_purged_floors":[4,22],"is_endless":false,"potions_floor_spawned":[3,11,13,14,28],"killed_by":"Masked Bandits","ascension_level":3}