{"gold_per_floor":[111,111,135,145,145,145,159,169,196,196,78,78,3,15,15,118,118,132,16,29,29,42,42,42,42,42,74,119,131,161,272,284,296],"floor_reached":33,"playtime":924,"items_purged":[],"score":383,"play_id":"85a440f8-4b01-4546-8a16-b1ff61fbc9cf","local_time":"20180929214110","is_ascension_mode":true,"campfire_choices":[{"data":"Spot Weakness","floor":6.0,"key":"SMITH"},{"data":"Heavy Blade","floor":10.0,"key":"SMITH"},{"data":"Evolve","floor":12.0,"key":"SMITH"},{"data":"Whirlwind","floor":15,"key":"SMITH"},{"data":"True Grit","floor":23,"key":"SMITH"},{"data":"Uppercut","floor":25,"key":"SMITH"},{"floor":29,"key":"REST"},{"floor":32,"key":"REST"}],"neow_cost":"NONE","seed_source_timestamp":460725168973338,"circlet_count":0,"master_deck":["Strike_R","Strike_R","Strike_R","Strike_R","Strike_R","Defend_R","Defend_R","Defend_R","Defend_R","Bash+1","AscendersBane","Carnage","Spot Weakness+1","Heavy Blade+1","Iron Wave","True Grit+1","Evolve+1","Inflame","Whirlwind+1","Limit Break","Disarm","Uppercut+1","Disarm","Corruption","Metallicize","Bash","Heavy Blade","Immolate","Offering","Ghostly Armor"],"special_seed":0,"relics":["Burning Blood","Omamori","Pen Nib","Centennial Puzzle","Snecko Eye","MawBank","Boot"],"potions_floor_usage":[16,16,27,28,28],"damage_taken":[{"damage":6.0,"enemies":"Jaw Worm","floor":1.0,"turns":4.0},{"damage":10.0,"enemies":"Small Slimes","floor":4.0,"turns":3.0},{"damage":3.0,"enemies":"2 Louse","floor":7.0,"turns":2.0},{"damage":7.0,"enemies":"Exordium Wildlife","floor":8.0,"turns":3.0},{"damage":15,"enemies":"Gremlin Gang","floor":14,"turns":3},{"damage":46,"enemies":"Hexaghost","floor":16,"turns":7},{"damage":7,"enemies":"Chosen","floor":18,"turns":3},{"damage":1,"enemies":"3 Byrds","floor":20,"turns":3},{"damage":13,"enemies":"Centurion and Healer","floor":22,"turns":5},{"damage":9,"enemies":"Snake Plant","floor":27,"turns":3},{"damage":41,"enemies":"Slavers","floor":28,"turns":3},{"damage":15,"enemies":"Cultist and Chosen","floor":30,"turns":6},{"damage":94,"enemies":"Automaton","floor":33,"turns":6}],"seed_played":"7085161028441107893","potions_obtained":[{"floor":1.0,"key":"SpeedPotion"},{"floor":7.0,"key":"Poison Potion"},{"floor":14,"key":"GamblersBrew"},{"floor":16,"key":"Strength Potion"},{"floor":18,"key":"Dexterity Potion"}],"is_trial":false,"path_per_floor":["M","?","T","M","?","R","M","M","T","R","$","R","$","M","R","B",null,"M","$","M","?","M","R","?","R","T","M","E","R","M","?","R"],"character_chosen":"IRONCLAD","items_purchased":["True Grit","Evolve","Inflame","Uppercut","Disarm"],"campfire_rested":2,"item_purchase_floors":[11,11,13,19,19],"current_hp_per_floor":[72,72,72,68,65,65,68,67,67,67,67,67,67,58,58,18,65,64,64,69,54,47,47,47,47,47,44,9,34,25,25,50,0],"gold":296,"neow_bonus":"UPGRADE_CARD","is_prod":false,"is_daily":false,"chose_seed":false,"campfire_upgraded":6,"win_rate":0,"timestamp":1538228470,"path_taken":["M","?","?","?","?","R","M","M","T","R","$","R","$","M","R","BOSS","M","$","M","?","M","R","?","R","T","M","E","R","?","?","R","BOSS"],"build_version":"2018-09-27","purchased_purges":0,"victory":false,"max_hp_per_floor":[80,80,80,80,80,80,80,80,80,80,80,80,80,80,80,80,80,80,80,80,85,85,85,85,85,85,85,85,85,85,85,85,85],"card_choices":[{"not_picked":["Bloodletting","Dual Wield"],"picked":"Carnage","floor":1.0},{"not_picked":["Fire Breathing","Cleave"],"picked":"Spot Weakness","floor":4.0},{"not_picked":["Reckless Charge","Armaments"],"picked":"Heavy Blade","floor":7.0},{"not_picked":["Power Through","Reckless Charge"],"picked":"Iron Wave","floor":8.0},{"not_picked":["Pummel","True Grit"],"picked":"Whirlwind","floor":14},{"not_picked":["Feed","Immolate"],"picked":"Limit Break","floor":16},{"not_picked":["Iron Wave","Twin Strike"],"picked":"Disarm","floor":18},{"not_picked":["Bloodletting","Anger"],"picked":"Corruption","floor":20},{"not_picked":["Body Slam","Second Wind+1"],"picked":"Metallicize","floor":22},{"not_picked":["Twin Strike+1","Anger","Burning Pact"],"picked":"SKIP","floor":27},{"not_picked":["Clothesline","Carnage"],"picked":"Offering","floor":28},{"not_picked":["Fire Breathing","Headbutt"],"picked":"Ghostly Armor","floor":30}],"player_experience":390608,"relics_obtained":[{"floor":3.0,"key":"Omamori"},{"floor":9.0,"key":"Centennial Puzzle"},{"floor":26,"key":"MawBank"},{"floor":28,"key":"Boot"}],"event_choices":[{"event_name":"Liars Game","player_choice":"disagreed","floor":2.0,"damage_taken":0.0},{"event_name":"Scrap Ooze","player_choice":"success","floor":5.0,"damage_taken":3.0},{"event_name":"Forgotten Altar","player_choice":"Shed Blood","floor":21,"damage_taken":0},{"event_name":"Match and Keep!","player_choice":"3 cards matched","floor":24,"damage_taken":0},{"event_name":"Nest","player_choice":"Stole From Cult","floor":31,"damage_taken":0}],"is_beta":false,"boss_relics":[{"not_picked":["Eternal Feather","Tiny House"],"picked":"Snecko Eye"}],"items_purged_floors":[],"is_endless":false,"potions_floor_spawned":[1,7,14,16,18,22],"killed_by":"Automaton","ascension_level":10}