{"gold_per_floor":[115,115,129,145,165,165,196,196,246,275,289,289,322,173,173,268,268,288,14,113,128,30,61,80,112,112,143,143,154,171,185,185,283,283,302,321,333,352,363,389,389,389,389,399,427,182,192,226,226,226,226,226,26,54,54],"floor_reached":56,"playtime":4700,"items_purged":["Strike_R"],"score":1664,"play_id":"10560b91-7f62-4a42-be78-f12eb19d8bff","local_time":"20190406162433","is_ascension_mode":true,"campfire_choices":[{"data":"Bash","floor":6,"key":"SMITH"},{"data":"True Grit","floor":8,"key":"SMITH"},{"data":"Rampage","floor":15,"key":"SMITH"},{"data":"Feed","floor":32,"key":"SMITH"},{"floor":42,"key":"RECALL"},{"data":"Dark Embrace","floor":49,"key":"SMITH"},{"data":"Juggernaut","floor":52,"key":"SMITH"}],"neow_cost":"NONE","seed_source_timestamp":13450445630129,"circlet_count":0,"master_deck":["Strike_R","Strike_R","Strike_R","Defend_R","Defend_R","Defend_R+1","Bash+1","Sentinel+1","True Grit+1","Cleave","Headbutt","Cleave","Shrug It Off+1","Double Tap+1","Infernal Blade+1","Bludgeon","Rampage+1","Feed+1","Ghostly Armor+1","Reaper","Armaments+1","Power Through+1","Warcry+1","Corruption+1","Flame Barrier+1","Shockwave+1","Body Slam","Impervious+1","Juggernaut+1","Flex+1","Shockwave+1","Corruption+1","Warcry+1","Dark Embrace+1","Pummel"],"special_seed":0,"relics":["Burning Blood","Toxic Egg 2","Bag of Preparation","Regal Pillow","The Courier","Mark of Pain","Dead Branch","Happy Flower","Self Forming Clay","Magic Flower","Pen Nib","Sozu","War Paint","Gremlin Horn","Bronze Scales","Lantern","Boot","Bottled Tornado","Art of War"],"potions_floor_usage":[7,16,23,27,55,55,55],"damage_taken":[{"damage":8.0,"enemies":"Jaw Worm","floor":1.0,"turns":5.0},{"damage":0.0,"enemies":"2 Louse","floor":3.0,"turns":4.0},{"damage":6,"enemies":"Cultist","floor":4,"turns":3},{"damage":16,"enemies":"Large Slime","floor":5,"turns":7},{"damage":24,"enemies":"Gremlin Nob","floor":7,"turns":4},{"damage":25,"enemies":"3 Sentries","floor":10,"turns":8},{"damage":0,"enemies":"Gremlin Gang","floor":11,"turns":2},{"damage":9,"enemies":"Gremlin Nob","floor":13,"turns":3},{"damage":42,"enemies":"Hexaghost","floor":16,"turns":12},{"damage":7,"enemies":"Chosen","floor":18,"turns":4},{"damage":31,"enemies":"2 Thieves","floor":21,"turns":5},{"damage":18,"enemies":"Slavers","floor":23,"turns":23},{"damage":6,"enemies":"Centurion and Healer","floor":24,"turns":4},{"damage":27,"enemies":"Book of Stabbing","floor":25,"turns":4},{"damage":21,"enemies":"Slavers","floor":27,"turns":4},{"damage":9,"enemies":"3 Cultists","floor":29,"turns":5},{"damage":0,"enemies":"Snecko","floor":30,"turns":6},{"damage":16,"enemies":"Snake Plant","floor":31,"turns":5},{"damage":11,"enemies":"Champ","floor":33,"turns":9},{"damage":0,"enemies":"3 Shapes","floor":35,"turns":2},{"damage":0,"enemies":"3 Darklings","floor":36,"turns":5},{"damage":6,"enemies":"Maw","floor":37,"turns":8},{"damage":0,"enemies":"Jaw Worm Horde","floor":38,"turns":5},{"damage":10,"enemies":"3 Darklings","floor":39,"turns":5},{"damage":16,"enemies":"Nemesis","floor":40,"turns":3},{"damage":14,"enemies":"Sphere and 2 Shapes","floor":44,"turns":5},{"damage":4,"enemies":"Reptomancer","floor":45,"turns":4},{"damage":0,"enemies":"Jaw Worm Horde","floor":47,"turns":3},{"damage":6,"enemies":"Nemesis","floor":48,"turns":5},{"damage":5,"enemies":"Awakened One","floor":50,"turns":5},{"damage":0,"enemies":"Shield and Spear","floor":54,"turns":1},{"damage":34,"enemies":"The Heart","floor":55,"turns":5}],"seed_played":"5026243827693576996","potions_obtained":[{"floor":1.0,"key":"Regen Potion"},{"floor":5,"key":"Poison Potion"},{"floor":10,"key":"Weak Potion"},{"floor":16,"key":"Explosive Potion"},{"floor":23,"key":"Block Potion"},{"floor":24,"key":"SteroidPotion"},{"floor":27,"key":"Fruit Juice"},{"floor":29,"key":"Regen Potion"},{"floor":33,"key":"LiquidBronze"}],"is_trial":false,"path_per_floor":["M","?","M","M","M","R","E","R","T","E","M","?","E","$","R","B",null,"M","$","?","M","$","E","M","E","T","E","?","M","M","M","R","B",null,"M","M","M","M","M","E","?","R","T","M","E","$","M","E","R","B",null,"R","$","E","B",null],"character_chosen":"IRONCLAD","items_purchased":["Feed","Ghostly Armor+1","Dead Branch","Armaments+1","Warcry+1","Bronze Scales","Lantern","Bottled Tornado"],"campfire_rested":0,"item_purchase_floors":[14,14,19,19,22,46,46,53],"current_hp_per_floor":[78,83,85,85,75,75,57,57,57,38,44,44,41,41,41,10,66,69,69,69,60,60,56,67,58,58,84,84,89,102,100,100,109,109,113,113,117,121,121,114,111,111,111,112,123,123,133,133,133,133,133,133,133,133,133],"gold":54,"neow_bonus":"TRANSFORM_CARD","is_prod":false,"is_daily":false,"chose_seed":false,"campfire_upgraded":6,"win_rate":0,"timestamp":1554560673,"path_taken":["M","?","M","M","M","R","E","R","T","E","M","?","E","$","R","BOSS","M","$","?","M","$","E","M","E","T","E","?","M","M","?","R","BOSS","M","M","M","M","M","E","?","R","T","M","E","$","M","E","R","BOSS","R","$","E","BOSS"],"build_version":"2019-01-23","purchased_purges":1,"victory":true,"max_hp_per_floor":[80,85,85,85,85,85,85,85,85,85,85,85,85,85,85,85,85,85,85,85,85,85,88,91,91,91,99,99,102,102,105,105,109,109,113,113,117,121,121,121,121,121,121,125,129,129,133,133,133,133,133,133,133,133,133],"card_choices":[{"not_picked":["Heavy Blade","Headbutt"],"picked":"True Grit","floor":1.0},{"not_picked":["Power Through","Anger"],"picked":"Cleave","floor":3.0},{"not_picked":["Rage","Iron Wave"],"picked":"Headbutt","floor":4},{"not_picked":["Seeing Red","Anger"],"picked":"Cleave","floor":5},{"not_picked":["Infernal Blade","Iron Wave"],"picked":"Shrug It Off","floor":7},{"not_picked":["Perfected Strike","Wild Strike"],"picked":"Double Tap+1","floor":10},{"not_picked":["Anger","True Grit+1"],"picked":"Infernal Blade+1","floor":11},{"not_picked":["Heavy Blade","Combust"],"picked":"Rampage","floor":13},{"not_picked":["Dark Embrace","Barricade"],"picked":"Reaper","floor":16},{"not_picked":["Fire Breathing","Perfected Strike","Corruption"],"picked":"SKIP","floor":18},{"not_picked":["Pummel","Iron Wave"],"picked":"Power Through+1","floor":21},{"not_picked":["Evolve+1","Wild Strike"],"picked":"Corruption+1","floor":23},{"not_picked":["Shrug It Off+1","Reckless Charge"],"picked":"Flame Barrier+1","floor":24},{"not_picked":["Spot Weakness+1","Heavy Blade"],"picked":"Shockwave+1","floor":25},{"not_picked":["Heavy Blade+1","Shrug It Off+1"],"picked":"Body Slam","floor":27},{"not_picked":["Body Slam","Immolate","Wild Strike"],"picked":"SKIP","floor":29},{"not_picked":["Perfected Strike","Wild Strike","Pommel Strike"],"picked":"SKIP","floor":30},{"not_picked":["Pommel Strike","Body Slam","Perfected Strike"],"picked":"SKIP","floor":31},{"not_picked":["Feed","Limit Break+1"],"picked":"Juggernaut","floor":33},{"not_picked":["Pommel Strike+1","Sword Boomerang+1","Armaments+1"],"picked":"SKIP","floor":35},{"not_picked":["Seeing Red+1","Clash+1"],"picked":"Flex+1","floor":36},{"not_picked":["Twin Strike+1","Armaments+1"],"picked":"Shockwave+1","floor":37},{"not_picked":["Bloodletting+1","Sentinel+1"],"picked":"Corruption+1","floor":38},{"not_picked":["Ghostly Armor+1","Sword Boomerang+1","Iron Wave+1"],"picked":"SKIP","floor":39},{"not_picked":["Combust+1","Flex+1","Twin Strike+1"],"picked":"SKIP","floor":40},{"not_picked":["Second Wind+1","Cleave+1"],"picked":"Warcry+1","floor":44},{"not_picked":["Metallicize+1","Carnage+1"],"picked":"Dark Embrace","floor":45},{"not_picked":["Sword Boomerang","Headbutt+1","Twin Strike+1"],"picked":"SKIP","floor":47},{"not_picked":["Thunderclap+1","Havoc+1","Flex+1"],"picked":"SKIP","floor":48},{"not_picked":["Pommel Strike","Combust+1"],"picked":"Pummel","floor":54}],"player_experience":287418,"relics_obtained":[{"floor":7,"key":"Toxic Egg 2"},{"floor":9,"key":"Bag of Preparation"},{"floor":10,"key":"Regal Pillow"},{"floor":13,"key":"The Courier"},{"floor":23,"key":"Happy Flower"},{"floor":25,"key":"Self Forming Clay"},{"floor":26,"key":"Magic Flower"},{"floor":27,"key":"Pen Nib"},{"floor":40,"key":"War Paint"},{"floor":45,"key":"Gremlin Horn"},{"floor":48,"key":"Boot"},{"floor":54,"key":"Art of War"}],"event_choices":[{"damage_healed":0.0,"max_hp_gain":5.0,"max_hp_loss":0.0,"gold_gain":0.0,"event_name":"Big Fish","player_choice":"Donut","floor":2.0,"gold_loss":0.0,"damage_taken":0.0},{"damage_healed":0,"gold_gain":0,"cards_transformed":["Defend_R"],"player_choice":"Change","damage_taken":0,"max_hp_gain":0,"max_hp_loss":0,"event_name":"Living Wall","floor":12,"gold_loss":0,"cards_obtained":["Bludgeon"]},{"damage_healed":0,"gold_gain":99,"player_choice":"Stole From Cult","damage_taken":0,"max_hp_gain":0,"max_hp_loss":0,"event_name":"Nest","floor":20,"gold_loss":0},{"damage_healed":0,"gold_gain":0,"player_choice":"1 cards matched","damage_taken":0,"max_hp_gain":0,"max_hp_loss":0,"event_name":"Match and Keep!","floor":28,"gold_loss":0,"cards_obtained":["Impervious"]},{"damage_healed":0,"gold_gain":0,"player_choice":"Punched","damage_taken":3,"max_hp_gain":0,"max_hp_loss":0,"event_name":"Designer","floor":41,"gold_loss":0}],"is_beta":false,"boss_relics":[{"not_picked":["Cursed Key","Astrolabe"],"picked":"Mark of Pain"},{"not_picked":["Coffee Dripper","Busted Crown"],"picked":"Sozu"}],"items_purged_floors":[22],"is_endless":false,"potions_floor_spawned":[1,5,10,16,23,24,27,29,33,35,36,45,47,54],"ascension_level":5}