{"gold_per_floor":[116,128,146,146,2,2,16,54,54,54,69,69,105,105,105,105],"floor_reached":16,"playtime":714,"items_purged":[],"score":112,"play_id":"24c17967-5355-4a99-9d23-6f49ee99d563","local_time":"20180910215108","is_ascension_mode":false,"campfire_choices":[{"data":"Bash","floor":6,"key":"SMITH"},{"floor":15,"key":"REST"}],"neow_cost":"NONE","seed_source_timestamp":294248759120973,"circlet_count":0,"master_deck":["Strike_R","Strike_R","Strike_R","Strike_R","Strike_R","Defend_R","Defend_R","Defend_R","Defend_R","Bash+1","Brutality","Iron Wave","Wild Strike","Blood for Blood","Blood for Blood"],"relics":["Burning Blood","Golden Idol","Anchor","Boot","PreservedInsect","Paper Frog","Blood Vial"],"potions_floor_usage":[13,13,14],"damage_taken":[{"damage":7,"enemies":"Cultist","floor":1,"turns":4},{"damage":0,"enemies":"2 Louse","floor":2,"turns":4},{"damage":9,"enemies":"Jaw Worm","floor":3,"turns":4},{"damage":7,"enemies":"Looter","floor":7,"turns":3},{"damage":36,"enemies":"Lagavulin","floor":8,"turns":7},{"damage":7,"enemies":"Blue Slaver","floor":11,"turns":4},{"damage":11,"enemies":"Gremlin Nob","floor":13,"turns":3},{"damage":0,"enemies":"Red Slaver","floor":14,"turns":1},{"damage":46,"enemies":"The Guardian","floor":16,"turns":5}],"seed_played":"-4789060886751617434","potions_obtained":[{"floor":1,"key":"FearPotion"},{"floor":3,"key":"Strength Potion"},{"floor":7,"key":"SkillPotion"},{"floor":11,"key":"SmokeBomb"}],"is_trial":false,"path_per_floor":["M","M","M","?","$","R","M","E","T","?","M","$","E","M","R"],"character_chosen":"IRONCLAD","items_purchased":["Anchor"],"campfire_rested":1,"item_purchase_floors":[5],"current_hp_per_floor":[79,80,77,57,57,57,56,26,26,14,13,13,8,16,40,0],"gold":105,"neow_bonus":"ONE_RANDOM_RARE_CARD","is_prod":false,"is_daily":false,"chose_seed":false,"campfire_upgraded":1,"win_rate":0.0,"timestamp":1536609068,"path_taken":["M","M","M","?","$","R","M","E","T","?","?","?","E","M","R","BOSS"],"build_version":"2018-09-06","purchased_purges":0,"victory":false,"max_hp_per_floor":[80,80,80,80,80,80,80,80,80,80,80,80,80,80,80,80],"card_choices":[{"not_picked":["Power Through","Blood for Blood"],"picked":"Iron Wave","floor":1},{"not_picked":["Body Slam","Warcry"],"picked":"Wild Strike","floor":2},{"not_picked":["Body Slam","Shockwave","Clash"],"picked":"SKIP","floor":3},{"not_picked":["Clash","Flex","Impervious"],"picked":"SKIP","floor":7},{"not_picked":["Ghostly Armor","Heavy Blade"],"picked":"Blood for Blood","floor":8},{"not_picked":["Sword Boomerang","Havoc","Fire Breathing"],"picked":"SKIP","floor":11},{"not_picked":["True Grit","Flex"],"picked":"Blood for Blood","floor":13}],"player_experience":105932,"relics_obtained":[{"floor":8,"key":"Boot"},{"floor":9,"key":"PreservedInsect"},{"floor":13,"key":"Blood Vial"}],"event_choices":[{"event_name":"Golden Idol","player_choice":"Take Damage","floor":4,"damage_taken":0},{"event_name":"Scrap Ooze","player_choice":"success","floor":10,"damage_taken":12}],"is_beta":false,"boss_relics":[],"items_purged_floors":[],"is_endless":false,"potions_floor_spawned":[1,3,7,11],"killed_by":"The Guardian","ascension_level":0}