{"gold_per_floor":[110,110,1,19,19,19,54,54,54,83,99,99,99,118,118,221,221,241,55,67,79,94,94,94],"floor_reached":24,"playtime":926,"items_purged":["Strike_R","Defend_R"],"score":231,"play_id":"1f618195-e521-4097-8820-6dc49aab56b1","local_time":"20190227175511","is_ascension_mode":false,"campfire_choices":[{"data":"Bash","floor":6,"key":"SMITH"},{"data":"Flame Barrier","floor":12,"key":"SMITH"},{"data":"Twin Strike","floor":15,"key":"SMITH"},{"data":"Metallicize","floor":23,"key":"SMITH"}],"neow_cost":"NONE","seed_source_timestamp":968467421901185,"circlet_count":0,"master_deck":["Strike_R","Strike_R","Strike_R","Strike_R","Defend_R","Defend_R","Bash+1","Armaments+1","Metallicize+1","Twin Strike+1","Reckless Charge","Dropkick","Feed","Second Wind","Metallicize","True Grit"],"relics":["Burning Blood","Dodecahedron","Singing Bowl","Meat on the Bone","Runic Cube"],"potions_floor_usage":[16,22,22],"damage_taken":[{"damage":0,"enemies":"2 Louse","floor":1,"turns":3},{"damage":6,"enemies":"Jaw Worm","floor":4,"turns":5},{"damage":22,"enemies":"Gremlin Nob","floor":7,"turns":4},{"damage":17,"enemies":"Lagavulin","floor":10,"turns":6},{"damage":5,"enemies":"Small Slimes","floor":11,"turns":3},{"damage":0,"enemies":"Exordium Wildlife","floor":14,"turns":2},{"damage":45,"enemies":"The Guardian","floor":16,"turns":10},{"damage":2,"enemies":"Chosen","floor":18,"turns":5},{"damage":28,"enemies":"Spheric Guardian","floor":20,"turns":6},{"damage":35,"enemies":"Centurion and Healer","floor":21,"turns":7},{"damage":56,"enemies":"3 Cultists","floor":22,"turns":8},{"damage":25,"enemies":"Gremlin Leader","floor":24,"turns":3}],"seed_played":"3117967380839647379","potions_obtained":[{"floor":4,"key":"Dexterity Potion"},{"floor":10,"key":"Energy Potion"},{"floor":11,"key":"Poison Potion"},{"floor":16,"key":"PowerPotion"}],"is_trial":false,"path_per_floor":["M","?","$","M","?","R","E","$","T","E","M","R","?","M","R","B",null,"M","$","M","M","M","R","E"],"character_chosen":"IRONCLAD","items_purchased":["Metallicize","Metallicize","True Grit"],"campfire_rested":0,"item_purchase_floors":[3,19,19],"current_hp_per_floor":[80,80,80,80,80,80,64,64,64,53,54,54,80,82,82,55,82,82,82,66,55,22,22,0],"gold":94,"neow_bonus":"REMOVE_CARD","is_prod":false,"is_daily":false,"chose_seed":false,"campfire_upgraded":4,"win_rate":0,"timestamp":1551286511,"path_taken":["M","?","$","M","?","R","E","?","T","E","M","R","?","M","R","BOSS","M","$","M","M","?","R","E"],"build_version":"2019-01-23","purchased_purges":2,"victory":false,"max_hp_per_floor":[80,80,80,80,80,80,80,80,80,80,80,80,80,82,82,82,82,82,82,88,94,99,99,99],"card_choices":[{"not_picked":["Twin Strike","Warcry"],"picked":"Armaments","floor":1},{"not_picked":["Anger","Warcry"],"picked":"Twin Strike","floor":4},{"not_picked":["Intimidate","Blood for Blood"],"picked":"Reckless Charge","floor":7},{"not_picked":["Metallicize","Iron Wave"],"picked":"Dropkick","floor":10},{"not_picked":["Demon Form","Bloodletting"],"picked":"Flame Barrier","floor":11},{"not_picked":["Armaments","Warcry","Clash"],"picked":"Singing Bowl","floor":14},{"not_picked":["Juggernaut","Exhume"],"picked":"Feed","floor":16},{"not_picked":["Anger","Twin Strike"],"picked":"Second Wind","floor":18},{"not_picked":["Twin Strike","Sword Boomerang+1","Flame Barrier"],"picked":"Singing Bowl","floor":20},{"not_picked":["Shrug It Off","Thunderclap","Pommel Strike+1"],"picked":"Singing Bowl","floor":21},{"not_picked":["Seeing Red","Ghostly Armor","Spot Weakness+1"],"picked":"Singing Bowl","floor":22}],"player_experience":239290,"relics_obtained":[{"floor":7,"key":"Dodecahedron"},{"floor":9,"key":"Singing Bowl"},{"floor":10,"key":"Meat on the Bone"}],"event_choices":[{"damage_healed":0,"gold_gain":0,"player_choice":"Grow","damage_taken":0,"max_hp_gain":0,"max_hp_loss":0,"event_name":"Living Wall","floor":2,"gold_loss":0,"cards_upgraded":["Armaments"]},{"damage_healed":0,"gold_gain":0,"player_choice":"Leave","damage_taken":0,"max_hp_gain":0,"max_hp_loss":0,"event_name":"The Cleric","floor":5,"gold_loss":0},{"cards_removed":["Flame Barrier"],"damage_healed":26,"gold_gain":0,"player_choice":"Offered Uncommon","damage_taken":0,"max_hp_gain":0,"max_hp_loss":0,"event_name":"Bonfire Elementals","floor":13,"gold_loss":0}],"is_beta":false,"boss_relics":[{"not_picked":["Ectoplasm","Coffee Dripper"],"picked":"Runic Cube"}],"items_purged_floors":[3,19],"is_endless":false,"potions_floor_spawned":[4,10,11,16,18,20,21],"killed_by":"Gremlin Leader","ascension_level":0}