{"gold_per_floor":[116,116,41,2,20,50,50,77,148,162,193,204,23,40,40,115,115,125,125,24,35,35,35],"floor_reached":23,"playtime":743,"items_purged":["Pain"],"score":493,"play_id":"657cc897-64f7-415f-b4dd-5f9d13d1bbd4","local_time":"20190430234713","is_ascension_mode":true,"campfire_choices":[{"data":"True Grit","floor":15,"key":"SMITH"}],"neow_cost":"NONE","seed_source_timestamp":3754441146065942,"circlet_count":0,"master_deck":["AscendersBane","Strike_R","Strike_R","Strike_R","Strike_R","Strike_R","Defend_R","Defend_R","Defend_R","Defend_R","Bash","Wild Strike","Metallicize","Uppercut","Ghostly Armor","Armaments","Metallicize","Shrug It Off","True Grit+1","Metallicize","Shrug It Off","Demon Form","Iron Wave","Metallicize","Shrug It Off","Iron Wave+1"],"relics":["Burning Blood","NeowsBlessing","WarpedTongs","Ancient Tea Set","Dream Catcher","Strawberry","Shuriken","Lantern","Busted Crown"],"potions_floor_usage":[11,16,18,21,23],"damage_taken":[{"damage":0,"enemies":"Jaw Worm","floor":1,"turns":1},{"damage":0,"enemies":"Cultist","floor":5,"turns":1},{"damage":0,"enemies":"Lagavulin","floor":6,"turns":1},{"damage":24,"enemies":"Gremlin Nob","floor":8,"turns":4},{"damage":1,"enemies":"Small Slimes","floor":10,"turns":4},{"damage":13,"enemies":"3 Sentries","floor":11,"turns":9},{"damage":1,"enemies":"Looter","floor":12,"turns":3},{"damage":4,"enemies":"Large Slime","floor":14,"turns":6},{"damage":57,"enemies":"Slime Boss","floor":16,"turns":17},{"damage":0,"enemies":"Chosen","floor":18,"turns":5},{"damage":22,"enemies":"3 Byrds","floor":21,"turns":10},{"damage":56,"enemies":"Book of Stabbing","floor":23,"turns":5}],"seed_played":"-4966700107062004363","potions_obtained":[{"floor":1,"key":"EssenceOfSteel"},{"floor":6,"key":"Strength Potion"},{"floor":8,"key":"SmokeBomb"},{"floor":14,"key":"SteroidPotion"},{"floor":16,"key":"Ancient Potion"},{"floor":18,"key":"GamblersBrew"}],"is_trial":false,"path_per_floor":["M","?","$","$","M","E","?","E","T","M","E","M","$","M","R","B",null,"M","?","$","M","?","E"],"character_chosen":"IRONCLAD","items_purchased":["Metallicize","True Grit","Metallicize","FearPotion","Metallicize","Shrug It Off"],"campfire_rested":0,"item_purchase_floors":[4,13,13,13,20,20],"current_hp_per_floor":[74,74,74,74,75,75,75,64,64,69,62,67,67,69,69,18,66,72,72,72,56,56,0],"gold":35,"neow_bonus":"THREE_ENEMY_KILL","is_prod":false,"is_daily":false,"chose_seed":false,"campfire_upgraded":1,"win_rate":0,"timestamp":1556664433,"path_taken":["M","?","?","$","M","E","?","E","T","M","E","?","$","M","R","BOSS","M","?","$","M","?","E"],"build_version":"2019-01-23","purchased_purges":1,"victory":false,"max_hp_per_floor":[75,75,75,75,75,75,75,82,82,82,82,82,82,82,82,82,82,82,82,82,82,82,82],"card_choices":[{"not_picked":["Hemokinesis","Headbutt"],"picked":"Wild Strike","floor":1},{"not_picked":["Anger","Warcry"],"picked":"Uppercut","floor":5},{"not_picked":["Sentinel","Clash","Bloodletting"],"picked":"SKIP","floor":6},{"not_picked":["Rage","Wild Strike"],"picked":"Ghostly Armor","floor":8},{"not_picked":["Pummel","Infernal Blade"],"picked":"Armaments","floor":10},{"not_picked":["Dual Wield","Infernal Blade"],"picked":"Metallicize","floor":11},{"not_picked":["Sentinel","Hemokinesis"],"picked":"Shrug It Off","floor":12},{"not_picked":["Armaments","Cleave"],"picked":"Shrug It Off","floor":14},{"not_picked":["Brutality","Bludgeon"],"picked":"Demon Form","floor":16},{"not_picked":[],"picked":"Iron Wave","floor":18},{"not_picked":[],"picked":"Iron Wave+1","floor":21}],"player_experience":756669,"relics_obtained":[{"floor":6,"key":"Ancient Tea Set"},{"floor":8,"key":"Strawberry"},{"floor":9,"key":"Shuriken"},{"floor":11,"key":"Lantern"}],"event_choices":[{"damage_healed":0,"gold_gain":0,"player_choice":"Rummage","damage_taken":0,"relics_obtained":["WarpedTongs"],"max_hp_gain":0,"max_hp_loss":0,"event_name":"Accursed Blacksmith","floor":2,"gold_loss":0,"cards_obtained":["Pain"]},{"damage_healed":0,"gold_gain":0,"player_choice":"Gave Potion","damage_taken":0,"relics_obtained":["Dream Catcher"],"max_hp_gain":0,"max_hp_loss":0,"event_name":"WeMeetAgain","floor":7,"gold_loss":0},{"damage_healed":0,"gold_gain":0,"player_choice":"Ignored","damage_taken":0,"max_hp_gain":0,"max_hp_loss":0,"event_name":"Ghosts","floor":19,"gold_loss":0},{"damage_healed":0,"gold_gain":0,"player_choice":"Ignored","damage_taken":0,"max_hp_gain":0,"max_hp_loss":0,"event_name":"The Mausoleum","floor":22,"gold_loss":0}],"is_beta":false,"boss_relics":[{"not_picked":["White Beast Statue","Black Blood"],"picked":"Busted Crown"}],"items_purged_floors":[3],"is_endless":false,"potions_floor_spawned":[1,6,8,14,16,18],"killed_by":"Book of Stabbing","ascension_level":20}