{"gold_per_floor":[117,133,133,145,220,249,249,280,303,316,333,348,376,394,394,394],"floor_reached":16,"playtime":654,"items_purged":[],"score":180,"play_id":"08e9f44d-a8a1-4a54-bbe2-ce3edd2ec53c","local_time":"20181214213806","is_ascension_mode":true,"campfire_choices":[{"floor":7,"key":"RECALL"},{"floor":15,"key":"REST"}],"neow_cost":"NONE","seed_source_timestamp":237525312173521,"circlet_count":0,"master_deck":["Strike_R","Strike_R","Strike_R","Strike_R+1","Strike_R","Defend_R","Defend_R","Defend_R","Defend_R","Bash+1","Rage","Thunderclap","Flame Barrier","Limit Break"],"relics":["Burning Blood","Whetstone","Strawberry","Bronze Scales","Centennial Puzzle"],"potions_floor_usage":[6,16],"damage_taken":[{"damage":10,"enemies":"Cultist","floor":1,"turns":5},{"damage":6,"enemies":"Jaw Worm","floor":2,"turns":2},{"damage":0,"enemies":"2 Louse","floor":4,"turns":2},{"damage":17,"enemies":"Gremlin Nob","floor":6,"turns":4},{"damage":34,"enemies":"3 Sentries","floor":8,"turns":8},{"damage":0,"enemies":"2 Fungi Beasts","floor":10,"turns":3},{"damage":0,"enemies":"3 Louse","floor":11,"turns":3},{"damage":4,"enemies":"Blue Slaver","floor":12,"turns":4},{"damage":47,"enemies":"Lagavulin","floor":13,"turns":9},{"damage":15,"enemies":"Lots of Slimes","floor":14,"turns":3},{"damage":38,"enemies":"Hexaghost","floor":16,"turns":9}],"seed_played":"-6997796794504845885","potions_obtained":[{"floor":1,"key":"Poison Potion"},{"floor":2,"key":"Swift Potion"},{"floor":13,"key":"GamblersBrew"},{"floor":14,"key":"EssenceOfSteel"}],"is_trial":false,"path_per_floor":["M","M","$","M","?","E","R","E","T","M","M","M","E","M","R","B"],"character_chosen":"IRONCLAD","items_purchased":[],"campfire_rested":1,"item_purchase_floors":[],"current_hp_per_floor":[84,84,84,88,77,66,66,45,45,51,57,59,18,9,37,0],"gold":394,"neow_bonus":"TEN_PERCENT_HP_BONUS","is_prod":false,"is_daily":false,"chose_seed":false,"campfire_upgraded":0,"win_rate":0,"timestamp":1544819886,"path_taken":["M","M","$","?","?","E","R","E","T","M","M","M","E","M","R","BOSS"],"build_version":"2018-12-13","purchased_purges":0,"victory":false,"max_hp_per_floor":[88,88,88,88,88,88,88,95,95,95,95,95,95,95,95,95],"card_choices":[{"not_picked":["Dual Wield","Power Through"],"picked":"Rage","floor":1},{"not_picked":["Clash","Sever Soul"],"picked":"Thunderclap","floor":2},{"not_picked":["Twin Strike","Evolve"],"picked":"Flame Barrier","floor":4},{"not_picked":["Carnage","Pommel Strike","True Grit"],"picked":"SKIP","floor":6},{"not_picked":["Reckless Charge","Rupture","Clothesline"],"picked":"SKIP","floor":8},{"not_picked":["Wild Strike","Sentinel","Armaments"],"picked":"SKIP","floor":10},{"not_picked":["Thunderclap","Carnage"],"picked":"Limit Break","floor":11},{"not_picked":["Flex","Pommel Strike","Perfected Strike"],"picked":"SKIP","floor":12},{"not_picked":["Flex","Sentinel","Clash"],"picked":"SKIP","floor":13},{"not_picked":["Feel No Pain","Reckless Charge","Thunderclap"],"picked":"SKIP","floor":14}],"player_experience":327892,"relics_obtained":[{"floor":6,"key":"Whetstone"},{"floor":8,"key":"Strawberry"},{"floor":9,"key":"Bronze Scales"},{"floor":13,"key":"Centennial Puzzle"}],"event_choices":[{"damage_healed":0,"gold_gain":75,"player_choice":"Gather Gold","damage_taken":11,"max_hp_gain":0,"max_hp_loss":0,"event_name":"World of Goop","floor":5,"gold_loss":0}],"is_beta":false,"boss_relics":[],"items_purged_floors":[],"is_endless":false,"potions_floor_spawned":[1,2,13,14],"killed_by":"Hexaghost","ascension_level":5}