{"gold_per_floor":[113,113,113,127,147,147,161,161,240,305,123,148,148,168,168,264,264,279,279,291,306,323,323,342,342,342,261,261,281,133,148,148,247,247,262,262,278,292,46,46,46,57,81,97,97,27,38,48,48,48],"floor_reached":51,"playtime":2430,"items_purged":[],"score":992,"play_id":"cdbe61f9-5955-4a0b-bba7-9ed12f783849","local_time":"20180929224126","is_ascension_mode":true,"campfire_choices":[{"data":"Bash","floor":6,"key":"SMITH"},{"data":"Flame Barrier","floor":8,"key":"SMITH"},{"data":"Uppercut","floor":13,"key":"SMITH"},{"data":"Evolve","floor":15,"key":"SMITH"},{"data":"Shockwave","floor":23,"key":"SMITH"},{"data":"Disarm","floor":25,"key":"SMITH"},{"data":"Spot Weakness","floor":32,"key":"SMITH"},{"data":"Spot Weakness","floor":40,"key":"SMITH"},{"data":"Impervious","floor":45,"key":"SMITH"},{"data":"Shrug It Off","floor":49,"key":"SMITH"}],"neow_cost":"NONE","seed_source_timestamp":462848745638340,"circlet_count":0,"master_deck":["Strike_R+1","Strike_R+1","Strike_R+1","Strike_R+1","Defend_R+1","Defend_R+1","Defend_R+1","Defend_R+1","Bash+1","AscendersBane","Spot Weakness+1","Evolve+1","Flame Barrier+1","Battle Trance","Pummel+1","Reaper+1","Corruption+1","Spot Weakness+1","Uppercut+1","Shrug It Off+1","Disarm+1","Impervious+1","Shockwave+1","Clothesline+1","Intimidate","Metallicize+1","Shrug It Off+1","Demon Form+1","Battle Trance","Heavy Blade+1","Flex+1","Metallicize+1"],"relics":["Burning Blood","Frozen Egg 2","Tiny Chest","Odd Mushroom","Coffee Dripper","Shuriken","Vajra","Runic Pyramid","Gremlin Horn","Ice Cream","Whetstone"],"potions_floor_usage":[10,16,18,21,33,33,47,50,50,50],"damage_taken":[{"damage":13,"enemies":"Cultist","floor":1,"turns":6},{"damage":10,"enemies":"Small Slimes","floor":4,"turns":4},{"damage":8,"enemies":"2 Louse","floor":5,"turns":3},{"damage":17,"enemies":"Looter","floor":7,"turns":3},{"damage":15,"enemies":"3 Sentries","floor":10,"turns":8},{"damage":4,"enemies":"The Mushroom Lair","floor":12,"turns":4},{"damage":8,"enemies":"Blue Slaver","floor":14,"turns":3},{"damage":33,"enemies":"The Guardian","floor":16,"turns":11},{"damage":7,"enemies":"3 Byrds","floor":18,"turns":5},{"damage":21,"enemies":"Spheric Guardian","floor":20,"turns":4},{"damage":0,"enemies":"Snecko","floor":21,"turns":4},{"damage":25,"enemies":"Shelled Parasite and Fungi","floor":22,"turns":6},{"damage":1,"enemies":"Centurion and Healer","floor":24,"turns":6},{"damage":0,"enemies":"Cultist and Chosen","floor":29,"turns":5},{"damage":4,"enemies":"Shelled Parasite and Fungi","floor":31,"turns":4},{"damage":29,"enemies":"Champ","floor":33,"turns":11},{"damage":4,"enemies":"Orb Walker","floor":35,"turns":3},{"damage":20,"enemies":"3 Shapes","floor":37,"turns":4},{"damage":17,"enemies":"Transient","floor":38,"turns":5},{"damage":0,"enemies":"Mind Bloom Boss Battle","floor":41,"turns":7},{"damage":41,"enemies":"Spire Growth","floor":42,"turns":6},{"damage":7,"enemies":"Reptomancer","floor":44,"turns":5},{"damage":47,"enemies":"Transient","floor":47,"turns":5},{"damage":16,"enemies":"Sphere and 2 Shapes","floor":48,"turns":5},{"damage":60,"enemies":"Awakened One","floor":50,"turns":10}],"seed_played":"680437290485971259","potions_obtained":[{"floor":1,"key":"SpeedPotion"},{"floor":7,"key":"FearPotion"},{"floor":16,"key":"Fire Potion"},{"floor":18,"key":"SkillPotion"},{"floor":19,"key":"GamblersBrew"},{"floor":19,"key":"Regen Potion"},{"floor":19,"key":"Regen Potion"},{"floor":24,"key":"Poison Potion"},{"floor":29,"key":"EssenceOfSteel"},{"floor":33,"key":"SteroidPotion"},{"floor":35,"key":"PowerPotion"},{"floor":37,"key":"BloodPotion"},{"floor":42,"key":"PowerPotion"},{"floor":47,"key":"FearPotion"}],"is_trial":false,"path_per_floor":["M","?","?","M","M","R","M","R","T","E","$","?","R","M","R","B",null,"M","?","M","M","M","R","M","R","T","$","?","M","$","M","R","B",null,"M","?","M","M","$","R","?","M","T","M","R","$","M","M","R","B"],"character_chosen":"IRONCLAD","items_purchased":["Corruption+1","Spot Weakness","Uppercut","Metallicize+1","Vajra","Gremlin Horn","Metallicize+1"],"campfire_rested":0,"item_purchase_floors":[11,11,11,27,30,39,46],"current_hp_per_floor":[73,73,73,69,67,67,56,56,56,47,47,49,49,47,47,30,74,82,82,67,88,69,69,88,88,88,88,88,88,88,88,88,80,86,88,88,74,63,63,63,88,73,73,88,88,88,86,88,88,88],"gold":48,"neow_bonus":"TEN_PERCENT_HP_BONUS","is_prod":false,"is_daily":false,"chose_seed":false,"campfire_upgraded":10,"win_rate":0,"timestamp":1538232086,"path_taken":["M","?","?","M","M","R","M","R","T","E","$","?","R","?","R","BOSS","M","?","M","M","M","R","M","R","T","?","?","M","$","M","R","BOSS","M","?","M","M","$","R","?","M","T","M","R","$","M","?","R","BOSS"],"build_version":"2018-09-27","purchased_purges":0,"victory":true,"max_hp_per_floor":[88,88,88,88,88,88,88,88,88,88,88,88,88,88,88,88,88,88,88,88,88,88,88,88,88,88,88,88,88,88,88,88,88,88,88,88,88,88,88,88,88,88,88,88,88,88,88,88,88,88],"card_choices":[{"not_picked":["Rupture","Cleave"],"picked":"Spot Weakness","floor":1},{"not_picked":["Body Slam","Combust"],"picked":"Flame Barrier","floor":4},{"not_picked":["Combust","Shrug It Off"],"picked":"Battle Trance","floor":5},{"not_picked":["Sword Boomerang","Havoc"],"picked":"Pummel","floor":7},{"not_picked":["Carnage","Blood for Blood"],"picked":"Reaper","floor":10},{"not_picked":["Perfected Strike","Pommel Strike"],"picked":"Shrug It Off","floor":12},{"not_picked":["Warcry","Headbutt"],"picked":"Disarm","floor":14},{"not_picked":["Dark Embrace+1","Fiend Fire"],"picked":"Impervious","floor":16},{"not_picked":["Cleave","Rampage"],"picked":"Shockwave","floor":18},{"not_picked":["Anger","Power Through"],"picked":"Clothesline+1","floor":20},{"not_picked":["Anger","Cleave","Hemokinesis+1"],"picked":"SKIP","floor":21},{"not_picked":["Entrench","Sever Soul","Cleave"],"picked":"SKIP","floor":22},{"not_picked":["Twin Strike","Entrench"],"picked":"Intimidate","floor":24},{"not_picked":["Warcry","Iron Wave"],"picked":"Shrug It Off+1","floor":29},{"not_picked":["Wild Strike","Clothesline","True Grit"],"picked":"SKIP","floor":31},{"not_picked":["Limit Break","Fiend Fire"],"picked":"Demon Form+1","floor":33},{"not_picked":["Searing Blow","Armaments+1","Combust+1"],"picked":"SKIP","floor":35},{"not_picked":["Warcry","Dual Wield+1","Twin Strike"],"picked":"SKIP","floor":37},{"not_picked":["Havoc","Iron Wave"],"picked":"Battle Trance","floor":38},{"not_picked":["Cleave+1","True Grit+1"],"picked":"Heavy Blade+1","floor":41},{"not_picked":["Warcry","Evolve+1"],"picked":"Flex+1","floor":42},{"not_picked":["Clash","Fire Breathing+1","Havoc+1"],"picked":"SKIP","floor":44},{"not_picked":["Twin Strike+1","Pommel Strike+1","Perfected Strike"],"picked":"SKIP","floor":47},{"not_picked":["Second Wind+1","Pommel Strike","Rage"],"picked":"SKIP","floor":48}],"player_experience":392642,"relics_obtained":[{"floor":9,"key":"Frozen Egg 2"},{"floor":10,"key":"Tiny Chest"},{"floor":12,"key":"Odd Mushroom"},{"floor":26,"key":"Shuriken"},{"floor":41,"key":"Ice Cream"},{"floor":43,"key":"Whetstone"}],"event_choices":[{"event_name":"Liars Game","player_choice":"disagreed","floor":2,"damage_taken":0},{"event_name":"Living Wall","player_choice":"Change","floor":3,"damage_taken":0},{"event_name":"Mushrooms","player_choice":"Fought Mushrooms","floor":12,"damage_taken":0},{"event_name":"The Lab","player_choice":"Got Potions","floor":19,"damage_taken":0},{"event_name":"Back to Basics","player_choice":"Simplicity","floor":28,"damage_taken":0},{"event_name":"SensoryStone","player_choice":"Memory 1","floor":36,"damage_taken":0},{"event_name":"MindBloom","player_choice":"Fight","floor":41,"damage_taken":0}],"is_beta":false,"boss_relics":[{"not_picked":["Pandora\u0027s Box","Philosopher\u0027s Stone"],"picked":"Coffee Dripper"},{"not_picked":["Velvet Choker","Black Blood"],"picked":"Runic Pyramid"}],"items_purged_floors":[],"is_endless":false,"potions_floor_spawned":[1,7,16,18,24,29,33,35,37,42,47],"ascension_level":10}