{"gold_per_floor":[109,125,125,136,136,136,152,178,178,178,195,228,303,321,321,417,417,427,445,395,411,510,510,536,555,555,555,571,587,616,103,103,208,208,228,243,343,358,368,368,398,398,398,410,456,468,46,56,56,56],"floor_reached":50,"playtime":3984,"items_purged":["Strike_R"],"score":637,"play_id":"1e62cd31-ee3d-4a34-a44d-6e0d28ba1d50","local_time":"20190219123645","is_ascension_mode":true,"campfire_choices":[{"data":"Armaments","floor":6.0,"key":"SMITH"},{"data":"Immolate","floor":10.0,"key":"SMITH"},{"data":"Bloodletting","floor":15.0,"key":"SMITH"},{"data":"Bash","floor":23.0,"key":"SMITH"},{"floor":27.0,"key":"RECALL"},{"data":"Enlightenment","floor":32.0,"key":"SMITH"},{"data":"Armaments","floor":40.0,"key":"SMITH"},{"data":"Double Tap","floor":42.0,"key":"SMITH"},{"data":"Rupture","floor":46.0,"key":"SMITH"},{"floor":49.0,"key":"REST"}],"neow_cost":"NONE","seed_source_timestamp":254178180246837,"circlet_count":0,"master_deck":["Strike_R","Defend_R","Defend_R","Defend_R","Bash+1","Thunderclap","Armaments+1","Clothesline","Immolate+1","Bloodletting+1","Dropkick","Double Tap+1","Headbutt+1","Disarm+1","Rampage","Rupture+1","Shockwave","Enlightenment+1","Reaper","Blood for Blood+1","Havoc+1","Dropkick+1","Combust","Armaments+1","Dual Wield+1","Metallicize","Shrug It Off"],"special_seed":0,"relics":["Burning Blood","Bag of Marbles","Magic Flower","Blue Candle","Ancient Tea Set","Velvet Choker","Strawberry","Bottled Tornado","Red Skull","HandDrill","Vajra","Astrolabe","Turnip","Art of War","MawBank","Boot","Calipers"],"potions_floor_usage":[50,50],"damage_taken":[{"damage":7.0,"enemies":"Jaw Worm","floor":1.0,"turns":3.0},{"damage":1.0,"enemies":"Cultist","floor":2.0,"turns":3.0},{"damage":0.0,"enemies":"Small Slimes","floor":4.0,"turns":2.0},{"damage":3.0,"enemies":"3 Louse","floor":7.0,"turns":4.0},{"damage":27.0,"enemies":"Gremlin Nob","floor":8.0,"turns":4.0},{"damage":1.0,"enemies":"Lots of Slimes","floor":11.0,"turns":2.0},{"damage":20.0,"enemies":"3 Sentries","floor":12.0,"turns":3.0},{"damage":0.0,"enemies":"Exordium Wildlife","floor":14.0,"turns":1.0},{"damage":56.0,"enemies":"Hexaghost","floor":16.0,"turns":11.0},{"damage":8.0,"enemies":"Shell Parasite","floor":18.0,"turns":3.0},{"damage":3.0,"enemies":"3 Byrds","floor":19.0,"turns":2.0},{"damage":9.0,"enemies":"Snake Plant","floor":21.0,"turns":4.0},{"damage":30.0,"enemies":"Slavers","floor":24.0,"turns":3.0},{"damage":20.0,"enemies":"Cultist and Chosen","floor":25.0,"turns":5.0},{"damage":7.0,"enemies":"3 Cultists","floor":28.0,"turns":4.0},{"damage":15.0,"enemies":"Snake Plant","floor":29.0,"turns":3.0},{"damage":17.0,"enemies":"Book of Stabbing","floor":30.0,"turns":4.0},{"damage":34.0,"enemies":"Collector","floor":33.0,"turns":5.0},{"damage":3.0,"enemies":"3 Shapes","floor":35.0,"turns":7.0},{"damage":9.0,"enemies":"3 Darklings","floor":36.0,"turns":3.0},{"damage":24.0,"enemies":"Mind Bloom Boss Battle","floor":37.0,"turns":5.0},{"damage":24.0,"enemies":"Transient","floor":38.0,"turns":5.0},{"damage":35.0,"enemies":"Sphere and 2 Shapes","floor":39.0,"turns":4.0},{"damage":68.0,"enemies":"Giant Head","floor":41.0,"turns":7.0},{"damage":64.0,"enemies":"Reptomancer","floor":45.0,"turns":6.0},{"damage":12.0,"enemies":"4 Shapes","floor":48.0,"turns":1.0},{"damage":91,"enemies":"Time Eater","floor":50,"turns":11}],"seed_played":"-2430440238591297594","potions_obtained":[{"floor":1.0,"key":"Swift Potion"},{"floor":7.0,"key":"Fire Potion"},{"floor":8.0,"key":"Energy Potion"},{"floor":14.0,"key":"Dexterity Potion"},{"floor":16.0,"key":"Strength Potion"},{"floor":21.0,"key":"PowerPotion"},{"floor":24.0,"key":"SpeedPotion"},{"floor":30.0,"key":"Poison Potion"},{"floor":35.0,"key":"AttackPotion"}],"is_trial":false,"path_per_floor":["M","M","?","M","?","R","M","E","T","R","M","E","?","M","R","B",null,"M","M","?","M","?","R","E","M","T","R","M","M","E","$","R","B",null,"M","M","?","M","M","R","E","R","T","?","E","R","$","M","R","B"],"character_chosen":"IRONCLAD","items_purchased":["Enlightenment","HandDrill","Vajra","Calipers","Metallicize","Shrug It Off"],"campfire_rested":1,"item_purchase_floors":[31,31,31,47,47,47],"current_hp_per_floor":[79,80,73,80,80,80,80,62,62,62,70,59,48,57,57,10,80,80,80,80,80,80,80,66,55,55,55,57,51,43,43,43,18,87,87,87,81,83,57,57,60,60,60,60,28,28,28,25,49,0],"gold":56,"neow_bonus":"RANDOM_COMMON_RELIC","is_prod":false,"is_daily":false,"chose_seed":false,"campfire_upgraded":8,"win_rate":0,"timestamp":1550576205,"path_taken":["M","M","?","M","?","R","?","E","T","R","M","E","?","M","R","BOSS","M","M","?","?","?","R","E","M","T","R","M","M","E","$","R","BOSS","M","M","?","M","M","R","E","R","T","?","E","R","$","M","R","BOSS"],"build_version":"2019-01-23","purchased_purges":1,"victory":false,"max_hp_per_floor":[80,80,80,80,80,80,80,80,80,80,80,80,80,80,80,80,80,80,80,80,80,80,80,87,87,87,87,87,87,87,87,87,87,87,87,87,87,87,87,87,87,87,87,83,83,83,83,83,83,83],"card_choices":[{"not_picked":["Blood for Blood","Sever Soul","Ghostly Armor"],"picked":"SKIP","floor":1.0},{"not_picked":["Reckless Charge","Heavy Blade"],"picked":"Thunderclap","floor":2.0},{"not_picked":["Warcry","True Grit"],"picked":"Armaments","floor":4.0},{"not_picked":["Clothesline","Body Slam","Sword Boomerang"],"picked":"SKIP","floor":7.0},{"not_picked":["Body Slam","Sword Boomerang"],"picked":"Clothesline","floor":7.0},{"not_picked":["Clash","Sword Boomerang"],"picked":"Immolate","floor":8.0},{"not_picked":["Whirlwind","Thunderclap"],"picked":"Bloodletting","floor":11.0},{"not_picked":["Wild Strike","Flex","Pommel Strike"],"picked":"SKIP","floor":12.0},{"not_picked":["Clash","Perfected Strike"],"picked":"Dropkick","floor":14.0},{"not_picked":["Immolate","Offering"],"picked":"Double Tap","floor":16.0},{"not_picked":["Body Slam","Clash","Thunderclap+1"],"picked":"SKIP","floor":18.0},{"not_picked":["Second Wind","Thunderclap"],"picked":"Headbutt+1","floor":19.0},{"not_picked":["True Grit","Iron Wave"],"picked":"Disarm+1","floor":21.0},{"not_picked":["Perfected Strike+1","Feel No Pain+1"],"picked":"Rampage","floor":24.0},{"not_picked":["Iron Wave","Feel No Pain"],"picked":"Rupture","floor":25.0},{"not_picked":["Second Wind+1","Sever Soul"],"picked":"Shockwave","floor":28.0},{"not_picked":["Fire Breathing","Infernal Blade+1","Anger"],"picked":"SKIP","floor":29.0},{"not_picked":["Double Tap","Pommel Strike","Disarm"],"picked":"SKIP","floor":30.0},{"not_picked":["Immolate","Demon Form"],"picked":"Reaper","floor":33.0},{"not_picked":["Second Wind","Headbutt","Rampage"],"picked":"SKIP","floor":35.0},{"not_picked":["Headbutt","Twin Strike"],"picked":"Combust","floor":36.0},{"not_picked":["Corruption","Warcry"],"picked":"Armaments","floor":38.0},{"not_picked":["Bloodletting","Pummel","Flex"],"picked":"SKIP","floor":39.0},{"not_picked":["Twin Strike+1","Carnage+1"],"picked":"Dual Wield+1","floor":41.0},{"not_picked":["Evolve+1","Armaments","Dropkick"],"picked":"SKIP","floor":45.0},{"not_picked":["Sword Boomerang","Headbutt","Havoc+1"],"picked":"SKIP","floor":48.0}],"player_experience":187502,"relics_obtained":[{"floor":8.0,"key":"Blue Candle"},{"floor":12.0,"key":"Ancient Tea Set"},{"floor":24.0,"key":"Strawberry"},{"floor":26.0,"key":"Bottled Tornado"},{"floor":30.0,"key":"Red Skull"},{"floor":37.0,"key":"Turnip"},{"floor":41.0,"key":"Art of War"},{"floor":43.0,"key":"MawBank"},{"floor":45.0,"key":"Boot"}],"event_choices":[{"damage_healed":0.0,"max_hp_gain":0.0,"max_hp_loss":0.0,"gold_gain":0.0,"event_name":"Scrap Ooze","player_choice":"Success","floor":3.0,"gold_loss":0.0,"damage_taken":7.0,"relics_obtained":["Magic Flower"]},{"cards_removed":["Strike_R"],"damage_healed":0.0,"max_hp_gain":0.0,"max_hp_loss":0.0,"gold_gain":0.0,"event_name":"Purifier","player_choice":"Purged","floor":5.0,"gold_loss":0.0,"damage_taken":0.0},{"damage_healed":0.0,"max_hp_gain":0.0,"max_hp_loss":0.0,"gold_gain":75.0,"event_name":"World of Goop","player_choice":"Gather Gold","floor":13.0,"gold_loss":0.0,"damage_taken":11.0},{"damage_healed":0.0,"max_hp_gain":0.0,"max_hp_loss":0.0,"gold_gain":0.0,"event_name":"The Joust","player_choice":"Bet on Murderer","floor":20.0,"gold_loss":50.0,"damage_taken":0.0},{"damage_healed":0.0,"max_hp_gain":0.0,"max_hp_loss":0.0,"gold_gain":99.0,"event_name":"Nest","player_choice":"Stole From Cult","floor":22.0,"gold_loss":0.0,"damage_taken":0.0},{"damage_healed":0.0,"max_hp_gain":0.0,"max_hp_loss":0.0,"gold_gain":0.0,"event_name":"MindBloom","player_choice":"Fight","floor":37.0,"gold_loss":0.0,"damage_taken":0.0},{"damage_healed":0.0,"max_hp_gain":0.0,"max_hp_loss":4.0,"gold_gain":0.0,"event_name":"Winding Halls","player_choice":"Max HP","floor":44.0,"gold_loss":0.0,"damage_taken":0.0}],"is_beta":false,"boss_relics":[{"not_picked":["Empty Cage","Tiny House"],"picked":"Velvet Choker"},{"not_picked":["Eternal Feather","Mark of Pain"],"picked":"Astrolabe"}],"items_purged_floors":[31],"is_endless":false,"potions_floor_spawned":[1,7,8,14,16,21,24,28,30,35,37,38],"killed_by":"Time Eater","ascension_level":3}