{"gold_per_floor":[118,134,148,4,4,20,20,20,101,122,136,136,61,78,78,178,178,189,202,220,237,255,255,269,269,269,269,24,24,53,64,64,165,165,182,202,212,35,35,35,47,47,95,95,109,125,144,156,156,156],"floor_reached":50,"playtime":5723,"items_purged":["Strike_B","Strike_B"],"score":512,"play_id":"b6431cde-be98-41a2-9a67-8ac0401055a6","local_time":"20180703151913","is_ascension_mode":false,"campfire_choices":[{"data":"Static Discharge","floor":7,"key":"SMITH"},{"data":"Dualcast","floor":12,"key":"SMITH"},{"floor":15,"key":"REST"},{"floor":23,"key":"REST"},{"data":"White Noise","floor":25,"key":"SMITH"},{"floor":29,"key":"REST"},{"floor":32,"key":"REST"},{"data":"Capacitor","floor":40,"key":"SMITH"},{"data":"Madness","floor":42,"key":"SMITH"},{"data":"Amplify","floor":44,"key":"SMITH"},{"floor":49,"key":"REST"}],"neow_cost":"","seed_source_timestamp":218797860346247,"circlet_count":0,"master_deck":["Strike_B","Strike_B","Defend_B","Defend_B","Defend_B","Zap","Dualcast+1","Static Discharge+1","White Noise","Leap","Rip and Tear","Cold Snap","Biased Cognition","Amplify+1","Conserve Battery","Genetic Algorithm+1","Auto Shields+1","Redo+1","White Noise+1","Conserve Battery+1","Amplify","Melter+1","Defragment+1","Self Repair","Lockon+1","Capacitor+1","Glacier","Madness+1","Madness","Stack+1","Darkness+1"],"relics":["Cracked Core","Anchor","Meat on the Bone","Odd Mushroom","Sozu","Pen Nib","Question Card","Oddly Smooth Stone","Orrery","Bag of Marbles"],"potions_floor_usage":[10,16,50,50,50],"damage_taken":[{"damage":0,"enemies":"Cultist","floor":1,"turns":3},{"damage":0,"enemies":"2 Louse","floor":2,"turns":2},{"damage":3,"enemies":"Jaw Worm","floor":3,"turns":3},{"damage":17,"enemies":"2 Fungi Beasts","floor":6,"turns":4},{"damage":21,"floor":10,"turns":3},{"damage":5,"enemies":"Blue Slaver","floor":11,"turns":3},{"damage":6,"enemies":"Lots of Slimes","floor":14,"turns":3},{"damage":0,"enemies":"Slime Boss","floor":16,"turns":5},{"damage":5,"enemies":"2 Thieves","floor":18,"turns":4},{"damage":17,"enemies":"Chosen","floor":19,"turns":5},{"damage":31,"enemies":"Centurion and Healer","floor":20,"turns":15},{"damage":23,"enemies":"3 Cultists","floor":21,"turns":4},{"damage":10,"enemies":"Snake Plant","floor":22,"turns":4},{"damage":15,"enemies":"Centurion and Healer","floor":24,"turns":5},{"damage":18,"enemies":"Book of Stabbing","floor":30,"turns":5},{"damage":28,"enemies":"Snecko","floor":31,"turns":7},{"damage":54,"enemies":"Collector","floor":33,"turns":10},{"damage":13,"enemies":"Orb Walker","floor":35,"turns":4},{"damage":34,"enemies":"3 Shapes","floor":36,"turns":5},{"damage":32,"enemies":"3 Darklings","floor":37,"turns":7},{"damage":17,"enemies":"Maw","floor":41,"turns":6},{"damage":0,"enemies":"4 Shapes","floor":45,"turns":7},{"damage":0,"enemies":"3 Darklings","floor":46,"turns":9},{"damage":17,"enemies":"Maw","floor":47,"turns":8},{"damage":19,"enemies":"Sphere and 2 Shapes","floor":48,"turns":5},{"damage":86,"enemies":"Donu and Deca","floor":50,"turns":6}],"seed_played":"-8457859193437794183","potions_obtained":[{"floor":1,"key":"FocusPotion"},{"floor":6,"key":"FocusPotion"},{"floor":11,"key":"Fire Potion"},{"floor":14,"key":"EssenceOfSteel"},{"floor":16,"key":"Ancient Potion"}],"is_trial":false,"path_per_floor":["M","M","M","$","?","M","R","?","T","?","M","R","$","M","R","B",null,"M","M","M","M","M","R","M","R","T","?","$","R","E","M","R","B",null,"M","M","M","$","?","R","M","R","T","R","M","M","M","M","R"],"character_chosen":"DEFECT","items_purchased":["Anchor","Question Card","Glacier"],"campfire_rested":5,"item_purchase_floors":[4,28,38],"current_hp_per_floor":[75,75,72,72,77,60,60,60,60,51,46,46,46,52,76,76,80,75,58,39,28,30,54,51,51,51,51,51,75,57,55,79,37,80,67,59,46,46,36,36,38,38,38,38,64,71,61,49,73,0],"gold":156,"neow_bonus":"","is_prod":false,"is_daily":false,"chose_seed":false,"campfire_upgraded":6,"win_rate":0.0,"timestamp":1530623953,"path_taken":["M","M","M","$","?","M","R","?","T","?","M","R","$","M","R","BOSS","M","M","M","M","M","R","M","R","T","?","$","R","E","?","R","BOSS","M","M","M","$","?","R","M","R","T","R","M","M","M","?","R","BOSS"],"build_version":"2018-06-28","purchased_purges":2,"victory":false,"max_hp_per_floor":[75,75,75,75,80,80,80,80,80,80,80,80,80,80,80,80,80,80,80,80,80,80,80,80,80,80,80,80,80,80,80,80,80,80,80,80,80,80,80,80,80,80,80,80,80,80,80,80,80,80],"card_choices":[{"not_picked":["Tempest","Fusion","Gash"],"picked":"SKIP","floor":1},{"not_picked":["Sweeping Beam","Conserve Battery"],"picked":"Static Discharge","floor":2},{"not_picked":["Cold Snap","Heatsinks"],"picked":"White Noise","floor":3},{"not_picked":["Aggregate","Go for the Eyes"],"picked":"Leap","floor":6},{"not_picked":["Stack","Hologram"],"picked":"Cold Snap","floor":11},{"not_picked":["Defragment","Cold Snap"],"picked":"Biased Cognition","floor":14},{"not_picked":["Machine Learning","Reboot"],"picked":"Amplify","floor":16},{"not_picked":["Gash","Cold Snap","Storm"],"picked":"SKIP","floor":18},{"not_picked":["Ball Lightning","Tempest"],"picked":"Conserve Battery","floor":19},{"not_picked":["Go for the Eyes","Conserve Battery+1"],"picked":"Genetic Algorithm+1","floor":20},{"not_picked":["Beam Cell+1","Stack"],"picked":"Auto Shields+1","floor":21},{"not_picked":["Scrape","Reprogram"],"picked":"Redo+1","floor":22},{"not_picked":["Cold Snap","Barrage"],"picked":"White Noise","floor":24},{"not_picked":["Cold Snap+1","Redo","Barrage+1"],"picked":"Conserve Battery+1","floor":30},{"not_picked":["Biased Cognition","Go for the Eyes","Reprogram+1","Gash"],"picked":"SKIP","floor":31},{"not_picked":["Thunder Strike","Electrodynamics","Biased Cognition"],"picked":"Amplify","floor":33},{"not_picked":["Beam Cell","Sweeping Beam","Redo+1"],"picked":"Melter+1","floor":34},{"not_picked":["Gash+1","Beam Cell","Amplify"],"picked":"Defragment+1","floor":34},{"not_picked":["Streamline","FTL","Compile Driver+1"],"picked":"Self Repair","floor":34},{"not_picked":["Self Repair","Melter","Barrage","Glacier"],"picked":"SKIP","floor":35},{"not_picked":["Stack","Redo+1","Skim+1"],"picked":"Lockon+1","floor":36},{"not_picked":["Coolheaded","Redo+1","Blizzard"],"picked":"Capacitor","floor":37},{"not_picked":["Consume+1","Hologram+1","Go for the Eyes+1"],"picked":"Stack+1","floor":41},{"not_picked":["Beam Cell","Sweeping Beam","Blizzard+1","Hologram+1"],"picked":"SKIP","floor":45},{"not_picked":["Leap","Steam+1","Gash","Cold Snap+1"],"picked":"SKIP","floor":46},{"not_picked":["Steam","Genetic Algorithm+1","Coolheaded","Hologram+1"],"picked":"SKIP","floor":47},{"not_picked":["Stack","Steam+1","Cold Snap"],"picked":"Darkness+1","floor":48}],"player_experience":12821,"relics_obtained":[{"floor":9,"key":"Meat on the Bone"},{"floor":10,"key":"Odd Mushroom"},{"floor":26,"key":"Pen Nib"},{"floor":30,"key":"Oddly Smooth Stone"},{"floor":43,"key":"Bag of Marbles"}],"event_choices":[{"event_name":"Big Fish","player_choice":"Donut","floor":5,"damage_taken":0},{"event_name":"Transmorgrifier","player_choice":"Transform","floor":8,"damage_taken":0},{"event_name":"Mushrooms","player_choice":"Fought Mushrooms","floor":10,"damage_taken":0},{"event_name":"Beggar","player_choice":"Ignored","floor":27,"damage_taken":0},{"event_name":"Winding Halls","player_choice":"Embrace Madness","floor":39,"damage_taken":0}],"boss_relics":[{"not_picked":["Fusion Hammer","Runic Pyramid"],"picked":"Sozu"},{"not_picked":["Cursed Key","Snecko Eye"],"picked":"Orrery"}],"items_purged_floors":[13,38],"is_endless":false,"potions_floor_spawned":[1,6,11,14,16,18,19,21,33,36,37,47],"killed_by":"Donu and Deca","ascension_level":0}