{"gold_per_floor":[113,133,133,150,160,185,196,259,259,290,309,326,359,408,408,506,506,523,523,523,523,542,542,559,559,559,93,126,4,21,33,33,33],"floor_reached":33,"playtime":2210,"items_purged":["Bash","Bash"],"score":360,"play_id":"923ce75e-63e2-44bd-b719-3d025d6b22ce","local_time":"20190324184833","is_ascension_mode":true,"campfire_choices":[{"data":"True Grit","floor":15,"key":"SMITH"},{"data":"Juggernaut","floor":23,"key":"SMITH"},{"floor":32,"key":"REST"}],"neow_cost":"NONE","seed_source_timestamp":1200579785539949,"circlet_count":0,"master_deck":["Defend_R","Defend_R","Defend_R","Defend_R","Juggernaut+1","Flame Barrier","Bloodletting","Blind","Metallicize","Battle Trance","Cleave","Juggernaut","True Grit+1","Feed","Bite","Bite","Bite","Bite","Bite","Spot Weakness+1","Feel No Pain+1","Sentinel","Armaments","Feel No Pain+1"],"relics":["Burning Blood","Ornamental Fan","Tiny Chest","Shuriken","PreservedInsect","Pear","Anchor","Velvet Choker","Bottled Flame","Letter Opener","Orichalcum","Strange Spoon","Red Mask"],"potions_floor_usage":[6,6,10,10,16,30,33,33],"damage_taken":[{"damage":4,"enemies":"2 Louse","floor":1,"turns":3},{"damage":0,"enemies":"Cultist","floor":2,"turns":4},{"damage":12,"enemies":"Jaw Worm","floor":4,"turns":4},{"damage":10,"enemies":"Exordium Thugs","floor":5,"turns":6},{"damage":9,"enemies":"Gremlin Nob","floor":6,"turns":4},{"damage":9,"enemies":"Blue Slaver","floor":7,"turns":4},{"damage":45,"enemies":"3 Sentries","floor":8,"turns":9},{"damage":8,"enemies":"Lagavulin","floor":10,"turns":7},{"damage":3,"enemies":"Looter","floor":11,"turns":4},{"damage":8,"enemies":"2 Fungi Beasts","floor":12,"turns":4},{"damage":14,"enemies":"Gremlin Nob","floor":13,"turns":4},{"damage":8,"enemies":"The Guardian","floor":16,"turns":10},{"damage":6,"enemies":"Shell Parasite","floor":18,"turns":5},{"damage":0,"enemies":"Chosen","floor":22,"turns":4},{"damage":12,"enemies":"Snake Plant","floor":24,"turns":3},{"damage":56,"enemies":"Masked Bandits","floor":28,"turns":5},{"damage":7,"enemies":"Centurion and Healer","floor":30,"turns":4},{"damage":14,"enemies":"Cultist and Chosen","floor":31,"turns":5},{"damage":94,"enemies":"Collector","floor":33,"turns":7}],"seed_played":"-5383490815642437441","potions_obtained":[{"floor":2,"key":"Swift Potion"},{"floor":4,"key":"Strength Potion"},{"floor":5,"key":"GamblersBrew"},{"floor":7,"key":"Regen Potion"},{"floor":13,"key":"Strength Potion"},{"floor":18,"key":"SteroidPotion"},{"floor":28,"key":"Fire Potion"},{"floor":31,"key":"SpeedPotion"}],"is_trial":false,"path_per_floor":["M","M","?","M","M","E","M","E","T","E","M","M","E","T","R","B",null,"M","T","?","?","M","R","M","?","T","$","?","$","M","M","R","B"],"character_chosen":"IRONCLAD","items_purchased":["Orichalcum","Strange Spoon","Sentinel","Armaments"],"campfire_rested":1,"item_purchase_floors":[27,27,27,29],"current_hp_per_floor":[80,80,80,74,70,67,64,25,25,38,41,39,41,41,41,39,90,90,90,72,66,66,66,62,62,62,62,23,23,30,30,51,0],"gold":33,"neow_bonus":"TRANSFORM_CARD","is_prod":false,"is_daily":false,"chose_seed":false,"campfire_upgraded":2,"win_rate":0,"timestamp":1553449713,"path_taken":["M","M","?","M","M","E","M","E","T","E","?","M","E","?","R","BOSS","M","?","?","?","M","R","M","?","T","$","?","?","?","M","R","BOSS"],"build_version":"2019-01-23","purchased_purges":2,"victory":false,"max_hp_per_floor":[80,80,80,80,80,80,80,80,80,80,80,80,90,90,90,90,90,90,90,95,66,66,66,66,66,66,66,69,69,73,73,73,73],"card_choices":[{"not_picked":["Body Slam","Carnage"],"picked":"Flame Barrier","floor":1},{"not_picked":["Twin Strike","Sword Boomerang"],"picked":"Bloodletting","floor":2},{"not_picked":["Searing Blow","Warcry","Flex"],"picked":"SKIP","floor":4},{"not_picked":["Clothesline","Flex","Clash"],"picked":"SKIP","floor":5},{"not_picked":["Rampage","Warcry"],"picked":"Metallicize","floor":6},{"not_picked":["Evolve","Hemokinesis","Heavy Blade"],"picked":"SKIP","floor":7},{"not_picked":["Anger","Power Through","Headbutt"],"picked":"SKIP","floor":8},{"not_picked":["Searing Blow","Whirlwind"],"picked":"Battle Trance","floor":10},{"not_picked":["Clash","Perfected Strike"],"picked":"Cleave","floor":11},{"not_picked":["Clothesline","Heavy Blade"],"picked":"Juggernaut","floor":12},{"not_picked":["Entrench","Body Slam"],"picked":"True Grit","floor":13},{"not_picked":["Exhume","Dark Embrace"],"picked":"Feed","floor":16},{"not_picked":["Havoc","Clash","Anger"],"picked":"SKIP","floor":18},{"not_picked":["Body Slam","Cleave"],"picked":"Spot Weakness+1","floor":22},{"not_picked":["Clash","Heavy Blade"],"picked":"Feel No Pain+1","floor":24},{"not_picked":["Burning Pact+1","Shockwave","Infernal Blade"],"picked":"SKIP","floor":30},{"not_picked":["Reckless Charge","Twin Strike"],"picked":"Feel No Pain+1","floor":31}],"player_experience":135451,"relics_obtained":[{"floor":6,"key":"Ornamental Fan"},{"floor":8,"key":"Tiny Chest"},{"floor":9,"key":"Shuriken"},{"floor":10,"key":"PreservedInsect"},{"floor":13,"key":"Pear"},{"floor":14,"key":"Anchor"},{"floor":19,"key":"Bottled Flame"},{"floor":26,"key":"Letter Opener"},{"floor":28,"key":"Red Mask"}],"event_choices":[{"damage_healed":0,"gold_gain":0,"player_choice":"2 cards matched","damage_taken":0,"max_hp_gain":0,"max_hp_loss":0,"event_name":"Match and Keep!","floor":3,"gold_loss":0,"cards_obtained":["Bash","Blind"]},{"damage_healed":0,"gold_gain":0,"player_choice":"Shed Blood","damage_taken":23,"max_hp_gain":5,"max_hp_loss":0,"event_name":"Forgotten Altar","floor":20,"gold_loss":0},{"damage_healed":0,"gold_gain":0,"player_choice":"Became a vampire","damage_taken":0,"max_hp_gain":0,"max_hp_loss":29,"event_name":"Vampires","floor":21,"gold_loss":0,"cards_obtained":["Bite","Bite","Bite","Bite","Bite"]},{"damage_healed":0,"gold_gain":0,"player_choice":"Ignored","damage_taken":0,"max_hp_gain":0,"max_hp_loss":0,"event_name":"Cursed Tome","floor":25,"gold_loss":0},{"damage_healed":0,"gold_gain":0,"player_choice":"Fought Bandits","damage_taken":0,"max_hp_gain":0,"max_hp_loss":0,"event_name":"Masked Bandits","floor":28,"gold_loss":0}],"is_beta":false,"boss_relics":[{"not_picked":["Pandora\u0027s Box","White Beast Statue"],"picked":"Velvet Choker"}],"items_purged_floors":[27,29],"is_endless":false,"potions_floor_spawned":[2,4,5,7,13,18,28,31],"killed_by":"Collector","ascension_level":4}