{"gold_per_floor":[117,135,85,85,98,128,53,53,53,71,88,116,130,143,143,242,242,232,182,195,195,211,211],"floor_reached":23,"playtime":1849,"items_purged":["Defend_R"],"score":207,"play_id":"37caffa8-3a85-4d02-835b-dc45cbbedf4e","local_time":"20180904114205","is_ascension_mode":false,"campfire_choices":[{"data":"True Grit","floor":8.0,"key":"SMITH"},{"data":"Searing Blow","floor":15.0,"key":"SMITH"}],"neow_cost":"NONE","seed_source_timestamp":0,"circlet_count":0,"master_deck":["Defend_R","Defend_R","Defend_R","Bash","Searing Blow+1","True Grit+1","Flex","Disarm","Fire Breathing+1","Double Tap","Shrug It Off","Barricade+1","Wild Strike+1","Carnage+1","Headbutt+1"],"special_seed":0,"relics":["Burning Blood","Meat on the Bone","Frozen Egg 2","Bottled Lightning","Astrolabe","MutagenicStrength"],"potions_floor_usage":[23,23,23],"damage_taken":[{"damage":2.0,"enemies":"2 Louse","floor":1.0,"turns":4.0},{"damage":1.0,"enemies":"Cultist","floor":2.0,"turns":3.0},{"damage":3.0,"enemies":"Small Slimes","floor":4.0,"turns":3.0},{"damage":12.0,"enemies":"Blue Slaver","floor":5.0,"turns":4.0},{"damage":44.0,"enemies":"Lagavulin","floor":6.0,"turns":8.0},{"damage":8.0,"enemies":"Looter","floor":10.0,"turns":4.0},{"damage":16.0,"enemies":"Large Slime","floor":11.0,"turns":6.0},{"damage":32.0,"enemies":"Gremlin Nob","floor":12.0,"turns":5.0},{"damage":17.0,"enemies":"Blue Slaver","floor":13.0,"turns":4.0},{"damage":10.0,"enemies":"Looter","floor":14.0,"turns":2.0},{"damage":36.0,"enemies":"Hexaghost","floor":16.0,"turns":13.0},{"damage":14,"enemies":"2 Thieves","floor":18,"turns":4},{"damage":8,"enemies":"Shell Parasite","floor":20,"turns":4},{"damage":22,"enemies":"Centurion and Healer","floor":22,"turns":7},{"damage":63,"enemies":"Slavers","floor":23,"turns":5}],"seed_played":"-2604454802992666534","potions_obtained":[{"floor":1.0,"key":"LiquidBronze"},{"floor":5.0,"key":"SteroidPotion"},{"floor":10.0,"key":"EssenceOfSteel"},{"floor":16.0,"key":"LiquidBronze"},{"floor":20,"key":"EssenceOfSteel"}],"is_trial":false,"path_per_floor":["M","M","?","M","M","E","$","R","T","M","M","E","M","M","R","B",null,"M","?","M","?","M"],"character_chosen":"IRONCLAD","items_purchased":[],"campfire_rested":0,"item_purchase_floors":[],"current_hp_per_floor":[80,80,80,80,74,36,36,36,36,46,48,34,35,43,43,25,80,72,72,70,70,54,0],"gold":211,"neow_bonus":"REMOVE_CARD","is_prod":false,"is_daily":false,"chose_seed":false,"campfire_upgraded":2,"win_rate":0.0,"timestamp":1536054125,"path_taken":["M","M","?","?","M","E","?","R","T","M","M","E","M","M","R","BOSS","M","?","M","?","M","E"],"build_version":"2018-08-30","purchased_purges":1,"victory":false,"max_hp_per_floor":[80,80,80,80,80,80,80,80,80,80,80,80,80,80,80,80,80,80,80,80,80,80,80],"card_choices":[{"not_picked":["Carnage","Reckless Charge"],"picked":"Searing Blow","floor":1.0},{"not_picked":["Clothesline","Perfected Strike","Searing Blow"],"picked":"SKIP","floor":2.0},{"not_picked":["Second Wind","Flex"],"picked":"True Grit","floor":4.0},{"not_picked":["Shrug It Off","Fire Breathing"],"picked":"Flex","floor":5.0},{"not_picked":["Juggernaut","Flex"],"picked":"Disarm","floor":6.0},{"not_picked":["Feel No Pain+1","Sword Boomerang","Sever Soul"],"picked":"SKIP","floor":10.0},{"not_picked":["Iron Wave","Anger"],"picked":"Fire Breathing+1","floor":11.0},{"not_picked":["Thunderclap","Power Through"],"picked":"Double Tap","floor":12.0},{"not_picked":["Twin Strike","Bloodletting"],"picked":"Shrug It Off","floor":13.0},{"not_picked":["Havoc","Flex","Sentinel"],"picked":"SKIP","floor":14.0},{"not_picked":["Dark Embrace+1","Limit Break"],"picked":"Barricade+1","floor":16.0},{"not_picked":["Evolve+1","Flex","Perfected Strike"],"picked":"SKIP","floor":18},{"not_picked":["Second Wind+1","Anger+1","Warcry+1"],"picked":"SKIP","floor":20},{"not_picked":["Sentinel","Perfected Strike","Headbutt"],"picked":"SKIP","floor":22}],"player_experience":91858,"relics_obtained":[{"floor":6.0,"key":"Meat on the Bone"},{"floor":9.0,"key":"Frozen Egg 2"},{"floor":12.0,"key":"Bottled Lightning"}],"event_choices":[{"event_name":"The Cleric","player_choice":"Card Removal","floor":3.0,"damage_taken":0.0},{"event_name":"The Joust","player_choice":"Bet on Murderer","floor":19,"damage_taken":0},{"event_name":"Drug Dealer","player_choice":"Inject Mutagens","floor":21,"damage_taken":0}],"is_beta":false,"boss_relics":[{"not_picked":["Sozu","White Beast Statue"],"picked":"Astrolabe"}],"items_purged_floors":[7],"is_endless":false,"potions_floor_spawned":[1,5,10,12,14,16,20],"killed_by":"Slavers","ascension_level":0}