{"gold_per_floor":[109,124,124,48,64,96,96,107,133,133,156,156,171,187,187,318,381,394,409,409,409,425,425,464,464,512,536,557,557,571,571,571,571],"floor_reached":33,"playtime":752,"items_purged":[],"score":346,"play_id":"ef5c95b0-9e82-4e28-9ea0-5bb34e025a68","local_time":"20190227143803","is_ascension_mode":false,"campfire_choices":[{"data":"Bludgeon","floor":7,"key":"SMITH"},{"data":"Bash","floor":12,"key":"SMITH"},{"data":"Perfected Strike","floor":15,"key":"SMITH"},{"data":"Clash","floor":23,"key":"SMITH"},{"floor":32,"key":"REST"}],"neow_cost":"NONE","seed_source_timestamp":956813705908394,"circlet_count":0,"master_deck":["Strike_R","Strike_R","Strike_R","Strike_R","Strike_R","Defend_R+1","Defend_R","Defend_R","Bash+1","Twin Strike","Clash+1","Bludgeon+1","Dropkick","Spot Weakness","Perfected Strike+1","Cleave","Pummel","Ghostly","Ghostly","Ghostly","Ghostly","Ghostly","Flex+1","Headbutt"],"relics":["Burning Blood","Red Skull","PreservedInsect","Dream Catcher","Bloody Idol","Tiny House","Anchor","Omamori","MutagenicStrength"],"potions_floor_usage":[24,24,30,33],"damage_taken":[{"damage":0,"enemies":"2 Louse","floor":1,"turns":3},{"damage":11,"enemies":"Jaw Worm","floor":2,"turns":3},{"damage":0,"enemies":"Small Slimes","floor":5,"turns":1},{"damage":31,"enemies":"3 Sentries","floor":6,"turns":7},{"damage":8,"enemies":"2 Fungi Beasts","floor":8,"turns":3},{"damage":7,"enemies":"Blue Slaver","floor":11,"turns":2},{"damage":10,"enemies":"Looter","floor":13,"turns":2},{"damage":21,"enemies":"Lots of Slimes","floor":14,"turns":4},{"damage":0,"enemies":"Slime Boss","floor":16,"turns":7},{"damage":24,"enemies":"Shell Parasite","floor":18,"turns":4},{"damage":10,"enemies":"Spheric Guardian","floor":19,"turns":3},{"damage":15,"enemies":"Snecko","floor":22,"turns":3},{"damage":29,"enemies":"Gremlin Leader","floor":24,"turns":4},{"damage":3,"enemies":"Snake Plant","floor":27,"turns":4},{"damage":22,"enemies":"Centurion and Healer","floor":28,"turns":6},{"damage":3,"enemies":"Snecko","floor":30,"turns":4},{"damage":34,"enemies":"Champ","floor":33,"turns":9}],"seed_played":"-3084387220961772744","potions_obtained":[{"floor":1,"key":"Energy Potion"},{"floor":6,"key":"PowerPotion"},{"floor":8,"key":"LiquidBronze"},{"floor":24,"key":"AttackPotion"},{"floor":28,"key":"FearPotion"}],"is_trial":false,"path_per_floor":["M","M","?","$","M","E","R","M","T","?","M","R","M","M","R","B",null,"M","M","?","?","M","R","E","?","T","M","M","?","M","?","R","B"],"character_chosen":"IRONCLAD","items_purchased":["Bludgeon"],"campfire_rested":1,"item_purchase_floors":[4],"current_hp_per_floor":[80,75,68,68,74,49,49,47,47,47,46,46,42,27,27,33,79,61,57,57,57,48,48,25,25,25,28,12,12,15,15,26,0],"gold":571,"neow_bonus":"RANDOM_COMMON_RELIC","is_prod":false,"is_daily":false,"chose_seed":false,"campfire_upgraded":4,"win_rate":0,"timestamp":1551274683,"path_taken":["M","M","?","$","M","E","R","M","T","?","M","R","M","M","R","BOSS","M","M","?","?","M","R","E","?","T","M","M","?","?","?","R","BOSS"],"build_version":"2019-01-23","purchased_purges":0,"victory":false,"max_hp_per_floor":[80,80,80,80,80,80,80,80,80,74,74,74,74,74,74,74,79,79,79,79,79,79,79,79,39,39,39,39,39,39,39,39,39],"card_choices":[{"not_picked":["Intimidate","Dual Wield"],"picked":"Twin Strike","floor":1},{"not_picked":["Havoc","Warcry"],"picked":"Clash","floor":2},{"not_picked":["Havoc","Clash"],"picked":"Dropkick","floor":5},{"not_picked":["Havoc","Hemokinesis"],"picked":"Spot Weakness","floor":6},{"not_picked":["Warcry","Dropkick","Iron Wave"],"picked":"SKIP","floor":8},{"not_picked":["Headbutt","Clash","Limit Break"],"picked":"SKIP","floor":11},{"not_picked":["Rage","Rupture"],"picked":"Perfected Strike","floor":13},{"not_picked":["Fire Breathing","Evolve","Wild Strike"],"picked":"SKIP","floor":14},{"not_picked":["Armaments","Disarm"],"picked":"Cleave","floor":17},{"not_picked":["Shockwave","Shrug It Off","Clothesline"],"picked":"SKIP","floor":18},{"not_picked":["Combust+1","Battle Trance+1","Thunderclap"],"picked":"SKIP","floor":19},{"not_picked":["Evolve","Clothesline","Hemokinesis"],"picked":"SKIP","floor":22},{"not_picked":["Shockwave+1","Anger"],"picked":"Pummel","floor":24},{"not_picked":["Sword Boomerang","Headbutt"],"picked":"Flex+1","floor":27},{"not_picked":["Wild Strike","Corruption","Metallicize+1"],"picked":"SKIP","floor":28},{"not_picked":["Rampage","Warcry+1","True Grit"],"picked":"SKIP","floor":30},{"not_picked":["Perfected Strike+1","Clash"],"picked":"Headbutt","floor":32}],"player_experience":234894,"relics_obtained":[{"floor":6,"key":"PreservedInsect"},{"floor":9,"key":"Dream Catcher"},{"floor":24,"key":"Anchor"},{"floor":26,"key":"Omamori"}],"event_choices":[{"cards_removed":["Defend_R"],"damage_healed":0,"gold_gain":0,"player_choice":"Card Removal","damage_taken":7,"max_hp_gain":0,"max_hp_loss":0,"event_name":"Golden Wing","floor":3,"gold_loss":0},{"damage_healed":0,"gold_gain":0,"player_choice":"Lose Max HP","damage_taken":0,"relics_obtained":["Golden Idol"],"max_hp_gain":0,"max_hp_loss":6,"event_name":"Golden Idol","floor":10,"gold_loss":0},{"damage_healed":0,"gold_gain":0,"player_choice":"Ignored","damage_taken":0,"max_hp_gain":0,"max_hp_loss":0,"event_name":"Vampires","floor":20,"gold_loss":0},{"damage_healed":0,"gold_gain":0,"player_choice":"Ignored","damage_taken":0,"max_hp_gain":0,"max_hp_loss":0,"event_name":"The Mausoleum","floor":21,"gold_loss":0},{"damage_healed":0,"gold_gain":0,"player_choice":"Became a Ghost","damage_taken":0,"max_hp_gain":0,"max_hp_loss":40,"event_name":"Ghosts","floor":25,"gold_loss":0,"cards_obtained":["Ghostly","Ghostly","Ghostly","Ghostly","Ghostly"]},{"damage_healed":0,"gold_gain":0,"player_choice":"Inject Mutagens","damage_taken":0,"relics_obtained":["MutagenicStrength"],"max_hp_gain":0,"max_hp_loss":0,"event_name":"Drug Dealer","floor":29,"gold_loss":0},{"damage_healed":0,"gold_gain":0,"player_choice":"Gave Idol","damage_taken":0,"relics_obtained":["Bloody Idol"],"max_hp_gain":0,"max_hp_loss":0,"event_name":"Forgotten Altar","floor":31,"relics_lost":["Golden Idol"],"gold_loss":0}],"is_beta":false,"boss_relics":[{"not_picked":["Calling Bell","Eternal Feather"],"picked":"Tiny House"}],"items_purged_floors":[],"is_endless":false,"potions_floor_spawned":[1,6,8,14,22,24,28],"killed_by":"Champ","ascension_level":0}