{"gold_per_floor":[113,123,139,158,188,188,222,147,195,95,109,129,129,139,139,235,235,253,269,269,280,292,292,21,21,72,82,97,22,22,22,22,22],"floor_reached":33,"playtime":1985,"items_purged":["Defend_R","Strike_R","Defend_R","Strike_R"],"score":251,"play_id":"73dd5f09-49fc-4d4d-8c88-13f7a00ab329","local_time":"20190223003525","is_ascension_mode":false,"campfire_choices":[{"data":"Bash","floor":13.0,"key":"SMITH"},{"data":"Rampage","floor":15.0,"key":"SMITH"},{"floor":23,"key":"REST"},{"floor":25,"key":"REST"},{"floor":32,"key":"REST"}],"neow_cost":"NONE","seed_source_timestamp":559359186129054,"circlet_count":0,"master_deck":["Strike_R+1","Strike_R+1","Strike_R","Defend_R","Defend_R","Bash+1","Rampage+1","Seeing Red+1","Shrug It Off"],"special_seed":0,"relics":["Burning Blood","Tiny Chest","Pantograph","Dodecahedron","Whetstone","Black Star","Membership Card","Pen Nib","Matryoshka"],"potions_floor_usage":[28],"damage_taken":[{"damage":6.0,"enemies":"Cultist","floor":1.0,"turns":3.0},{"damage":8.0,"enemies":"Jaw Worm","floor":2.0,"turns":3.0},{"damage":1.0,"enemies":"2 Louse","floor":3.0,"turns":3.0},{"damage":14.0,"enemies":"Lots of Slimes","floor":4.0,"turns":5.0},{"damage":31.0,"enemies":"Lagavulin","floor":7.0,"turns":7.0},{"damage":7.0,"enemies":"Exordium Thugs","floor":11.0,"turns":4.0},{"damage":9.0,"enemies":"Large Slime","floor":12.0,"turns":6.0},{"damage":5.0,"enemies":"Looter","floor":14.0,"turns":3.0},{"damage":39.0,"enemies":"The Guardian","floor":16.0,"turns":9.0},{"damage":28.0,"enemies":"3 Byrds","floor":18.0,"turns":8.0},{"damage":20.0,"enemies":"Shell Parasite","floor":19.0,"turns":6.0},{"damage":27.0,"enemies":"Snake Plant","floor":21.0,"turns":4.0},{"damage":28.0,"enemies":"Centurion and Healer","floor":22.0,"turns":7.0},{"damage":43,"enemies":"Sentry and Sphere","floor":27,"turns":6},{"damage":13,"enemies":"3 Cultists","floor":28,"turns":5},{"damage":72,"enemies":"Automaton","floor":33,"turns":8}],"seed_played":"5471858767149371326","potions_obtained":[{"floor":2.0,"key":"SkillPotion"},{"floor":7.0,"key":"LiquidBronze"},{"floor":11.0,"key":"Swift Potion"},{"floor":27,"key":"Strength Potion"}],"is_trial":false,"path_per_floor":["M","M","M","M","T","T","E","$","T","$","M","M","R","M","R","B",null,"M","M","?","M","M","R","$","R","T","M","M","$","T","$","R","B"],"character_chosen":"IRONCLAD","items_purchased":["Membership Card"],"campfire_rested":3,"item_purchase_floors":[24],"current_hp_per_floor":[88,86,88,80,80,80,55,55,55,55,54,51,51,52,52,44,88,66,52,52,31,9,35,35,61,61,24,17,17,17,17,43,0],"gold":22,"neow_bonus":"TEN_PERCENT_HP_BONUS","is_prod":false,"is_daily":false,"chose_seed":false,"campfire_upgraded":2,"win_rate":0,"timestamp":1550878525,"path_taken":["M","M","M","M","?","?","E","$","T","$","M","?","R","M","R","BOSS","M","M","?","M","M","R","?","R","T","M","?","$","?","?","R","BOSS"],"build_version":"2019-01-23","purchased_purges":4,"victory":false,"max_hp_per_floor":[88,88,88,88,88,88,88,88,88,88,88,88,88,88,88,88,88,88,88,88,88,88,88,88,88,88,88,88,88,88,88,88,88],"card_choices":[{"not_picked":["Thunderclap","Disarm","Pommel Strike"],"picked":"SKIP","floor":1.0},{"not_picked":["Wild Strike","Corruption","Clothesline"],"picked":"SKIP","floor":2.0},{"not_picked":["Evolve","Iron Wave"],"picked":"Rampage","floor":3.0},{"not_picked":["Pummel","Headbutt","Inflame"],"picked":"SKIP","floor":4.0},{"not_picked":["Hemokinesis","Rage","Impervious"],"picked":"SKIP","floor":7.0},{"not_picked":["Cleave","Armaments","Iron Wave"],"picked":"SKIP","floor":11.0},{"not_picked":["Blood for Blood","Body Slam"],"picked":"Seeing Red","floor":12.0},{"not_picked":["True Grit","Warcry","Brutality"],"picked":"SKIP","floor":14.0},{"not_picked":["Warcry+1","Headbutt","True Grit"],"picked":"SKIP","floor":18.0},{"not_picked":["Pommel Strike","Rampage","Flex"],"picked":"SKIP","floor":19.0},{"not_picked":["Flex","Cleave","Iron Wave"],"picked":"SKIP","floor":21.0},{"not_picked":["Intimidate","Entrench","Twin Strike+1"],"picked":"SKIP","floor":22},{"not_picked":["Wild Strike","Sword Boomerang","Cleave"],"picked":"SKIP","floor":27},{"not_picked":["Pommel Strike","Intimidate"],"picked":"Shrug It Off","floor":28}],"player_experience":211868,"relics_obtained":[{"floor":5.0,"key":"Tiny Chest"},{"floor":6.0,"key":"Pantograph"},{"floor":7.0,"key":"Dodecahedron"},{"floor":9.0,"key":"Whetstone"},{"floor":26,"key":"Pen Nib"},{"floor":30,"key":"Matryoshka"}],"event_choices":[{"damage_healed":0.0,"max_hp_gain":0.0,"max_hp_loss":0.0,"gold_gain":0.0,"event_name":"Accursed Blacksmith","player_choice":"Forge","floor":20.0,"gold_loss":0.0,"damage_taken":0.0,"cards_upgraded":["Seeing Red"]}],"is_beta":false,"boss_relics":[{"not_picked":["Velvet Choker","Pandora\u0027s Box"],"picked":"Black Star"}],"items_purged_floors":[8,10,24,29],"is_endless":false,"potions_floor_spawned":[2,7,11,12,16,27],"killed_by":"Automaton","ascension_level":0}