{"gold_per_floor":[118,134,84,99,116,116,134,146,170,170,188,113,128,128,128,223,223,237,256,267,283,193,193,193],"floor_reached":24,"playtime":1006,"items_purged":["Defend_B"],"score":310,"play_id":"2a6c3240-d30b-4167-8fa0-41c1415e3e84","local_time":"20181011005523","is_ascension_mode":true,"campfire_choices":[{"data":"Defragment","floor":6.0,"key":"SMITH"},{"floor":10.0,"key":"REST"},{"floor":15.0,"key":"REST"},{"floor":23,"key":"REST"}],"neow_cost":"PERCENT_DAMAGE","seed_source_timestamp":35352009784879,"circlet_count":0,"master_deck":["Strike_B","Defend_B","Defend_B","Zap","Dualcast","AscendersBane","Cold Snap","Go for the Eyes","Defragment+1","White Noise","Coolheaded","Seek","Capacitor","Core Surge","White Noise+1","Ball Lightning","Hologram","Capacitor"],"special_seed":0,"relics":["Cracked Core","Juzu Bracelet","Centennial Puzzle","Black Star"],"potions_floor_usage":[24,24],"damage_taken":[{"damage":4.0,"enemies":"Jaw Worm","floor":1.0,"turns":4.0},{"damage":0.0,"enemies":"2 Louse","floor":2.0,"turns":2.0},{"damage":0.0,"enemies":"Cultist","floor":4.0,"turns":3.0},{"damage":6.0,"enemies":"Red Slaver","floor":5.0,"turns":4.0},{"damage":17.0,"enemies":"Exordium Thugs","floor":7.0,"turns":5.0},{"damage":8.0,"enemies":"Exordium Wildlife","floor":8.0,"turns":6.0},{"damage":26.0,"enemies":"Lots of Slimes","floor":11.0,"turns":6.0},{"damage":4.0,"enemies":"Blue Slaver","floor":13.0,"turns":4.0},{"damage":7.0,"enemies":"Hexaghost","floor":16.0,"turns":11.0},{"damage":6.0,"enemies":"Spheric Guardian","floor":18.0,"turns":6.0},{"damage":22.0,"enemies":"2 Thieves","floor":19.0,"turns":3.0},{"damage":4.0,"enemies":"Sentry and Sphere","floor":20.0,"turns":6.0},{"damage":21.0,"enemies":"Shelled Parasite and Fungi","floor":21.0,"turns":7.0},{"damage":34,"enemies":"Slavers","floor":24,"turns":1}],"seed_played":"6772100139008387328","potions_obtained":[{"floor":4.0,"key":"SpeedPotion"},{"floor":5.0,"key":"FearPotion"},{"floor":11.0,"key":"Poison Potion"},{"floor":16.0,"key":"Swift Potion"},{"floor":18.0,"key":"Fire Potion"},{"floor":19.0,"key":"Energy Potion"}],"is_trial":false,"path_per_floor":["M","M","?","M","M","R","M","M","T","R","M","$","M","?","R","B",null,"M","M","M","M","?","R"],"character_chosen":"DEFECT","items_purchased":[],"campfire_rested":3,"item_purchase_floors":[],"current_hp_per_floor":[46,46,46,46,40,40,23,15,15,37,11,11,7,4,26,19,61,55,33,29,8,8,30,0],"gold":193,"neow_bonus":"REMOVE_TWO","is_prod":false,"is_daily":false,"chose_seed":false,"campfire_upgraded":1,"win_rate":0,"timestamp":1539190523,"path_taken":["M","M","?","M","M","R","?","?","T","R","M","$","M","?","R","BOSS","M","M","M","M","?","R","E"],"build_version":"2018-10-04v2","purchased_purges":1,"victory":false,"max_hp_per_floor":[75,75,75,75,75,75,75,75,75,75,75,75,75,75,75,75,75,75,75,75,75,75,75,75],"card_choices":[{"not_picked":["Storm","Go for the Eyes"],"picked":"Cold Snap","floor":1.0},{"not_picked":["Compile Driver","Sweeping Beam"],"picked":"Go for the Eyes","floor":2.0},{"not_picked":["Core Surge","Sweeping Beam"],"picked":"Defragment","floor":4.0},{"not_picked":["Beam Cell","Skim"],"picked":"White Noise","floor":5.0},{"not_picked":["Steam Power","Turbo"],"picked":"Coolheaded","floor":7.0},{"not_picked":["Blizzard","Sweeping Beam","Hello World"],"picked":"SKIP","floor":8.0},{"not_picked":["BootSequence","Streamline"],"picked":"Seek","floor":11.0},{"not_picked":["Gash","Conserve Battery"],"picked":"Capacitor","floor":13.0},{"not_picked":["Amplify","All For One"],"picked":"Core Surge","floor":16.0},{"not_picked":["Barrage","Redo"],"picked":"White Noise","floor":18.0},{"not_picked":["Hello World","Gash"],"picked":"Ball Lightning","floor":19.0},{"not_picked":["Aggregate","Chaos"],"picked":"Hologram","floor":20.0},{"not_picked":["Melter","Rebound"],"picked":"Capacitor","floor":21.0}],"player_experience":426940,"relics_obtained":[{"floor":9.0,"key":"Juzu Bracelet"}],"event_choices":[{"event_name":"The Cleric","player_choice":"Card Removal","floor":3.0,"damage_taken":0.0},{"event_name":"Scrap Ooze","player_choice":"success","floor":14.0,"damage_taken":3.0},{"event_name":"Designer","player_choice":"Full Service","floor":22,"damage_taken":0}],"is_beta":false,"boss_relics":[{"not_picked":["Tiny House","FrozenCore"],"picked":"Black Star"}],"items_purged_floors":[12],"is_endless":false,"potions_floor_spawned":[4,5,11,13,16,18,19],"killed_by":"Slavers","ascension_level":12}