{"gold_per_floor":[114,114,114,130,130,164,164,183,210,254,254,56,74,88,88,216,216,231,119,144,144,144,144,162,162,162,175,96,168,267,279,279,279],"floor_reached":33,"playtime":1194,"items_purged":["Strike_G"],"score":405,"play_id":"1b53071d-53a6-473f-a947-19872dcffbf9","local_time":"20180930153622","is_ascension_mode":true,"campfire_choices":[{"data":"Neutralize","floor":7.0,"key":"SMITH"},{"floor":11.0,"key":"REST"},{"data":"Footwork","floor":15,"key":"SMITH"},{"data":"Leg Sweep","floor":23,"key":"SMITH"},{"data":"Predator","floor":25,"key":"SMITH"},{"data":"Footwork","floor":32,"key":"SMITH"}],"neow_cost":"NONE","seed_source_timestamp":6589893940532,"circlet_count":0,"master_deck":["Defend_G","Defend_G+1","Defend_G","Defend_G","Defend_G+1","Strike_G","Strike_G","Strike_G","Survivor","Neutralize+1","AscendersBane","Backstab","Predator+1","Backstab","Cloak And Dagger","Footwork+1","Leg Sweep+1","Cloak And Dagger","Burst","Backflip","Terror","Dash+1","Predator","PiercingWail+1","Footwork+1"],"special_seed":0,"relics":["Ring of the Snake","NeowsBlessing","Bloody Idol","Regal Pillow","War Paint","Vajra","Snecko Eye","Darkstone Periapt","Mercury Hourglass"],"potions_floor_usage":[33,33],"damage_taken":[{"damage":0.0,"enemies":"2 Louse","floor":1.0,"turns":1.0},{"damage":0.0,"enemies":"Small Slimes","floor":4.0,"turns":1.0},{"damage":0.0,"enemies":"3 Sentries","floor":6.0,"turns":1.0},{"damage":0.0,"enemies":"Jaw Worm","floor":8.0,"turns":3.0},{"damage":21.0,"enemies":"Gremlin Nob","floor":10.0,"turns":4.0},{"damage":0.0,"enemies":"2 Fungi Beasts","floor":13.0,"turns":2.0},{"damage":0,"enemies":"Looter","floor":14,"turns":1},{"damage":12,"enemies":"The Guardian","floor":16,"turns":19},{"damage":10,"enemies":"2 Thieves","floor":18,"turns":4},{"damage":4,"enemies":"Shell Parasite","floor":20,"turns":4},{"damage":1,"enemies":"Snake Plant","floor":24,"turns":4},{"damage":1,"enemies":"Sentry and Sphere","floor":27,"turns":5},{"damage":0,"enemies":"Snecko","floor":31,"turns":4},{"damage":70,"enemies":"Automaton","floor":33,"turns":12}],"seed_played":"8885130476864471748","potions_obtained":[{"floor":6.0,"key":"SkillPotion"},{"floor":8.0,"key":"Dexterity Potion"},{"floor":10.0,"key":"Block Potion"},{"floor":10.0,"key":"GhostInAJar"}],"is_trial":false,"path_per_floor":["M","?","?","M","?","E","R","M","T","?","R","$","M","M","R","B",null,"M","$","M","?","?","R","M","R","T","M","$","T","?","M","R"],"character_chosen":"THE_SILENT","items_purchased":["Footwork","Leg Sweep","Dexterity Potion","Terror","Footwork"],"campfire_rested":1,"item_purchase_floors":[12,12,12,19,28],"current_hp_per_floor":[63,56,56,56,39,39,39,39,39,18,54,54,54,54,54,42,63,53,53,49,49,49,49,53,53,53,57,57,62,67,70,70,0],"gold":279,"neow_bonus":"THREE_ENEMY_KILL","is_prod":false,"is_daily":false,"chose_seed":false,"campfire_upgraded":5,"win_rate":0,"timestamp":1538292982,"path_taken":["M","?","?","M","?","E","R","?","T","?","R","$","M","M","R","BOSS","M","?","M","?","?","R","M","R","T","M","$","?","?","?","R","BOSS"],"build_version":"2018-09-27","purchased_purges":1,"victory":false,"max_hp_per_floor":[70,70,70,70,70,70,70,70,70,70,70,70,70,70,70,70,70,70,70,70,70,70,70,70,70,70,70,70,70,70,70,70,70],"card_choices":[{"not_picked":["Dagger Throw","Terror"],"picked":"Backstab","floor":1.0},{"not_picked":["Cloak And Dagger","Outmaneuver"],"picked":"Predator","floor":4.0},{"not_picked":["Poisoned Stab","Bane","Catalyst"],"picked":"SKIP","floor":6.0},{"not_picked":["Sucker Punch","Catalyst"],"picked":"Backstab","floor":8.0},{"not_picked":["Backflip","Distraction"],"picked":"Cloak And Dagger","floor":10.0},{"not_picked":["All Out Attack","Bane","Choke"],"picked":"SKIP","floor":13.0},{"not_picked":["Deflect","Slice"],"picked":"Cloak And Dagger","floor":14},{"not_picked":["Unload","Corpse Explosion"],"picked":"Burst","floor":16},{"not_picked":["Finisher","Deflect"],"picked":"Backflip","floor":18},{"not_picked":["Blade Dance","Sucker Punch+1"],"picked":"Dash+1","floor":20},{"not_picked":["Choke","Dagger Spray"],"picked":"Predator","floor":24},{"not_picked":["Underhanded Strike+1","Acrobatics+1"],"picked":"PiercingWail+1","floor":27},{"not_picked":["Dagger Throw","Burst","Dagger Spray"],"picked":"SKIP","floor":31}],"player_experience":395072,"relics_obtained":[{"floor":6.0,"key":"Regal Pillow"},{"floor":9.0,"key":"War Paint"},{"floor":10.0,"key":"Vajra"},{"floor":26,"key":"Darkstone Periapt"},{"floor":29,"key":"Mercury Hourglass"}],"event_choices":[{"event_name":"Golden Wing","player_choice":"Card Removal","floor":2.0,"damage_taken":0.0},{"event_name":"Liars Game","player_choice":"disagreed","floor":3.0,"damage_taken":0.0},{"event_name":"Golden Idol","player_choice":"Take Damage","floor":5.0,"damage_taken":0.0},{"event_name":"Dead Adventurer","player_choice":"Searched \u00272\u0027 times","floor":10.0,"damage_taken":0.0},{"event_name":"Ghosts","player_choice":"Ignored","floor":21,"damage_taken":0},{"event_name":"Forgotten Altar","player_choice":"Gave Idol","floor":22,"damage_taken":0},{"event_name":"Nest","player_choice":"Stole From Cult","floor":30,"damage_taken":0}],"is_beta":false,"boss_relics":[{"not_picked":["Tiny House","Eternal Feather"],"picked":"Snecko Eye"}],"items_purged_floors":[19],"is_endless":false,"potions_floor_spawned":[6,8,10,10,18,20,24],"killed_by":"Automaton","ascension_level":10}