{"gold_per_floor":[114,114,134,152,217,249,249,299,322,352,402,402,469,487,487,587,587,597,615,665,715,783,783],"floor_reached":23,"playtime":1785,"items_purged":[],"score":284,"play_id":"a43b43a4-29df-40e9-b0c9-a87f20465197","local_time":"20190131230600","is_ascension_mode":true,"campfire_choices":[{"floor":7,"key":"REST"},{"data":"Whirlwind","floor":12,"key":"SMITH"},{"floor":15,"key":"REST"}],"neow_cost":"NONE","seed_source_timestamp":249633865735038,"circlet_count":0,"master_deck":["Strike_R","Strike_R","Strike_R","Defend_R","Defend_R","Defend_R","Defend_R","Bash","Flame Barrier","Headbutt","Demon Form+1","Whirlwind+1","Rupture","Heavy Blade","Ghostly Armor","Double Tap","Demon Form","Battle Trance","Headbutt+1"],"relics":["Burning Blood","SsserpentHead","Dream Catcher","Oddly Smooth Stone","Happy Flower","Mark of Pain"],"potions_floor_usage":[6,16,20,22,23],"damage_taken":[{"damage":0,"enemies":"2 Louse","floor":1,"turns":3},{"damage":0,"enemies":"Cultist","floor":3,"turns":4},{"damage":2,"enemies":"Jaw Worm","floor":4,"turns":6},{"damage":3,"enemies":"2 Fungi Beasts","floor":5,"turns":5},{"damage":55,"enemies":"Lagavulin","floor":6,"turns":11},{"damage":28,"enemies":"3 Sentries","floor":10,"turns":8},{"damage":10,"enemies":"Exordium Thugs","floor":13,"turns":3},{"damage":1,"enemies":"Looter","floor":14,"turns":5},{"damage":33,"enemies":"Slime Boss","floor":16,"turns":9},{"damage":21,"enemies":"Spheric Guardian","floor":18,"turns":4},{"damage":6,"enemies":"3 Byrds","floor":19,"turns":3},{"damage":32,"enemies":"Colosseum Slavers","floor":20,"turns":5},{"damage":23,"enemies":"Centurion and Healer","floor":22,"turns":4},{"damage":35,"enemies":"Gremlin Leader","floor":23,"turns":2}],"seed_played":"2373348516161351783","potions_obtained":[{"floor":1,"key":"Regen Potion"},{"floor":5,"key":"SkillPotion"},{"floor":6,"key":"Fire Potion"},{"floor":14,"key":"Weak Potion"},{"floor":18,"key":"SpeedPotion"},{"floor":21,"key":"FairyPotion"}],"is_trial":false,"path_per_floor":["M","?","M","M","M","E","R","?","T","E","?","R","M","M","R","B",null,"M","M","?","?","M","E"],"character_chosen":"IRONCLAD","items_purchased":[],"campfire_rested":2,"item_purchase_floors":[],"current_hp_per_floor":[78,78,80,80,80,31,55,55,55,33,33,33,29,34,58,31,68,53,53,27,27,10,0],"gold":783,"neow_bonus":"TRANSFORM_CARD","is_prod":false,"is_daily":false,"chose_seed":false,"campfire_upgraded":1,"win_rate":0,"timestamp":1548972360,"path_taken":["M","?","M","M","?","E","R","?","T","E","?","R","?","M","R","BOSS","M","M","?","?","?","E"],"build_version":"2019-01-23","purchased_purges":0,"victory":false,"max_hp_per_floor":[80,80,80,80,80,80,80,80,80,80,80,80,80,80,80,80,80,80,80,80,80,80,80],"card_choices":[{"not_picked":["Clothesline","Evolve","Power Through"],"picked":"SKIP","floor":1},{"not_picked":["Twin Strike","True Grit","Bludgeon"],"picked":"SKIP","floor":3},{"not_picked":["Sword Boomerang","Power Through","Entrench"],"picked":"SKIP","floor":4},{"not_picked":["Sword Boomerang","True Grit"],"picked":"Headbutt","floor":5},{"not_picked":["Bludgeon","Power Through"],"picked":"Demon Form","floor":6},{"not_picked":["Warcry","Infernal Blade"],"picked":"Whirlwind","floor":10},{"not_picked":["Dropkick","Thunderclap"],"picked":"Heavy Blade","floor":13},{"not_picked":["Clothesline","Rupture"],"picked":"Ghostly Armor","floor":14},{"not_picked":["Perfected Strike","Wild Strike"],"picked":"Double Tap","floor":15},{"not_picked":["Impervious","Double Tap"],"picked":"Demon Form","floor":16},{"not_picked":["Shockwave","Sword Boomerang"],"picked":"Battle Trance","floor":18},{"not_picked":["Pommel Strike","Twin Strike","Burning Pact"],"picked":"SKIP","floor":19},{"not_picked":["Havoc","Wild Strike"],"picked":"Headbutt+1","floor":22}],"player_experience":542349,"relics_obtained":[{"floor":6,"key":"Dream Catcher"},{"floor":9,"key":"Oddly Smooth Stone"},{"floor":10,"key":"Happy Flower"}],"event_choices":[{"damage_healed":0,"gold_gain":0,"player_choice":"Trade","damage_taken":0,"relics_obtained":["SsserpentHead"],"max_hp_gain":0,"max_hp_loss":0,"event_name":"FaceTrader","floor":2,"gold_loss":0},{"damage_healed":0,"gold_gain":0,"player_choice":"Grow","damage_taken":0,"max_hp_gain":0,"max_hp_loss":0,"event_name":"Living Wall","floor":8,"gold_loss":0,"cards_upgraded":["Demon Form"]},{"damage_healed":0,"gold_gain":0,"cards_transformed":["Strike_R"],"player_choice":"Transformed","damage_taken":0,"max_hp_gain":0,"max_hp_loss":0,"event_name":"Transmorgrifier","floor":11,"gold_loss":0,"cards_obtained":["Rupture"]},{"damage_healed":0,"gold_gain":0,"player_choice":"Fight","damage_taken":0,"max_hp_gain":0,"max_hp_loss":0,"event_name":"Colosseum","floor":20,"gold_loss":0},{"damage_healed":0,"gold_gain":0,"player_choice":"Fled From Nobs","damage_taken":0,"max_hp_gain":0,"max_hp_loss":0,"event_name":"Colosseum","floor":20,"gold_loss":0},{"damage_healed":0,"gold_gain":0,"player_choice":"Got Potions","damage_taken":0,"max_hp_gain":0,"max_hp_loss":0,"event_name":"Lab","floor":21,"gold_loss":0}],"is_beta":false,"boss_relics":[{"not_picked":["Astrolabe","Coffee Dripper"],"picked":"Mark of Pain"}],"items_purged_floors":[],"is_endless":false,"potions_floor_spawned":[1,5,6,14,18,20],"killed_by":"Gremlin Leader","ascension_level":8}