{"gold_per_floor":[112,112,123,123,133,133,25,25,25,39,39,54,70,105,105,182,182,197,297,312,322,338,338,338,338,338,6,18,18,0,20,20,94,94,111,122,122,0,0,0,19,19,19,30,30,30,47,65,65,65],"floor_reached":50,"playtime":3722,"items_purged":[],"score":736,"play_id":"feaa9da3-dd62-4e51-8d81-857de3767911","local_time":"20190429230632","is_ascension_mode":true,"campfire_choices":[{"data":"Bash","floor":6,"key":"SMITH"},{"data":"Metallicize","floor":8,"key":"SMITH"},{"data":"Shockwave","floor":11,"key":"SMITH"},{"data":"True Grit","floor":15,"key":"SMITH"},{"data":"1","floor":23,"key":"LIFT"},{"data":"2","floor":25,"key":"LIFT"},{"floor":32,"key":"REST"},{"data":"3","floor":40,"key":"LIFT"},{"floor":42,"key":"REST"},{"floor":49,"key":"REST"}],"neow_cost":"NONE","seed_source_timestamp":0,"circlet_count":0,"master_deck":["AscendersBane","Bash+1","Armaments","Shrug It Off","Pommel Strike","Metallicize+1","Shockwave+1","Metallicize","Shrug It Off","True Grit+1","Impervious","Cleave","Clothesline","Shockwave+1","Clothesline","Metallicize","Fire Breathing+1","Spot Weakness","Limit Break","True Grit","Uppercut","Dual Wield","Wild Strike","Cleave","Second Wind","Sword Boomerang","Offering","Iron Wave+1","Whirlwind+1","Doubt","True Grit+1","Parasite","Ghostly Armor+1"],"special_seed":0,"relics":["Burning Blood","Red Skull","Bottled Flame","Cursed Key","Girya","Sundial","Champion Belt","Pandora\u0027s Box","Red Mask","Paper Frog"],"potions_floor_usage":[16,16,19,33,50,50],"damage_taken":[{"damage":9,"enemies":"Small Slimes","floor":1,"turns":5},{"damage":15,"enemies":"Cultist","floor":3,"turns":5},{"damage":2,"enemies":"Jaw Worm","floor":5,"turns":4},{"damage":0,"enemies":"Blue Slaver","floor":10,"turns":5},{"damage":2,"enemies":"Exordium Wildlife","floor":12,"turns":5},{"damage":11,"enemies":"Large Slime","floor":13,"turns":8},{"damage":18,"enemies":"3 Sentries","floor":14,"turns":12},{"damage":31,"enemies":"Hexaghost","floor":16,"turns":14},{"damage":0,"enemies":"Chosen","floor":18,"turns":7},{"damage":31,"enemies":"Colosseum Slavers","floor":19,"turns":6},{"damage":37,"enemies":"Colosseum Nobs","floor":19,"turns":6},{"damage":15,"enemies":"Shell Parasite","floor":20,"turns":7},{"damage":2,"enemies":"Centurion and Healer","floor":21,"turns":8},{"damage":9,"enemies":"Shelled Parasite and Fungi","floor":22,"turns":8},{"damage":10,"enemies":"Snake Plant","floor":28,"turns":5},{"damage":0,"enemies":"Centurion and Healer","floor":31,"turns":7},{"damage":57,"enemies":"Automaton","floor":33,"turns":12},{"damage":27,"enemies":"3 Darklings","floor":35,"turns":5},{"damage":11,"enemies":"3 Shapes","floor":36,"turns":5},{"damage":15,"enemies":"Sphere and 2 Shapes","floor":41,"turns":9},{"damage":17,"enemies":"Jaw Worm Horde","floor":44,"turns":4},{"damage":16,"enemies":"4 Shapes","floor":47,"turns":6},{"damage":1,"enemies":"Writhing Mass","floor":48,"turns":4},{"damage":69,"enemies":"Donu and Deca","floor":50,"turns":6}],"seed_played":"-3669927685461146996","potions_obtained":[{"floor":3,"key":"Energy Potion"},{"floor":10,"key":"Energy Potion"},{"floor":16,"key":"BloodPotion"},{"floor":18,"key":"Regen Potion"},{"floor":21,"key":"Explosive Potion"},{"floor":36,"key":"PowerPotion"},{"floor":48,"key":"Swift Potion"}],"is_trial":false,"path_per_floor":["M","?","M","$","M","R","$","R","T","M","R","M","M","E","R","B",null,"M","?","M","M","M","R","?","R","T","$","M","$","?","M","R","B",null,"M","M","$","?","$","R","M","R","T","M","$","?","M","M","R","B"],"character_chosen":"IRONCLAD","items_purchased":["Metallicize","Shockwave","Metallicize","Champion Belt"],"campfire_rested":3,"item_purchase_floors":[7,7,27,27],"current_hp_per_floor":[69,80,71,71,75,75,75,75,75,80,80,80,75,63,63,38,70,76,34,25,29,26,26,26,26,26,26,22,22,22,28,52,9,62,41,36,36,36,36,36,27,51,51,40,40,40,30,35,59,0],"gold":65,"neow_bonus":"TRANSFORM_CARD","is_prod":false,"is_daily":false,"chose_seed":false,"campfire_upgraded":4,"win_rate":0,"timestamp":1556550392,"path_taken":["M","?","M","$","M","R","$","R","T","?","R","M","M","E","R","BOSS","M","?","M","M","M","R","?","R","T","$","M","?","?","M","R","BOSS","M","M","$","?","$","R","M","R","T","M","$","?","M","M","R","BOSS"],"build_version":"2019-01-23","purchased_purges":0,"victory":false,"max_hp_per_floor":[80,80,80,80,80,80,80,80,80,80,80,80,80,80,80,80,80,80,80,80,80,80,80,80,80,80,80,80,80,80,80,80,80,80,80,80,80,80,80,80,80,80,80,80,80,80,80,80,80,80],"card_choices":[{"not_picked":["Body Slam","Flex"],"picked":"Armaments","floor":1},{"not_picked":["Body Slam","Sever Soul"],"picked":"Shrug It Off","floor":3},{"not_picked":["Fire Breathing","Rupture"],"picked":"Pommel Strike","floor":5},{"not_picked":["Iron Wave","True Grit","Metallicize"],"picked":"SKIP","floor":10},{"not_picked":["Iron Wave","True Grit"],"picked":"Metallicize","floor":10},{"not_picked":["Perfected Strike","Clash"],"picked":"Shrug It Off","floor":12},{"not_picked":["Body Slam","Entrench"],"picked":"True Grit","floor":13},{"not_picked":["Rage","Bloodletting"],"picked":"Evolve","floor":14},{"not_picked":["Exhume","Fiend Fire"],"picked":"Impervious","floor":16},{"not_picked":["True Grit","Armaments"],"picked":"Cleave","floor":18},{"not_picked":["Twin Strike","Clash"],"picked":"Clothesline","floor":19},{"not_picked":["Armaments","Havoc","Iron Wave"],"picked":"SKIP","floor":20},{"not_picked":["Barricade","Clash+1"],"picked":"Shockwave+1","floor":21},{"not_picked":["Thunderclap","Wild Strike"],"picked":"Clothesline","floor":22},{"not_picked":["Sever Soul+1","Thunderclap"],"picked":"Fire Breathing+1","floor":28},{"not_picked":["Second Wind","Fire Breathing"],"picked":"Spot Weakness","floor":31},{"not_picked":["Exhume","Barricade"],"picked":"Limit Break","floor":33},{"not_picked":["Havoc+1","Burning Pact","Wild Strike"],"picked":"SKIP","floor":35},{"not_picked":["Twin Strike+1","Flex"],"picked":"Iron Wave+1","floor":36},{"not_picked":["Combust","Bloodletting+1"],"picked":"Whirlwind+1","floor":41},{"not_picked":["Infernal Blade","Flex"],"picked":"True Grit+1","floor":44},{"not_picked":["Evolve","Armaments","Impervious"],"picked":"SKIP","floor":47},{"not_picked":["Uppercut","Flex+1"],"picked":"Ghostly Armor+1","floor":48}],"player_experience":441570,"relics_obtained":[{"floor":9,"key":"Red Skull"},{"floor":14,"key":"Bottled Flame"},{"floor":19,"key":"Girya"},{"floor":19,"key":"Sundial"},{"floor":43,"key":"Paper Frog"}],"event_choices":[{"cards_removed":["Infernal Blade"],"damage_healed":11,"gold_gain":0,"player_choice":"Offered Uncommon","damage_taken":0,"max_hp_gain":0,"max_hp_loss":0,"event_name":"Bonfire Elementals","floor":2,"gold_loss":0},{"damage_healed":0,"gold_gain":0,"player_choice":"Fight","damage_taken":0,"max_hp_gain":0,"max_hp_loss":0,"event_name":"Colosseum","floor":19,"gold_loss":0},{"damage_healed":0,"gold_gain":0,"player_choice":"Fought Nobs","damage_taken":0,"max_hp_gain":0,"max_hp_loss":0,"event_name":"Colosseum","floor":19,"gold_loss":0},{"damage_healed":0,"gold_gain":0,"player_choice":"Ignored","damage_taken":0,"max_hp_gain":0,"max_hp_loss":0,"event_name":"Cursed Tome","floor":24,"gold_loss":0},{"damage_healed":0,"gold_gain":0,"player_choice":"Paid Fearfully","damage_taken":0,"max_hp_gain":0,"max_hp_loss":0,"event_name":"Masked Bandits","floor":30,"gold_loss":18},{"damage_healed":0,"gold_gain":0,"player_choice":"Paid","damage_taken":0,"relics_obtained":["Red Mask"],"max_hp_gain":0,"max_hp_loss":0,"event_name":"Tomb of Lord Red Mask","floor":38,"gold_loss":122},{"cards_removed":["Evolve"],"damage_healed":0,"gold_gain":0,"player_choice":"Removed Power","damage_taken":0,"max_hp_gain":0,"max_hp_loss":0,"event_name":"Falling","floor":46,"gold_loss":0}],"is_beta":false,"boss_relics":[{"not_picked":["Calling Bell","Fusion Hammer"],"picked":"Cursed Key"},{"not_picked":["Runic Pyramid","Philosopher\u0027s Stone"],"picked":"Pandora\u0027s Box"}],"items_purged_floors":[],"is_endless":false,"potions_floor_spawned":[3,10,12,16,18,19,21,22,31,36,48],"killed_by":"Donu and Deca","ascension_level":13}