{"gold_per_floor":[118,118,118,134,154,154,184,184,184,198,209,241,241,254,254,377,377,395,239,262,262,262,262,296,296,296,339,352,352,375,300,300,300],"floor_reached":33,"playtime":2401,"items_purged":["Normality"],"score":339,"play_id":"e44db350-0845-46e1-a5c6-e39ae2a30120","local_time":"20190218131234","is_ascension_mode":true,"campfire_choices":[{"data":"Inflame","floor":6.0,"key":"SMITH"},{"data":"Uppercut","floor":8.0,"key":"SMITH"},{"data":"Flame Barrier","floor":15.0,"key":"SMITH"},{"data":"Double Tap","floor":23.0,"key":"SMITH"},{"data":"Limit Break","floor":25.0,"key":"SMITH"},{"floor":29,"key":"REST"},{"data":"Armaments","floor":32,"key":"SMITH"}],"neow_cost":"NONE","seed_source_timestamp":172157573092385,"circlet_count":0,"master_deck":["Strike_R","Strike_R","Strike_R","Strike_R","Strike_R","Defend_R","Defend_R+1","Defend_R","Defend_R","Bash+1","Inflame+1","Fire Breathing","Uppercut+1","Spot Weakness+1","Flame Barrier+1","Rampage+1","Reaper+1","Injury","Double Tap+1","Twin Strike+1","Limit Break+1","Armaments+1","Pummel+1"],"special_seed":0,"relics":["Burning Blood","Mummified Hand","Gremlin Horn","Pear","Molten Egg 2","Golden Idol","Calling Bell","Orichalcum","Charon\u0027s Ashes","Blue Candle","MutagenicStrength","Juzu Bracelet","War Paint","Regal Pillow"],"potions_floor_usage":[30],"damage_taken":[{"damage":6.0,"enemies":"2 Louse","floor":1.0,"turns":4.0},{"damage":5.0,"enemies":"Small Slimes","floor":4.0,"turns":3.0},{"damage":1.0,"enemies":"Cultist","floor":5.0,"turns":3.0},{"damage":63.0,"enemies":"3 Sentries","floor":7.0,"turns":10.0},{"damage":9.0,"enemies":"Blue Slaver","floor":10.0,"turns":3.0},{"damage":4.0,"enemies":"3 Louse","floor":11.0,"turns":3.0},{"damage":7.0,"enemies":"Gremlin Nob","floor":12.0,"turns":3.0},{"damage":3.0,"enemies":"Looter","floor":14.0,"turns":4.0},{"damage":14.0,"enemies":"Slime Boss","floor":16.0,"turns":6.0},{"damage":22.0,"enemies":"3 Byrds","floor":18.0,"turns":4.0},{"damage":6.0,"enemies":"Chosen","floor":20.0,"turns":4.0},{"damage":26.0,"enemies":"Book of Stabbing","floor":24.0,"turns":4.0},{"damage":60,"enemies":"Slavers","floor":27,"turns":5},{"damage":18,"enemies":"Snake Plant","floor":28,"turns":3},{"damage":23,"enemies":"3 Cultists","floor":30,"turns":5},{"damage":69,"enemies":"Champ","floor":33,"turns":9}],"seed_played":"5162512402344175885","potions_obtained":[{"floor":1.0,"key":"Regen Potion"},{"floor":12.0,"key":"SteroidPotion"},{"floor":14.0,"key":"SkillPotion"},{"floor":18.0,"key":"Strength Potion"},{"floor":20.0,"key":"Dexterity Potion"},{"floor":28,"key":"SkillPotion"}],"is_trial":false,"path_per_floor":["M","?","?","M","M","R","E","R","T","M","M","E","?","M","R","B",null,"M","$","M","?","?","R","E","R","T","E","M","R","M","?","R","B"],"character_chosen":"IRONCLAD","items_purchased":["Double Tap"],"campfire_rested":1,"item_purchase_floors":[19],"current_hp_per_floor":[80,80,77,78,80,80,23,23,33,30,32,31,31,34,34,35,83,69,69,69,69,69,69,49,49,49,19,7,46,52,52,52,0],"gold":300,"neow_bonus":"UPGRADE_CARD","is_prod":false,"is_daily":false,"chose_seed":false,"campfire_upgraded":6,"win_rate":0,"timestamp":1550491954,"path_taken":["M","?","?","M","M","R","E","R","T","M","M","E","?","M","R","BOSS","M","$","M","?","?","R","E","R","T","E","M","R","M","?","R","BOSS"],"build_version":"2019-01-23","purchased_purges":1,"victory":false,"max_hp_per_floor":[80,80,80,80,80,80,80,80,90,90,90,90,83,83,83,83,83,83,83,83,83,83,83,83,83,83,83,83,83,83,83,83,83],"card_choices":[{"not_picked":["Pommel Strike","Perfected Strike"],"picked":"Inflame","floor":1.0},{"not_picked":["Carnage","Disarm"],"picked":"Fire Breathing","floor":4.0},{"not_picked":["Infernal Blade","Cleave","Iron Wave"],"picked":"SKIP","floor":5.0},{"not_picked":["Immolate","Feel No Pain"],"picked":"Uppercut","floor":7.0},{"not_picked":["Pummel","Heavy Blade","Clothesline"],"picked":"SKIP","floor":10.0},{"not_picked":["Clash","Headbutt"],"picked":"Spot Weakness","floor":11.0},{"not_picked":["Searing Blow","Perfected Strike"],"picked":"Flame Barrier","floor":12.0},{"not_picked":["Thunderclap+1","Body Slam+1"],"picked":"Rampage+1","floor":14.0},{"not_picked":["Juggernaut","Brutality"],"picked":"Reaper+1","floor":16.0},{"not_picked":["Clothesline+1","Wild Strike+1","Searing Blow+1"],"picked":"SKIP","floor":18.0},{"not_picked":["Sword Boomerang+1","Second Wind"],"picked":"Twin Strike+1","floor":20.0},{"not_picked":["Clash+1","Sever Soul+1"],"picked":"Limit Break","floor":24.0},{"not_picked":["Sever Soul+1","Anger+1"],"picked":"Armaments","floor":27},{"not_picked":["Thunderclap+1","Burning Pact","Flex"],"picked":"SKIP","floor":28},{"not_picked":["Body Slam+1","Bloodletting+1"],"picked":"Pummel+1","floor":30}],"player_experience":165616,"relics_obtained":[{"floor":7.0,"key":"Gremlin Horn"},{"floor":9.0,"key":"Pear"},{"floor":12.0,"key":"Molten Egg 2"},{"floor":17.0,"key":"Orichalcum"},{"floor":17.0,"key":"Charon\u0027s Ashes"},{"floor":17.0,"key":"Blue Candle"},{"floor":24.0,"key":"Juzu Bracelet"},{"floor":26.0,"key":"War Paint"},{"floor":27,"key":"Regal Pillow"}],"event_choices":[{"damage_healed":0.0,"max_hp_gain":0.0,"max_hp_loss":0.0,"gold_gain":0.0,"event_name":"Liars Game","player_choice":"Ignored","floor":2.0,"gold_loss":0.0,"damage_taken":0.0},{"damage_healed":0.0,"max_hp_gain":0.0,"max_hp_loss":0.0,"gold_gain":0.0,"event_name":"Scrap Ooze","player_choice":"Success","floor":3.0,"gold_loss":0.0,"damage_taken":3.0,"relics_obtained":["Mummified Hand"]},{"damage_healed":0.0,"max_hp_gain":0.0,"max_hp_loss":7.0,"gold_gain":0.0,"event_name":"Golden Idol","player_choice":"Lose Max HP","floor":13.0,"gold_loss":0.0,"damage_taken":0.0,"relics_obtained":["Golden Idol"]},{"damage_healed":0.0,"max_hp_gain":0.0,"max_hp_loss":0.0,"gold_gain":0.0,"event_name":"Drug Dealer","player_choice":"Inject Mutagens","floor":21.0,"gold_loss":0.0,"damage_taken":0.0,"relics_obtained":["MutagenicStrength"]},{"damage_healed":0.0,"max_hp_gain":0.0,"max_hp_loss":0.0,"gold_gain":0.0,"event_name":"The Woman in Blue","player_choice":"Bought 0 Potions","floor":22.0,"gold_loss":0.0,"damage_taken":0.0},{"cards_removed":["Normality"],"damage_healed":0,"gold_gain":0,"player_choice":"Gave Gold","damage_taken":0,"max_hp_gain":0,"max_hp_loss":0,"event_name":"Beggar","floor":31,"gold_loss":75}],"is_beta":false,"boss_relics":[{"not_picked":["Ectoplasm","Busted Crown"],"picked":"Calling Bell"}],"items_purged_floors":[19],"is_endless":false,"potions_floor_spawned":[1,12,14,18,20,28],"killed_by":"Champ","ascension_level":3}