{"gold_per_floor":[111,127,142,142,142,169,189,224,296,296,328,341,376,376,376,472,472,427,427,427,427,427,427,427,427,427,427,427,427,427,427,427,427],"floor_reached":33,"playtime":2007,"items_purged":[],"score":384,"play_id":"7e327321-a173-4e94-9f41-ffcf93e30f3b","local_time":"20190329174458","is_ascension_mode":true,"campfire_choices":[{"floor":10,"key":"REST"},{"floor":15,"key":"REST"},{"data":"Perfected Strike","floor":23,"key":"SMITH"},{"data":"Perfected Strike","floor":25,"key":"SMITH"},{"floor":29,"key":"REST"},{"floor":32,"key":"REST"}],"neow_cost":"NONE","seed_source_timestamp":1628964150636167,"circlet_count":0,"master_deck":["Strike_R","Strike_R","Strike_R","Strike_R","Strike_R","Defend_R","Defend_R","Defend_R","Defend_R","Bash","Perfected Strike+1","Ghostly Armor","Wild Strike","Shrug It Off","Warcry","Disarm","Battle Trance","Intimidate","Feed","Perfected Strike+1","Armaments+1","Twin Strike","Ghostly Armor","Flex+1","J.A.X."],"relics":["Burning Blood","NeowsBlessing","Pen Nib","Charon\u0027s Ashes","Art of War","Pear","Vajra","Omamori","Dodecahedron","Ectoplasm","Darkstone Periapt","Bronze Scales"],"potions_floor_usage":[8,16,33],"damage_taken":[{"damage":0,"enemies":"Cultist","floor":1,"turns":1},{"damage":0,"enemies":"2 Louse","floor":2,"turns":1},{"damage":0,"enemies":"Small Slimes","floor":3,"turns":1},{"damage":45,"enemies":"Lagavulin","floor":6,"turns":6},{"damage":22,"enemies":"Gremlin Gang","floor":7,"turns":7},{"damage":12,"enemies":"3 Sentries","floor":8,"turns":6},{"damage":15,"enemies":"Gremlin Nob","floor":11,"turns":4},{"damage":9,"enemies":"Blue Slaver","floor":12,"turns":3},{"damage":17,"enemies":"3 Sentries","floor":13,"turns":6},{"damage":45,"enemies":"The Guardian","floor":16,"turns":12},{"damage":23,"enemies":"2 Thieves","floor":18,"turns":3},{"damage":6,"enemies":"Spheric Guardian","floor":19,"turns":3},{"damage":14,"enemies":"Centurion and Healer","floor":20,"turns":5},{"damage":9,"enemies":"3 Cultists","floor":22,"turns":5},{"damage":0,"enemies":"Snake Plant","floor":24,"turns":3},{"damage":10,"enemies":"Cultist and Chosen","floor":27,"turns":4},{"damage":37,"enemies":"Slavers","floor":28,"turns":6},{"damage":7,"enemies":"Chosen and Byrds","floor":30,"turns":4},{"damage":96,"enemies":"Automaton","floor":33,"turns":6}],"seed_played":"530357216258584103","potions_obtained":[{"floor":2,"key":"Ancient Potion"},{"floor":6,"key":"Ancient Potion"},{"floor":7,"key":"PowerPotion"},{"floor":12,"key":"SneckoOil"},{"floor":19,"key":"SkillPotion"},{"floor":20,"key":"FearPotion"},{"floor":22,"key":"Energy Potion"},{"floor":30,"key":"AttackPotion"}],"is_trial":false,"path_per_floor":["M","M","M","?","?","E","M","E","T","R","E","M","E","?","R","B",null,"M","M","M","?","M","R","M","R","T","M","E","R","M","?","R","B"],"character_chosen":"IRONCLAD","items_purchased":[],"campfire_rested":4,"item_purchase_floors":[],"current_hp_per_floor":[80,80,80,77,77,38,22,16,26,53,44,41,30,30,57,18,90,76,76,71,52,52,52,58,58,58,57,26,58,57,57,89,0],"gold":427,"neow_bonus":"THREE_ENEMY_KILL","is_prod":false,"is_daily":false,"chose_seed":false,"campfire_upgraded":2,"win_rate":0,"timestamp":1553877898,"path_taken":["M","?","M","?","?","E","M","E","T","R","E","M","E","?","R","BOSS","M","?","M","?","M","R","M","R","T","M","E","R","M","?","R","BOSS"],"build_version":"2019-01-23","purchased_purges":0,"victory":false,"max_hp_per_floor":[80,80,80,80,80,80,80,80,90,90,90,90,90,90,90,90,90,93,93,96,101,104,104,104,104,104,107,107,107,107,107,107,107],"card_choices":[{"not_picked":["Armaments","Heavy Blade"],"picked":"Perfected Strike","floor":1},{"not_picked":["Rampage","Clothesline"],"picked":"Ghostly Armor","floor":2},{"not_picked":["Headbutt","Flex"],"picked":"Wild Strike","floor":3},{"not_picked":["Corruption","Anger"],"picked":"Shrug It Off","floor":6},{"not_picked":["Sword Boomerang","Fire Breathing"],"picked":"Warcry","floor":7},{"not_picked":["Uppercut","Combust","Sever Soul"],"picked":"SKIP","floor":8},{"not_picked":["Burning Pact","Feel No Pain"],"picked":"Disarm","floor":11},{"not_picked":["Feed","Hemokinesis"],"picked":"Battle Trance","floor":12},{"not_picked":["Juggernaut","Seeing Red"],"picked":"Intimidate","floor":13},{"not_picked":["Fiend Fire","Reaper"],"picked":"Feed","floor":16},{"not_picked":["Uppercut","Sword Boomerang"],"picked":"Perfected Strike","floor":18},{"not_picked":["Corruption","Inflame"],"picked":"Armaments+1","floor":19},{"not_picked":["Thunderclap","Clothesline","Flame Barrier"],"picked":"SKIP","floor":20},{"not_picked":["Warcry+1","Sword Boomerang"],"picked":"Twin Strike","floor":22},{"not_picked":["Clash+1","Headbutt","Havoc+1"],"picked":"SKIP","floor":24},{"not_picked":["Cleave","Rampage","Havoc"],"picked":"SKIP","floor":27},{"not_picked":["Cleave","Rampage","Havoc"],"picked":"SKIP","floor":27},{"not_picked":["Havoc","Shrug It Off"],"picked":"Ghostly Armor","floor":28},{"not_picked":["Barricade","Hemokinesis+1"],"picked":"Flex+1","floor":30}],"player_experience":142814,"relics_obtained":[{"floor":6,"key":"Charon\u0027s Ashes"},{"floor":8,"key":"Art of War"},{"floor":9,"key":"Pear"},{"floor":11,"key":"Vajra"},{"floor":13,"key":"Omamori"},{"floor":26,"key":"Darkstone Periapt"},{"floor":28,"key":"Bronze Scales"}],"event_choices":[{"damage_healed":0,"gold_gain":0,"player_choice":"Success","damage_taken":3,"relics_obtained":["Pen Nib"],"max_hp_gain":0,"max_hp_loss":0,"event_name":"Scrap Ooze","floor":4,"gold_loss":0},{"damage_healed":0,"gold_gain":0,"player_choice":"Ignored","damage_taken":0,"max_hp_gain":0,"max_hp_loss":0,"event_name":"Liars Game","floor":5,"gold_loss":0},{"damage_healed":0,"gold_gain":0,"player_choice":"Gave Potion","damage_taken":0,"relics_obtained":["Dodecahedron"],"max_hp_gain":0,"max_hp_loss":0,"event_name":"WeMeetAgain","floor":14,"gold_loss":0},{"damage_healed":0,"gold_gain":0,"player_choice":"Shed Blood","damage_taken":24,"max_hp_gain":5,"max_hp_loss":0,"event_name":"Forgotten Altar","floor":21,"gold_loss":0},{"damage_healed":0,"gold_gain":0,"player_choice":"Obtain J.A.X.","damage_taken":0,"max_hp_gain":0,"max_hp_loss":0,"event_name":"Drug Dealer","floor":31,"gold_loss":0,"cards_obtained":["J.A.X."]}],"is_beta":false,"boss_relics":[{"not_picked":["Runic Dome","Tiny House"],"picked":"Ectoplasm"}],"items_purged_floors":[],"is_endless":false,"potions_floor_spawned":[2,6,7,12,19,20,22,30],"killed_by":"Automaton","ascension_level":4}