{"gold_per_floor":[117,117,134,154,165,165,240,240,263,277,290,303,318,346,346,346],"floor_reached":16,"playtime":680,"items_purged":[],"score":154,"play_id":"357ac803-3980-49f9-adba-0e4c74b3aeec","local_time":"20180924161616","is_ascension_mode":true,"campfire_choices":[{"data":"Predator","floor":6,"key":"SMITH"},{"floor":8,"key":"REST"},{"floor":15,"key":"REST"}],"neow_cost":"NONE","seed_source_timestamp":9490741018310,"circlet_count":0,"master_deck":["Defend_G","Defend_G","Defend_G","Defend_G","Defend_G","Strike_G","Strike_G","Strike_G","Strike_G","Strike_G","Survivor","Neutralize+1","Storm of Steel","Cloak And Dagger","Backflip","Predator+1","Dodge and Roll","Dash","Cloak And Dagger","Backflip"],"relics":["Ring of the Snake","Dream Catcher","Juzu Bracelet"],"potions_floor_usage":[14,14],"damage_taken":[{"damage":1,"enemies":"Cultist","floor":1,"turns":4},{"damage":9,"enemies":"2 Louse","floor":3,"turns":3},{"damage":2,"enemies":"Small Slimes","floor":4,"turns":4},{"damage":19,"enemies":"Gremlin Gang","floor":5,"turns":6},{"damage":2,"enemies":"Blue Slaver","floor":10,"turns":4},{"damage":4,"enemies":"Exordium Wildlife","floor":11,"turns":7},{"damage":3,"enemies":"3 Louse","floor":12,"turns":4},{"damage":1,"enemies":"Large Slime","floor":13,"turns":6},{"damage":7,"enemies":"Gremlin Nob","floor":14,"turns":3},{"damage":79,"enemies":"Slime Boss","floor":16,"turns":13}],"seed_played":"-2463402554928317670","potions_obtained":[{"floor":4,"key":"Strength Potion"},{"floor":5,"key":"FairyPotion"},{"floor":12,"key":"AttackPotion"}],"is_trial":false,"path_per_floor":["M","?","M","M","M","R","?","R","T","M","M","M","M","E","R"],"character_chosen":"THE_SILENT","items_purchased":[],"campfire_rested":2,"item_purchase_floors":[],"current_hp_per_floor":[62,62,53,51,32,32,21,42,42,40,36,33,32,25,46,0],"gold":346,"neow_bonus":"ONE_RANDOM_RARE_CARD","is_prod":false,"is_daily":false,"chose_seed":false,"campfire_upgraded":1,"win_rate":0,"timestamp":1537776976,"path_taken":["M","?","M","M","M","R","?","R","T","M","?","M","M","E","R","BOSS"],"build_version":"2018-09-20","purchased_purges":0,"victory":false,"max_hp_per_floor":[70,70,70,70,70,70,70,70,70,70,70,70,70,70,70,70],"card_choices":[{"not_picked":["Calculated Gamble","Terror"],"picked":"Cloak And Dagger","floor":1},{"not_picked":["Dagger Spray","Acrobatics"],"picked":"Backflip","floor":3},{"not_picked":["Outmaneuver","Catalyst"],"picked":"Predator","floor":4},{"not_picked":["Prepared","Quick Slash"],"picked":"Dodge and Roll","floor":5},{"not_picked":["Acrobatics","Bullet Time"],"picked":"Dash","floor":10},{"not_picked":["Deadly Poison","Dagger Throw"],"picked":"Cloak And Dagger","floor":11},{"not_picked":["Flying Knee","Quick Slash"],"picked":"Backflip","floor":12},{"not_picked":["Quick Slash","Flying Knee","Underhanded Strike"],"picked":"SKIP","floor":13},{"not_picked":["Calculated Gamble","Dodge and Roll","Poisoned Stab"],"picked":"SKIP","floor":14}],"player_experience":321582,"relics_obtained":[{"floor":9,"key":"Dream Catcher"},{"floor":14,"key":"Juzu Bracelet"}],"event_choices":[{"event_name":"Accursed Blacksmith","player_choice":"Forge","floor":2,"damage_taken":0},{"event_name":"World of Goop","player_choice":"Gather Gold","floor":7,"damage_taken":0}],"is_beta":false,"boss_relics":[],"items_purged_floors":[],"is_endless":false,"potions_floor_spawned":[4,5,12],"killed_by":"Slime Boss","ascension_level":9}