{"gold_per_floor":[111,111,127,140,156,184,149,182,182,182,200,200,210,18,18,18],"floor_reached":16,"playtime":706,"items_purged":[],"score":179,"play_id":"06bd6353-6773-4113-8ecb-05b5e8cb8881","local_time":"20190429123942","is_ascension_mode":true,"campfire_choices":[{"floor":10,"key":"REST"},{"floor":15,"key":"REST"}],"neow_cost":"NONE","seed_source_timestamp":438945548733802,"circlet_count":0,"master_deck":["AscendersBane","Strike_R","Strike_R","Strike_R","Strike_R","Defend_R","Defend_R","Defend_R","Defend_R","Bash","Thunderclap+1","True Grit","Hemokinesis","Headbutt","Offering","Whirlwind","Pommel Strike","Seeing Red","Pummel"],"special_seed":0,"relics":["Burning Blood","Bronze Scales","Darkstone Periapt","Blue Candle","Question Card","MealTicket"],"potions_floor_usage":[8,11,11,16,16],"damage_taken":[{"damage":0.0,"enemies":"2 Louse","floor":1.0,"turns":2.0},{"damage":6.0,"enemies":"Cultist","floor":3.0,"turns":3.0},{"damage":0.0,"enemies":"Small Slimes","floor":4.0,"turns":3.0},{"damage":11.0,"enemies":"Red Slaver","floor":5.0,"turns":3.0},{"damage":47.0,"enemies":"3 Sentries","floor":6.0,"turns":7.0},{"damage":32,"enemies":"Lagavulin","floor":8,"turns":6},{"damage":22,"enemies":"Exordium Thugs","floor":11,"turns":5},{"damage":12,"enemies":"2 Fungi Beasts","floor":13,"turns":2},{"damage":49,"enemies":"Slime Boss","floor":16,"turns":6}],"seed_played":"-4999747026377659429","potions_obtained":[{"floor":1.0,"key":"Energy Potion"},{"floor":8,"key":"EntropicBrew"},{"floor":11,"key":"Ancient Potion"}],"is_trial":false,"path_per_floor":["M","?","M","M","M","E","$","E","T","R","M","?","M","$","R","B"],"character_chosen":"IRONCLAD","items_purchased":["Whirlwind","MealTicket"],"campfire_rested":2,"item_purchase_floors":[7,14],"current_hp_per_floor":[78,78,78,80,75,34,34,8,8,32,25,25,19,19,43,0],"gold":18,"neow_bonus":"RANDOM_COMMON_RELIC","is_prod":false,"is_daily":false,"chose_seed":false,"campfire_upgraded":0,"win_rate":0,"timestamp":1556534382,"path_taken":["M","?","M","M","M","E","?","E","T","R","M","?","?","?","R","BOSS"],"build_version":"2019-01-23","purchased_purges":0,"victory":false,"max_hp_per_floor":[80,80,80,80,80,80,80,80,80,80,80,80,80,80,80,80],"card_choices":[{"not_picked":["Infernal Blade","Anger"],"picked":"Thunderclap","floor":1.0},{"not_picked":["Havoc","Second Wind"],"picked":"True Grit","floor":3.0},{"not_picked":["Havoc","Anger"],"picked":"Hemokinesis","floor":4.0},{"not_picked":["Rage","Burning Pact"],"picked":"Headbutt","floor":5.0},{"not_picked":["Iron Wave","Headbutt"],"picked":"Offering","floor":6.0},{"not_picked":["Feel No Pain","True Grit"],"picked":"Pommel Strike","floor":8},{"not_picked":["Anger","Twin Strike","Entrench"],"picked":"Seeing Red","floor":11},{"not_picked":["Power Through","Sword Boomerang","Clash"],"picked":"Pummel","floor":13}],"player_experience":679189,"relics_obtained":[{"floor":6.0,"key":"Darkstone Periapt"},{"floor":8,"key":"Blue Candle"},{"floor":9,"key":"Question Card"}],"event_choices":[{"damage_healed":0.0,"max_hp_gain":0.0,"max_hp_loss":0.0,"gold_gain":0.0,"event_name":"Accursed Blacksmith","player_choice":"Forge","floor":2.0,"gold_loss":0.0,"damage_taken":0.0,"cards_upgraded":["Thunderclap"]},{"cards_removed":["Strike_R"],"damage_healed":0,"gold_gain":0,"player_choice":"Purged","damage_taken":0,"max_hp_gain":0,"max_hp_loss":0,"event_name":"Purifier","floor":12,"gold_loss":0}],"is_beta":false,"boss_relics":[],"items_purged_floors":[],"is_endless":false,"potions_floor_spawned":[1,8,11],"killed_by":"Slime Boss","ascension_level":12}