{"gold_per_floor":[119,136,55,55,55,55,74,74,127,140,181,181,200,221,221,351,351,365,365,385,270,284,284,307,307,307,137,176,176,176,190,190,320,320,345,60,60,78,78,78],"floor_reached":40,"playtime":1435,"items_purged":["Strike_R","Defend_R"],"score":609,"play_id":"0011484c-fd95-428a-ae07-9d7cde60ca5b","local_time":"20180929172156","is_ascension_mode":true,"campfire_choices":[{"data":"Bash","floor":6.0,"key":"SMITH"},{"data":"True Grit","floor":8.0,"key":"SMITH"},{"floor":15.0,"key":"REST"},{"data":"Flame Barrier","floor":23,"key":"SMITH"},{"data":"Shockwave","floor":25,"key":"SMITH"},{"data":"Corruption","floor":29,"key":"SMITH"},{"data":"Spot Weakness","floor":32,"key":"SMITH"}],"neow_cost":"NONE","seed_source_timestamp":444664888069025,"circlet_count":0,"master_deck":["Strike_R","Strike_R+1","Strike_R+1","Strike_R+1","Defend_R","Defend_R","Defend_R","Bash+1","AscendersBane","Disarm+1","Pommel Strike","Whirlwind+1","True Grit+1","Shrug It Off","Impervious","Spot Weakness+1","Shrug It Off","Flame Barrier+1","Corruption+1","Shockwave+1","Inflame","Spot Weakness","Shrug It Off+1","Limit Break","Body Slam+1","Feel No Pain","Madness","Body Slam+1"],"special_seed":0,"relics":["Black Blood","Golden Idol","Whetstone","Shuriken","Ornamental Fan","Oddly Smooth Stone","Mark of Pain","Kunai"],"potions_floor_usage":[16,16,22,28,28,28,28,30,33,40],"damage_taken":[{"damage":2.0,"enemies":"2 Louse","floor":1.0,"turns":3.0},{"damage":10.0,"enemies":"Small Slimes","floor":2.0,"turns":4.0},{"damage":0.0,"enemies":"Cultist","floor":7.0,"turns":3.0},{"damage":0.0,"enemies":"Looter","floor":10.0,"turns":4.0},{"damage":42.0,"enemies":"Lagavulin","floor":11.0,"turns":7.0},{"damage":8.0,"enemies":"Blue Slaver","floor":13.0,"turns":3.0},{"damage":10.0,"enemies":"3 Louse","floor":14.0,"turns":3.0},{"damage":35,"enemies":"Slime Boss","floor":16,"turns":10},{"damage":6,"enemies":"3 Byrds","floor":18,"turns":5},{"damage":16,"enemies":"Spheric Guardian","floor":20,"turns":5},{"damage":5,"enemies":"Chosen and Byrds","floor":22,"turns":6},{"damage":39,"enemies":"Cultist and Chosen","floor":24,"turns":8},{"damage":21,"enemies":"Gremlin Leader","floor":28,"turns":7},{"damage":5,"enemies":"Colosseum Slavers","floor":30,"turns":5},{"damage":2,"enemies":"Shelled Parasite and Fungi","floor":31,"turns":6},{"damage":41,"enemies":"Champ","floor":33,"turns":9},{"damage":14,"enemies":"3 Darklings","floor":35,"turns":3},{"damage":49,"enemies":"3 Shapes","floor":38,"turns":6},{"damage":36,"enemies":"Giant Head","floor":40,"turns":6}],"seed_played":"-8955314779635609823","potions_obtained":[{"floor":1.0,"key":"Weak Potion"},{"floor":2.0,"key":"SpeedPotion"},{"floor":11.0,"key":"SkillPotion"},{"floor":13.0,"key":"Dexterity Potion"},{"floor":14.0,"key":"EntropicBrew"},{"floor":18,"key":"SkillPotion"},{"floor":20,"key":"Dexterity Potion"},{"floor":24,"key":"Weak Potion"},{"floor":38,"key":"AttackPotion"}],"is_trial":false,"path_per_floor":["M","M","$","?","?","R","M","R","T","M","E","?","M","M","R","B",null,"M","?","M","$","M","R","M","R","T","$","E","R","?","M","R","B",null,"M","$","?","M","$"],"character_chosen":"IRONCLAD","items_purchased":["Whirlwind","Flame Barrier","Inflame","Feel No Pain","Kunai"],"campfire_rested":1,"item_purchase_floors":[3,21,27,36,36],"current_hp_per_floor":[84,80,80,58,40,40,46,46,46,52,16,16,14,10,36,7,68,72,88,82,82,87,87,58,58,58,58,47,47,52,60,60,29,73,69,69,69,30,30,0],"gold":78,"neow_bonus":"TEN_PERCENT_HP_BONUS","is_prod":false,"is_daily":false,"chose_seed":false,"campfire_upgraded":6,"win_rate":0,"timestamp":1538212916,"path_taken":["M","M","$","?","?","R","M","R","T","M","E","?","?","?","R","BOSS","M","?","M","$","?","R","M","R","T","$","E","R","?","M","R","BOSS","M","$","?","M","?","E"],"build_version":"2018-09-27","purchased_purges":2,"victory":false,"max_hp_per_floor":[88,88,88,88,88,88,88,88,88,88,88,88,88,88,88,88,88,88,88,88,88,88,88,88,88,88,88,88,88,88,88,88,88,88,88,88,88,88,88,88],"card_choices":[{"not_picked":["Hemokinesis","Entrench"],"picked":"Disarm","floor":1.0},{"not_picked":["Perfected Strike","Sword Boomerang"],"picked":"Pommel Strike","floor":2.0},{"not_picked":["Havoc","Body Slam"],"picked":"True Grit","floor":7.0},{"not_picked":["Warcry","Fire Breathing"],"picked":"Shrug It Off","floor":10.0},{"not_picked":["Armaments","Body Slam","Power Through"],"picked":"SKIP","floor":11.0},{"not_picked":["Thunderclap","Sever Soul","Sword Boomerang"],"picked":"SKIP","floor":13.0},{"not_picked":["Heavy Blade","Power Through","Twin Strike"],"picked":"SKIP","floor":14.0},{"not_picked":["Feed","Double Tap"],"picked":"Impervious","floor":16},{"not_picked":["Second Wind","Headbutt"],"picked":"Spot Weakness","floor":18},{"not_picked":["Heavy Blade","Power Through"],"picked":"Shrug It Off","floor":20},{"not_picked":["Thunderclap","Havoc+1"],"picked":"Corruption","floor":22},{"not_picked":["Rage","Twin Strike"],"picked":"Shockwave","floor":24},{"not_picked":["Pummel","Entrench+1"],"picked":"Spot Weakness","floor":28},{"not_picked":["Headbutt+1","Thunderclap"],"picked":"Shrug It Off+1","floor":31},{"not_picked":["Offering","Impervious"],"picked":"Limit Break","floor":33},{"not_picked":["Cleave+1","Shrug It Off"],"picked":"Body Slam+1","floor":35},{"not_picked":["Secret Technique","Trip"],"picked":"Madness","floor":37},{"not_picked":["Wild Strike","Clothesline"],"picked":"Body Slam+1","floor":38}],"player_experience":386793,"relics_obtained":[{"floor":9.0,"key":"Whetstone"},{"floor":11.0,"key":"Shuriken"},{"floor":26,"key":"Ornamental Fan"},{"floor":28,"key":"Oddly Smooth Stone"}],"event_choices":[{"event_name":"Golden Idol","player_choice":"Take Damage","floor":4.0,"damage_taken":0.0},{"event_name":"Shining Light","player_choice":"Entered Light","floor":5.0,"damage_taken":0.0},{"event_name":"Accursed Blacksmith","player_choice":"Forge","floor":12.0,"damage_taken":0.0},{"event_name":"Wheel of Change","player_choice":"Full Heal","floor":19,"damage_taken":0},{"event_name":"Colosseum","player_choice":"Fight","floor":30,"damage_taken":0},{"event_name":"Colosseum","player_choice":"Fled From Nobs","floor":30,"damage_taken":0},{"event_name":"SensoryStone","player_choice":"Memory 1","floor":37,"damage_taken":0}],"is_beta":false,"boss_relics":[{"not_picked":["Calling Bell","Tiny House"],"picked":"Black Blood"},{"not_picked":["Busted Crown","Eternal Feather"],"picked":"Mark of Pain"}],"items_purged_floors":[21,27],"is_endless":false,"potions_floor_spawned":[1,2,11,13,14,18,20,24,30,38],"killed_by":"Giant Head","ascension_level":10}