{"gold_per_floor":[116,116,41,41,53,79,79,90,90,102,113,13,30,30,30,133,133,152,422,422,441,441,473,487,487,564,576,57,83,111,126,126,229,229,242,597,0,13,13,13],"floor_reached":40,"playtime":2773,"items_purged":["Strike_R","Strike_R","Combust+1","Bash"],"score":501,"play_id":"f45dae77-eada-4e5a-a0ec-9b310eb2add7","local_time":"20180901155113","is_ascension_mode":false,"campfire_choices":[{"data":"Armaments","floor":7,"key":"SMITH"},{"data":"Pommel Strike","floor":15,"key":"SMITH"},{"data":"True Grit","floor":25,"key":"SMITH"},{"data":"Bludgeon","floor":32,"key":"SMITH"}],"neow_cost":"NONE","seed_source_timestamp":1775643766076895,"circlet_count":0,"master_deck":["Strike_R","Strike_R","Defend_R","Defend_R","Defend_R","Defend_R","Twin Strike","Armaments+1","Headbutt","Cleave","Flame Barrier+1","Pommel Strike+1","Dual Wield+1","Bludgeon+1","Ghostly","Ghostly+1","Ghostly","Ghostly","Ghostly","True Grit+1","Flame Barrier+1","Impervious","Headbutt+1","Metallicize+1","Headbutt+1"],"relics":["Burning Blood","NeowsBlessing","Prayer Wheel","Centennial Puzzle","Mummified Hand","Mark of Pain","Thread and Needle","Dodecahedron","Pear","Strawberry","Lantern","War Paint","Velvet Choker","Old Coin","TheAbacus","Molten Egg 2"],"potions_floor_usage":[8,19,23,23,27,33,33,36,40],"damage_taken":[{"damage":0,"enemies":"Small Slimes","floor":1,"turns":1},{"damage":0,"enemies":"Cultist","floor":5,"turns":1},{"damage":0,"enemies":"3 Sentries","floor":6,"turns":2},{"damage":2,"enemies":"Jaw Worm","floor":8,"turns":3},{"damage":13,"enemies":"Gremlin Gang","floor":10,"turns":3},{"damage":6,"enemies":"2 Fungi Beasts","floor":11,"turns":2},{"damage":0,"enemies":"Exordium Thugs","floor":13,"turns":4},{"damage":44,"enemies":"The Guardian","floor":16,"turns":12},{"damage":0,"enemies":"Spheric Guardian","floor":18,"turns":3},{"damage":1,"enemies":"Shell Parasite","floor":21,"turns":8},{"damage":1,"enemies":"Gremlin Leader","floor":23,"turns":7},{"damage":6,"enemies":"Centurion and Healer","floor":24,"turns":7},{"damage":0,"enemies":"Snecko","floor":27,"turns":5},{"damage":11,"enemies":"Slavers","floor":30,"turns":8},{"damage":0,"enemies":"Chosen and Byrds","floor":31,"turns":6},{"damage":59,"enemies":"Champ","floor":33,"turns":14},{"damage":0,"enemies":"3 Shapes","floor":35,"turns":3},{"damage":16,"enemies":"Mysterious Sphere","floor":36,"turns":7},{"damage":0,"enemies":"Orb Walker","floor":38,"turns":3},{"damage":100,"enemies":"Giant Head","floor":40,"turns":10}],"seed_played":"-8179950277845920597","potions_obtained":[{"floor":1,"key":"FearPotion"},{"floor":8,"key":"Fruit Juice"},{"floor":10,"key":"LiquidBronze"},{"floor":11,"key":"AttackPotion"},{"floor":23,"key":"Fruit Juice"},{"floor":27,"key":"BloodPotion"},{"floor":31,"key":"AttackPotion"},{"floor":33,"key":"PowerPotion"},{"floor":35,"key":"EssenceOfSteel"},{"floor":38,"key":"GamblersBrew"}],"is_trial":false,"path_per_floor":["M","?","$","?","M","E","R","M","T","M","M","$","M","?","R","B",null,"M","?","?","M","?","E","M","R","T","M","$","T","E","M","R","B",null,"M","?","$","M","?"],"character_chosen":"IRONCLAD","items_purchased":["Pear","Strawberry","TheAbacus","Molten Egg 2"],"campfire_rested":0,"item_purchase_floors":[28,28,37,37],"current_hp_per_floor":[80,80,80,80,80,80,80,85,85,78,78,78,84,84,84,46,85,85,42,42,45,45,50,50,50,50,50,67,67,62,67,67,14,67,67,57,57,63,63,0],"gold":13,"neow_bonus":"THREE_ENEMY_KILL","is_prod":false,"is_daily":false,"chose_seed":false,"campfire_upgraded":4,"win_rate":0.0,"timestamp":1535809873,"path_taken":["M","?","?","?","M","E","R","?","T","?","M","$","M","?","R","BOSS","M","?","?","?","?","E","M","R","T","M","$","?","E","M","R","BOSS","M","?","?","M","?","E"],"build_version":"2018-08-30","purchased_purges":4,"victory":false,"max_hp_per_floor":[80,80,80,80,80,80,80,85,85,85,85,85,85,85,85,85,85,85,90,45,45,45,50,50,50,50,50,67,67,67,67,67,67,67,67,67,67,67,67,67],"card_choices":[{"not_picked":["Warcry","Shrug It Off"],"picked":"Twin Strike","floor":1},{"not_picked":["Flame Barrier","Corruption"],"picked":"Armaments","floor":5},{"not_picked":["Dropkick","Warcry","Reckless Charge"],"picked":"SKIP","floor":5},{"not_picked":["Evolve","Uppercut"],"picked":"Headbutt","floor":6},{"not_picked":["Cleave","Heavy Blade"],"picked":"Thunderclap","floor":8},{"not_picked":["Clash","Iron Wave"],"picked":"Cleave","floor":8},{"not_picked":["Power Through","Perfected Strike","Wild Strike"],"picked":"SKIP","floor":10},{"not_picked":["Uppercut","Body Slam","Limit Break"],"picked":"SKIP","floor":10},{"not_picked":["Evolve","Burning Pact"],"picked":"Flame Barrier","floor":11},{"not_picked":["Iron Wave","Warcry","Uppercut"],"picked":"SKIP","floor":11},{"not_picked":["Body Slam","Spot Weakness"],"picked":"Pommel Strike","floor":13},{"not_picked":["Wild Strike","Twin Strike"],"picked":"Dual Wield","floor":13},{"not_picked":["Brutality","Fiend Fire"],"picked":"Bludgeon","floor":16},{"not_picked":["Clothesline","Seeing Red","Twin Strike"],"picked":"SKIP","floor":18},{"not_picked":["Seeing Red","Dual Wield","Fire Breathing"],"picked":"SKIP","floor":18},{"not_picked":["Clothesline","Armaments","Dual Wield+1"],"picked":"SKIP","floor":21},{"not_picked":["Combust","Wild Strike+1","Anger+1"],"picked":"SKIP","floor":21},{"not_picked":["Anger","Rupture","Feel No Pain"],"picked":"SKIP","floor":23},{"not_picked":["Corruption","Combust"],"picked":"Flame Barrier+1","floor":24},{"not_picked":["Immolate","Wild Strike","Dual Wield"],"picked":"SKIP","floor":24},{"not_picked":["Flex+1","Twin Strike+1"],"picked":"Combust+1","floor":27},{"not_picked":["Corruption","Anger","Sword Boomerang"],"picked":"SKIP","floor":27},{"not_picked":["Iron Wave","Burning Pact","Rampage+1"],"picked":"SKIP","floor":30},{"not_picked":["Anger","Carnage","Second Wind"],"picked":"SKIP","floor":31},{"not_picked":["Impervious","Flame Barrier","Fire Breathing+1"],"picked":"SKIP","floor":31},{"not_picked":["Brutality","Offering"],"picked":"Impervious","floor":33},{"not_picked":["Heavy Blade","Warcry"],"picked":"Headbutt+1","floor":35},{"not_picked":["Body Slam+1","True Grit+1","Evolve+1"],"picked":"SKIP","floor":35},{"not_picked":["Inflame","Cleave+1"],"picked":"Metallicize+1","floor":38},{"not_picked":["Pummel+1","Cleave+1"],"picked":"Headbutt+1","floor":38}],"player_experience":79919,"relics_obtained":[{"floor":6,"key":"Centennial Puzzle"},{"floor":9,"key":"Mummified Hand"},{"floor":23,"key":"Thread and Needle"},{"floor":26,"key":"Dodecahedron"},{"floor":29,"key":"Lantern"},{"floor":30,"key":"War Paint"},{"floor":36,"key":"Old Coin"}],"event_choices":[{"event_name":"WeMeetAgain","player_choice":"Potion","floor":2,"damage_taken":0},{"event_name":"Bonfire Elementals","player_choice":"BASIC","floor":4,"damage_taken":0},{"event_name":"Living Wall","player_choice":"Grow","floor":14,"damage_taken":0},{"event_name":"Knowing Skull","player_choice":"GOLD POTION POTION GOLD GOLD ","floor":19,"damage_taken":0},{"event_name":"Ghosts","player_choice":"Became a Ghost","floor":20,"damage_taken":0},{"event_name":"The Library","player_choice":"Read","floor":22,"damage_taken":0},{"event_name":"Mysterious Sphere","player_choice":"Fight","floor":36,"damage_taken":0},{"event_name":"Falling","player_choice":"Removed Attack","floor":39,"damage_taken":0}],"is_beta":false,"boss_relics":[{"not_picked":["Pandora\u0027s Box","Black Star"],"picked":"Mark of Pain"},{"not_picked":["White Beast Statue","Snecko Eye"],"picked":"Velvet Choker"}],"items_purged_floors":[3,12,28,37],"is_endless":false,"potions_floor_spawned":[1,8,10,11,21,23,27,31,33,35,38],"killed_by":"Giant Head","ascension_level":0}