{"gold_per_floor":[368,378,98,114,131,131,149,184,252,252,284,294,308,336,336,433,433,417,451,451,468,480,515,23,23,77,106,118,143,188,217,229,337,349,379,391,418,443,467,479,10,23,92,105,105,135,188,222,222,222,222,222,23,56,56],"floor_reached":56,"playtime":4369,"items_purged":["Strike_R","Strike_R","Strike_R","Strike_R"],"score":1531,"play_id":"16732700-7dcd-47ba-b414-564426c3b373","local_time":"20190423171341","is_ascension_mode":true,"campfire_choices":[{"data":"Shockwave","floor":6.0,"key":"SMITH"},{"data":"Bash","floor":15,"key":"SMITH"},{"data":"Limit Break","floor":25,"key":"SMITH"},{"data":"Inflame","floor":28,"key":"SMITH"},{"data":"Power Through","floor":32,"key":"SMITH"},{"data":"Dark Embrace","floor":40,"key":"SMITH"},{"data":"True Grit","floor":45,"key":"SMITH"},{"floor":49,"key":"RECALL"},{"data":"Double Tap","floor":52,"key":"SMITH"}],"neow_cost":"TEN_PERCENT_HP_LOSS","seed_source_timestamp":887710329886853,"circlet_count":0,"master_deck":["Defend_R","Defend_R","Defend_R","Defend_R","Bash+1","Shockwave+1","Reaper","Inflame+1","Reckless Charge","Dropkick","Power Through+1","True Grit+1","Limit Break+1","Cleave","Shrug It Off","Twin Strike","Pommel Strike+1","Pummel+1","Twin Strike+1","Reaper+1","Headbutt+1","Dark Embrace+1","Entrench+1","Wild Strike+1","Wild Strike+1","Double Tap+1","Sword Boomerang+1","Blood for Blood+1","Doubt","Shrug It Off+1","Power Through+1","Warcry+1","Shrug It Off+1","True Grit+1"],"special_seed":0,"relics":["Burning Blood","Art of War","Self Forming Clay","Calipers","Omamori","Cursed Key","Red Mask","Molten Egg 2","Red Skull","Medical Kit","Strawberry","MawBank","Dream Catcher","Runic Pyramid","Happy Flower","Toxic Egg 2","Torii","Bag of Marbles","Pen Nib"],"potions_floor_usage":[18,21,23,23,54,54,55,55],"damage_taken":[{"damage":6.0,"enemies":"Cultist","floor":1.0,"turns":3.0},{"damage":7.0,"enemies":"Small Slimes","floor":2.0,"turns":4.0},{"damage":7.0,"enemies":"Jaw Worm","floor":4.0,"turns":2.0},{"damage":4.0,"enemies":"Exordium Wildlife","floor":5.0,"turns":3.0},{"damage":29.0,"enemies":"Lots of Slimes","floor":7.0,"turns":3.0},{"damage":27.0,"enemies":"Gremlin Nob","floor":8.0,"turns":4.0},{"damage":31,"enemies":"3 Sentries","floor":11,"turns":8},{"damage":12,"enemies":"Large Slime","floor":12,"turns":5},{"damage":1,"enemies":"3 Louse","floor":13,"turns":5},{"damage":13,"enemies":"Gremlin Nob","floor":14,"turns":4},{"damage":43,"enemies":"The Guardian","floor":16,"turns":18},{"damage":15,"enemies":"2 Thieves","floor":18,"turns":4},{"damage":19,"enemies":"Masked Bandits","floor":19,"turns":4},{"damage":0,"enemies":"3 Byrds","floor":21,"turns":3},{"damage":33,"enemies":"Sentry and Sphere","floor":22,"turns":6},{"damage":10,"enemies":"Book of Stabbing","floor":23,"turns":4},{"damage":26,"enemies":"Gremlin Leader","floor":27,"turns":5},{"damage":9,"enemies":"Chosen and Byrds","floor":29,"turns":4},{"damage":26,"enemies":"Slavers","floor":30,"turns":4},{"damage":10,"enemies":"Snecko","floor":31,"turns":4},{"damage":88,"enemies":"Automaton","floor":33,"turns":7},{"damage":0,"enemies":"Orb Walker","floor":35,"turns":3},{"damage":29,"enemies":"3 Darklings","floor":37,"turns":6},{"damage":1,"enemies":"Maw","floor":38,"turns":6},{"damage":16,"enemies":"Jaw Worm Horde","floor":39,"turns":5},{"damage":35,"enemies":"Spire Growth","floor":42,"turns":3},{"damage":25,"enemies":"3 Darklings","floor":44,"turns":3},{"damage":13,"enemies":"Nemesis","floor":46,"turns":5},{"damage":52,"enemies":"2 Orb Walkers","floor":47,"turns":6},{"damage":19,"enemies":"Reptomancer","floor":48,"turns":8},{"damage":84,"enemies":"Donu and Deca","floor":50,"turns":8},{"damage":74,"enemies":"Shield and Spear","floor":54,"turns":7},{"damage":40,"enemies":"The Heart","floor":55,"turns":11}],"seed_played":"-7515096779480465044","potions_obtained":[{"floor":1.0,"key":"SteroidPotion"},{"floor":2.0,"key":"LiquidBronze"},{"floor":4.0,"key":"LiquidBronze"},{"floor":18,"key":"Energy Potion"},{"floor":29,"key":"GamblersBrew"},{"floor":30,"key":"EssenceOfSteel"},{"floor":39,"key":"Block Potion"},{"floor":54,"key":"GamblersBrew"}],"is_trial":false,"path_per_floor":["M","M","$","M","M","R","M","E","T","?","E","M","M","E","R","B",null,"M","?","?","M","M","E","$","R","T","E","R","M","E","M","R","B",null,"M","?","M","M","M","R","$","M","T","M","R","E","?","E","R","B",null,"R","$","E","B",null],"character_chosen":"IRONCLAD","items_purchased":["Reaper","Inflame","Red Skull","Medical Kit","Twin Strike+1","Double Tap","Happy Flower","Sword Boomerang+1","Shrug It Off+1"],"campfire_rested":0,"item_purchase_floors":[3,3,24,24,24,41,41,41,53],"current_hp_per_floor":[72,71,71,70,72,72,66,54,54,54,35,41,58,60,60,29,61,72,69,69,72,52,48,48,48,55,53,53,66,75,79,79,30,67,73,73,79,79,79,79,79,60,60,79,79,79,71,79,79,79,79,79,79,79,78],"gold":56,"neow_bonus":"TWO_FIFTY_GOLD","is_prod":false,"is_daily":false,"chose_seed":false,"campfire_upgraded":8,"win_rate":0,"timestamp":1556032421,"path_taken":["M","M","$","M","?","R","M","E","T","?","E","M","M","E","R","BOSS","M","?","?","?","M","E","$","R","T","E","R","M","E","M","R","BOSS","M","?","M","M","M","R","$","M","T","M","R","E","?","E","R","BOSS","R","$","E","BOSS"],"build_version":"2019-01-23","purchased_purges":4,"victory":true,"max_hp_per_floor":[72,72,72,72,72,72,72,72,72,72,72,72,72,72,72,72,72,72,72,72,72,72,72,72,72,79,79,79,79,79,79,79,79,79,79,79,79,79,79,79,79,79,79,79,79,79,79,79,79,79,79,79,79,79,79],"card_choices":[{"not_picked":["Blood for Blood","Body Slam"],"picked":"Anger","floor":1.0},{"not_picked":["Heavy Blade","Entrench"],"picked":"Shockwave","floor":2.0},{"not_picked":["Dual Wield","Body Slam","Searing Blow"],"picked":"SKIP","floor":4.0},{"not_picked":["Searing Blow","Heavy Blade","Reckless Charge"],"picked":"SKIP","floor":5.0},{"not_picked":["Rage","Uppercut"],"picked":"Reckless Charge","floor":7.0},{"not_picked":["Body Slam","Thunderclap"],"picked":"Dropkick","floor":8.0},{"not_picked":["Body Slam","Perfected Strike","Rupture"],"picked":"SKIP","floor":11},{"not_picked":["Whirlwind","Perfected Strike","Thunderclap"],"picked":"SKIP","floor":12},{"not_picked":["Iron Wave","Heavy Blade"],"picked":"True Grit","floor":13},{"not_picked":["Clash","Second Wind","Entrench"],"picked":"SKIP","floor":14},{"not_picked":["Berserk","Brutality"],"picked":"Limit Break","floor":16},{"not_picked":["Perfected Strike","Heavy Blade"],"picked":"Cleave","floor":18},{"not_picked":["Disarm","Clothesline"],"picked":"Shrug It Off","floor":19},{"not_picked":["Shrug It Off","Heavy Blade"],"picked":"Twin Strike","floor":21},{"not_picked":["Sever Soul","Infernal Blade"],"picked":"Pommel Strike+1","floor":22},{"not_picked":["Rampage","Body Slam"],"picked":"Pummel+1","floor":23},{"not_picked":["Fire Breathing+1","Sword Boomerang+1"],"picked":"Reaper+1","floor":27},{"not_picked":["Anger+1","Cleave+1","Flex"],"picked":"SKIP","floor":29},{"not_picked":["Pommel Strike+1","Armaments"],"picked":"Headbutt+1","floor":30},{"not_picked":["Whirlwind+1","Headbutt+1","Pommel Strike+1"],"picked":"SKIP","floor":31},{"not_picked":["Juggernaut","Exhume"],"picked":"Dark Embrace","floor":33},{"not_picked":["Havoc","Uppercut+1"],"picked":"Entrench+1","floor":35},{"not_picked":["Shrug It Off","Pommel Strike+1"],"picked":"Wild Strike+1","floor":37},{"not_picked":["Corruption","Thunderclap+1","Searing Blow+1"],"picked":"SKIP","floor":38},{"not_picked":["Pommel Strike+1","Clothesline+1"],"picked":"Wild Strike+1","floor":39},{"not_picked":["True Grit","Twin Strike+1"],"picked":"Blood for Blood+1","floor":42},{"not_picked":["Searing Blow+1","Wild Strike+1","Cleave+1"],"picked":"SKIP","floor":44},{"not_picked":["Bloodletting","Immolate+1"],"picked":"Shrug It Off+1","floor":46},{"not_picked":["Heavy Blade+1","Havoc+1"],"picked":"Power Through+1","floor":47},{"not_picked":["Sword Boomerang+1","Headbutt+1"],"picked":"Warcry+1","floor":48},{"not_picked":["Ghostly Armor+1","Feed+1"],"picked":"True Grit+1","floor":54}],"player_experience":305304,"relics_obtained":[{"floor":8.0,"key":"Art of War"},{"floor":9.0,"key":"Self Forming Clay"},{"floor":11,"key":"Calipers"},{"floor":14,"key":"Omamori"},{"floor":19,"key":"Red Mask"},{"floor":23,"key":"Molten Egg 2"},{"floor":26,"key":"Strawberry"},{"floor":27,"key":"MawBank"},{"floor":30,"key":"Dream Catcher"},{"floor":46,"key":"Toxic Egg 2"},{"floor":47,"key":"Torii"},{"floor":48,"key":"Bag of Marbles"},{"floor":54,"key":"Pen Nib"}],"event_choices":[{"damage_healed":0.0,"max_hp_gain":0.0,"max_hp_loss":0.0,"gold_gain":0.0,"cards_transformed":["Strike_R"],"event_name":"Living Wall","player_choice":"Change","floor":10.0,"gold_loss":0.0,"damage_taken":0.0,"cards_obtained":["Power Through"]},{"damage_healed":0,"gold_gain":0,"player_choice":"Fought Bandits","damage_taken":0,"max_hp_gain":0,"max_hp_loss":0,"event_name":"Masked Bandits","floor":19,"gold_loss":0},{"damage_healed":0,"gold_gain":0,"player_choice":"Cursed","damage_taken":0,"max_hp_gain":0,"max_hp_loss":0,"event_name":"Wheel of Change","floor":20,"gold_loss":0,"cards_obtained":["Decay"]},{"cards_removed":["Anger"],"damage_healed":0,"gold_gain":0,"player_choice":"Removed Attack","damage_taken":0,"max_hp_gain":0,"max_hp_loss":0,"event_name":"Falling","floor":36,"gold_loss":0},{"damage_healed":0,"gold_gain":0,"player_choice":"Fight","damage_taken":0,"max_hp_gain":0,"max_hp_loss":0,"event_name":"Mysterious Sphere","floor":47,"gold_loss":0}],"is_beta":false,"boss_relics":[{"not_picked":["Philosopher\u0027s Stone","White Beast Statue"],"picked":"Cursed Key"},{"not_picked":["Eternal Feather","Busted Crown"],"picked":"Runic Pyramid"}],"items_purged_floors":[3,24,41,53],"is_endless":false,"potions_floor_spawned":[1,2,4,8,12,16,18,29,30,39,42,47,48,54],"ascension_level":6}