{"gold_per_floor":[110,88,88,88,88,124,124,137,137,137,161,202,202,223,223,348,348,363,378,399,399],"floor_reached":21,"playtime":1599,"items_purged":[],"score":284,"play_id":"d5b93d91-4124-46f6-95d9-af43f0951e40","local_time":"20180929212516","is_ascension_mode":true,"campfire_choices":[{"data":"Demon Form","floor":7.0,"key":"SMITH"},{"floor":10.0,"key":"REST"},{"data":"Heavy Blade","floor":13.0,"key":"SMITH"},{"data":"Pommel Strike","floor":15.0,"key":"SMITH"}],"neow_cost":"NONE","seed_source_timestamp":448895921371239,"circlet_count":0,"master_deck":["Strike_R","Strike_R","Strike_R","Strike_R","Strike_R","Defend_R","Defend_R","Defend_R","Defend_R","Bash+1","AscendersBane","Pommel Strike","Pommel Strike+1","Demon Form+1","Warcry","Warcry","Heavy Blade+1","Impervious","Heavy Blade","Pommel Strike+1"],"special_seed":0,"relics":["Burning Blood","PreservedInsect","Golden Idol","Dead Branch","Mercury Hourglass","Ornamental Fan","White Beast Statue"],"potions_floor_usage":[19,19,19,20,21],"damage_taken":[{"damage":5.0,"enemies":"Cultist","floor":1.0,"turns":4.0},{"damage":16.0,"enemies":"Gremlin Nob","floor":6.0,"turns":3.0},{"damage":12.0,"enemies":"Jaw Worm","floor":8.0,"turns":3.0},{"damage":6.0,"enemies":"Small Slimes","floor":11.0,"turns":2.0},{"damage":20.0,"enemies":"3 Sentries","floor":12.0,"turns":4.0},{"damage":0.0,"enemies":"2 Fungi Beasts","floor":14.0,"turns":3.0},{"damage":43.0,"enemies":"Hexaghost","floor":16.0,"turns":5.0},{"damage":28.0,"enemies":"Spheric Guardian","floor":18.0,"turns":4.0},{"damage":23,"enemies":"Shell Parasite","floor":19,"turns":5},{"damage":4,"enemies":"Snecko","floor":20,"turns":3},{"damage":32,"enemies":"3 Cultists","floor":21,"turns":3}],"seed_played":"-8596846834873843684","potions_obtained":[{"floor":6.0,"key":"EssenceOfSteel"},{"floor":8.0,"key":"EssenceOfSteel"},{"floor":11.0,"key":"Poison Potion"},{"floor":18.0,"key":"Explosive Potion"},{"floor":19,"key":"SkillPotion"},{"floor":20,"key":"Explosive Potion"}],"is_trial":false,"path_per_floor":["M","$","?","$","?","E","R","M","T","R","M","E","R","M","R","B",null,"M","M","M"],"character_chosen":"IRONCLAD","items_purchased":["Pommel Strike"],"campfire_rested":1,"item_purchase_floors":[2],"current_hp_per_floor":[73,73,73,73,53,43,43,37,37,61,61,47,47,53,53,16,64,42,25,27,0],"gold":399,"neow_bonus":"UPGRADE_CARD","is_prod":false,"is_daily":false,"chose_seed":false,"campfire_upgraded":3,"win_rate":0,"timestamp":1538227516,"path_taken":["M","$","?","$","?","E","R","M","T","R","M","E","R","M","R","BOSS","M","?","M","M"],"build_version":"2018-09-27","purchased_purges":0,"victory":false,"max_hp_per_floor":[80,80,80,80,80,80,80,80,80,80,80,80,80,80,80,80,80,80,80,80,80],"card_choices":[{"not_picked":["Clash","Perfected Strike"],"picked":"Pommel Strike","floor":1.0},{"not_picked":["Carnage","Clash"],"picked":"Demon Form","floor":6.0},{"not_picked":["Sever Soul","Bloodletting"],"picked":"Warcry","floor":8.0},{"not_picked":["Sword Boomerang","Blood for Blood"],"picked":"Warcry","floor":11.0},{"not_picked":["Twin Strike","Perfected Strike"],"picked":"Heavy Blade","floor":12.0},{"not_picked":["Sword Boomerang","Hemokinesis","Combust"],"picked":"SKIP","floor":14.0},{"not_picked":["Immolate","Dark Embrace"],"picked":"Impervious","floor":16.0},{"not_picked":["Warcry","Infernal Blade+1"],"picked":"Heavy Blade","floor":18.0},{"not_picked":["Armaments","Cleave"],"picked":"Pommel Strike+1","floor":19},{"not_picked":["Rampage","Armaments","Wild Strike"],"picked":"SKIP","floor":20}],"player_experience":389009,"relics_obtained":[{"floor":3.0,"key":"PreservedInsect"},{"floor":6.0,"key":"Dead Branch"},{"floor":9.0,"key":"Mercury Hourglass"},{"floor":12.0,"key":"Ornamental Fan"}],"event_choices":[{"event_name":"Wheel of Change","player_choice":"Relic","floor":3.0,"damage_taken":0.0},{"event_name":"Golden Idol","player_choice":"Take Damage","floor":5.0,"damage_taken":0.0}],"is_beta":false,"boss_relics":[{"not_picked":["Pandora\u0027s Box","Snecko Eye"],"picked":"White Beast Statue"}],"items_purged_floors":[],"is_endless":false,"potions_floor_spawned":[6,8,11,18,19,20],"killed_by":"3 Cultists","ascension_level":10}