{"gold_per_floor":[118,118,131,161,175,175,208,133,180,180,194,207,157,172,172,172],"floor_reached":16,"playtime":758,"items_purged":["Strike_R","Strike_R"],"score":102,"play_id":"736fb98f-3a3a-43d8-9181-273a17051902","local_time":"20181011144450","is_ascension_mode":false,"campfire_choices":[{"data":"Reckless Charge","floor":6,"key":"SMITH"},{"data":"Cleave","floor":10,"key":"SMITH"},{"data":"Dropkick","floor":15,"key":"SMITH"}],"neow_cost":"","seed_source_timestamp":952399391159164,"circlet_count":0,"master_deck":["Strike_R","Strike_R","Defend_R","Defend_R","Defend_R","Defend_R","Bash","Reckless Charge+1","Pommel Strike","Cleave+1","Seeing Red","Dropkick+1"],"relics":["Burning Blood","Tiny Chest","Centennial Puzzle","Smiling Mask"],"potions_floor_usage":[16,16,16],"damage_taken":[{"damage":0,"enemies":"2 Louse","floor":1,"turns":3},{"damage":1,"enemies":"Cultist","floor":3,"turns":3},{"damage":0,"enemies":"Small Slimes","floor":5,"turns":3},{"damage":34,"enemies":"3 Sentries","floor":7,"turns":9},{"damage":10,"enemies":"Looter","floor":11,"turns":2},{"damage":23,"enemies":"Exordium Thugs","floor":12,"turns":3},{"damage":15,"enemies":"Gremlin Gang","floor":14,"turns":3},{"damage":29,"enemies":"The Guardian","floor":16,"turns":7}],"seed_played":"1573259074001883488","potions_obtained":[{"floor":5,"key":"BloodPotion"},{"floor":11,"key":"FearPotion"},{"floor":14,"key":"Weak Potion"}],"is_trial":false,"path_per_floor":["M","?","M","?","M","R","E","$","T","R","M","M","$","M","R"],"character_chosen":"IRONCLAD","items_purchased":[],"campfire_rested":0,"item_purchase_floors":[],"current_hp_per_floor":[80,80,80,73,79,79,51,51,51,51,47,30,30,21,21,0],"gold":172,"neow_bonus":"","is_prod":false,"is_daily":false,"chose_seed":false,"campfire_upgraded":3,"win_rate":0,"timestamp":1539261890,"path_taken":["M","?","?","?","M","R","E","$","T","R","M","?","?","?","R","BOSS"],"build_version":"2018-10-04v2","purchased_purges":2,"victory":false,"max_hp_per_floor":[80,80,80,80,80,80,80,80,80,80,80,80,80,80,80,80],"card_choices":[{"not_picked":["Headbutt","Warcry"],"picked":"Reckless Charge","floor":1},{"not_picked":["Warcry","Rampage","Havoc"],"picked":"SKIP","floor":3},{"not_picked":["Flex","Bloodletting"],"picked":"Pommel Strike","floor":5},{"not_picked":["Heavy Blade","Flame Barrier"],"picked":"Cleave","floor":7},{"not_picked":["True Grit","Inflame"],"picked":"Seeing Red","floor":11},{"not_picked":["Heavy Blade","Cleave","Pommel Strike"],"picked":"SKIP","floor":12},{"not_picked":["Pommel Strike","Clash"],"picked":"Dropkick","floor":14}],"player_experience":121557,"relics_obtained":[{"floor":7,"key":"Centennial Puzzle"},{"floor":9,"key":"Smiling Mask"}],"event_choices":[{"event_name":"Bonfire Elementals","player_choice":"BASIC","floor":2,"damage_taken":0},{"event_name":"Scrap Ooze","player_choice":"success","floor":4,"damage_taken":7}],"is_beta":false,"boss_relics":[],"items_purged_floors":[8,13],"is_endless":false,"potions_floor_spawned":[5,11,14],"killed_by":"The Guardian","ascension_level":0}