{"gold_per_floor":[110,185,198,448,458,493,493,493,517,556,481,481,481,495,495,614,614,627,328,346,369,390,390,413,161,161,161,76,76,97,22,22,150,150,164,1163,1176,1176],"floor_reached":38,"playtime":2415,"items_purged":["Regret","Strike_R","Strike_R"],"score":409,"play_id":"a78cb1ee-c8d9-45a3-bb8d-a87903468381","local_time":"20180721203320","is_ascension_mode":false,"campfire_choices":[{"data":"Anger","floor":7,"key":"SMITH"},{"data":"Bludgeon","floor":13,"key":"SMITH"},{"floor":15,"key":"REST"},{"floor":23,"key":"REST"},{"floor":29,"key":"REST"},{"floor":32,"key":"REST"}],"neow_cost":"","seed_source_timestamp":300000893109690,"circlet_count":0,"master_deck":["Strike_R","Strike_R","Defend_R","Defend_R","Defend_R","Defend_R","Bash","Anger+1","Seeing Red","Bludgeon+1","Juggernaut","Spot Weakness","Anger","Rampage","Rage","Anger+1","Normality","Normality","Battle Trance"],"relics":["Burning Blood","Bronze Scales","Golden Idol","Strawberry","Ancient Tea Set","Runic Cube","Potion Belt","Happy Flower","Ornamental Fan","Orrery"],"potions_floor_usage":[10,10,22,22,24,33,33,33,33],"damage_taken":[{"damage":0,"enemies":"2 Louse","floor":1,"turns":3},{"damage":0,"enemies":"Small Slimes","floor":3,"turns":3},{"damage":6,"enemies":"Cultist","floor":5,"turns":5},{"damage":38,"enemies":"3 Sentries","floor":6,"turns":12},{"damage":9,"enemies":"Gremlin Nob","floor":10,"turns":3},{"damage":8,"enemies":"Lots of Slimes","floor":14,"turns":3},{"damage":44,"enemies":"Hexaghost","floor":16,"turns":8},{"damage":10,"enemies":"Spheric Guardian","floor":18,"turns":3},{"damage":36,"enemies":"2 Thieves","floor":20,"turns":4},{"damage":29,"enemies":"Slaver and Parasite","floor":21,"turns":4},{"damage":23,"enemies":"Cultist and Chosen","floor":22,"turns":6},{"damage":33,"enemies":"Centurion and Healer","floor":24,"turns":6},{"damage":6,"enemies":"Chosen and Byrds","floor":30,"turns":5},{"damage":78,"enemies":"Collector","floor":33,"turns":9},{"damage":16,"enemies":"3 Shapes","floor":35,"turns":5},{"damage":31,"enemies":"Orb Walker","floor":37,"turns":3},{"damage":56,"enemies":"4 Shapes","floor":38,"turns":4}],"seed_played":"256745291055143306","potions_obtained":[{"floor":1,"key":"Regen Potion"},{"floor":3,"key":"Poison Potion"},{"floor":18,"key":"EssenceOfSteel"},{"floor":21,"key":"Dexterity Potion"},{"floor":24,"key":"Block Potion"},{"floor":30,"key":"Strength Potion"},{"floor":33,"key":"GamblersBrew"},{"floor":35,"key":"GamblersBrew"}],"is_trial":false,"path_per_floor":["M","?","M","?","M","E","R","?","T","E","$","?","R","M","R","B",null,"M","$","M","M","M","R","M","$","T","?","?","R","M","?","R","B",null,"M","?","M"],"character_chosen":"IRONCLAD","items_purchased":["Potion Belt","Dexterity Potion","Regen Potion","Energy Potion"],"campfire_rested":4,"item_purchase_floors":[19,19,25,25],"current_hp_per_floor":[80,69,75,75,75,43,43,23,30,32,32,32,32,30,56,18,87,83,83,53,30,13,39,12,12,12,12,12,38,38,38,64,7,87,77,77,52,0],"gold":1176,"neow_bonus":"","is_prod":false,"is_daily":false,"chose_seed":false,"campfire_upgraded":2,"win_rate":0.0,"timestamp":1532198000,"path_taken":["M","?","?","?","M","E","R","?","T","E","$","?","R","M","R","BOSS","M","$","M","M","M","R","M","$","T","?","?","R","M","?","R","BOSS","M","?","M","M"],"build_version":"2018-07-19v2","purchased_purges":3,"victory":false,"max_hp_per_floor":[80,80,80,80,80,80,80,80,87,87,87,87,87,87,87,87,87,87,87,87,87,87,87,87,87,87,87,87,87,87,87,87,87,87,87,87,87,87],"card_choices":[{"not_picked":["Reckless Charge","Rage"],"picked":"Anger","floor":1},{"not_picked":["Clash","Body Slam"],"picked":"Seeing Red","floor":3},{"not_picked":["Wild Strike","Flex","Headbutt"],"picked":"SKIP","floor":5},{"not_picked":["Brutality","Entrench"],"picked":"Bludgeon","floor":6},{"not_picked":["Sever Soul","Perfected Strike","Iron Wave"],"picked":"SKIP","floor":10},{"not_picked":["Twin Strike","Infernal Blade","Searing Blow"],"picked":"SKIP","floor":14},{"not_picked":["Limit Break","Immolate"],"picked":"Juggernaut","floor":16},{"not_picked":["Perfected Strike+1","Shrug It Off"],"picked":"Spot Weakness","floor":18},{"not_picked":["Inflame","Whirlwind"],"picked":"Anger","floor":20},{"not_picked":["Clash","Disarm","Flex"],"picked":"SKIP","floor":21},{"not_picked":["Clothesline","Wild Strike+1","Cleave+1"],"picked":"SKIP","floor":22},{"not_picked":["True Grit","Wild Strike"],"picked":"Rampage","floor":24},{"not_picked":["Iron Wave","Thunderclap+1","Armaments"],"picked":"SKIP","floor":30},{"not_picked":["Flex","Seeing Red"],"picked":"Rage","floor":34},{"not_picked":["Body Slam","Headbutt+1"],"picked":"Anger+1","floor":35},{"not_picked":["Thunderclap+1","Wild Strike+1"],"picked":"Battle Trance","floor":37}],"player_experience":72999,"relics_obtained":[{"floor":6,"key":"Bronze Scales"},{"floor":9,"key":"Strawberry"},{"floor":10,"key":"Ancient Tea Set"},{"floor":26,"key":"Happy Flower"}],"event_choices":[{"event_name":"World of Goop","player_choice":"Gather Gold","floor":2,"damage_taken":0},{"event_name":"Golden Shrine","player_choice":"Desecrate","floor":4,"damage_taken":0},{"event_name":"Golden Idol","player_choice":"Take Damage","floor":8,"damage_taken":0},{"event_name":"Match and Keep!","player_choice":"0 cards matched","floor":12,"damage_taken":0},{"event_name":"Vampires","player_choice":"Ignored","floor":27,"damage_taken":0},{"event_name":"Addict","player_choice":"Obtained Relic","floor":28,"damage_taken":0},{"event_name":"Beggar","player_choice":"Gave Gold","floor":31,"damage_taken":0},{"event_name":"MindBloom","player_choice":"Gold","floor":36,"damage_taken":0}],"is_beta":false,"boss_relics":[{"not_picked":["Tiny House","Eternal Feather"],"picked":"Runic Cube"},{"not_picked":["Fusion Hammer","Cursed Key"],"picked":"Orrery"}],"items_purged_floors":[11,19,25],"is_endless":false,"potions_floor_spawned":[1,3,18,21,24,30,33,35],"killed_by":"4 Shapes","ascension_level":0}