{"gold_per_floor":[116,135,135,235,247,282,282,313,313,313,325,358,368,400,400,500,500,513,524,543,472,489,516,516,535,535,548,75,88,115,115,115,115],"floor_reached":33,"playtime":2347,"items_purged":["Strike_R"],"score":454,"play_id":"3444b3fd-f608-43b2-a4a0-f05bfde5d533","local_time":"20190207202415","is_ascension_mode":true,"campfire_choices":[{"floor":7,"key":"REST"},{"floor":10,"key":"RECALL"},{"data":"Inflame","floor":15,"key":"SMITH"},{"floor":24,"key":"REST"},{"floor":32,"key":"REST"}],"neow_cost":"NONE","seed_source_timestamp":604008380358501,"circlet_count":0,"master_deck":["Strike_R+1","Strike_R+1","Strike_R","Strike_R","Defend_R","Defend_R","Defend_R","Defend_R","Bash","Pommel Strike","Shockwave","Headbutt","Inflame+1","Barricade","Dropkick","Dual Wield","Pummel","Impervious","Bloodletting+1","Rampage+1","Spot Weakness","Headbutt","Double Tap","Shrug It Off","Headbutt","Body Slam+1"],"relics":["Burning Blood","Mercury Hourglass","PreservedInsect","Meat on the Bone","Blood Vial","Omamori","Fusion Hammer","Matryoshka","Bottled Flame","Ice Cream","Frozen Egg 2","Anchor","Enchiridion"],"potions_floor_usage":[8,8,14,16,16,22,23,28,33,33,33],"damage_taken":[{"damage":7,"enemies":"2 Louse","floor":1,"turns":4},{"damage":24,"enemies":"Small Slimes","floor":2,"turns":4},{"damage":6,"enemies":"Cultist","floor":5,"turns":3},{"damage":24,"enemies":"Gremlin Nob","floor":6,"turns":4},{"damage":25,"enemies":"3 Sentries","floor":8,"turns":4},{"damage":7,"enemies":"Gremlin Gang","floor":11,"turns":4},{"damage":0,"enemies":"Lagavulin","floor":12,"turns":5},{"damage":12,"enemies":"Exordium Thugs","floor":13,"turns":3},{"damage":20,"enemies":"3 Sentries","floor":14,"turns":4},{"damage":26,"enemies":"Hexaghost","floor":16,"turns":7},{"damage":19,"enemies":"Shell Parasite","floor":18,"turns":5},{"damage":28,"enemies":"Spheric Guardian","floor":19,"turns":5},{"damage":48,"enemies":"Snake Plant","floor":20,"turns":5},{"damage":15,"enemies":"Cultist and Chosen","floor":22,"turns":4},{"damage":16,"enemies":"Slavers","floor":23,"turns":3},{"damage":21,"enemies":"Centurion and Healer","floor":25,"turns":4},{"damage":17,"enemies":"Snake Plant","floor":27,"turns":3},{"damage":18,"enemies":"Snecko","floor":29,"turns":5},{"damage":82,"enemies":"Automaton","floor":33,"turns":8}],"seed_played":"-6055257813529104001","potions_obtained":[{"floor":6,"key":"EntropicBrew"},{"floor":11,"key":"Explosive Potion"},{"floor":14,"key":"Weak Potion"},{"floor":16,"key":"SpeedPotion"},{"floor":19,"key":"Fire Potion"},{"floor":20,"key":"SteroidPotion"},{"floor":22,"key":"Weak Potion"},{"floor":29,"key":"FearPotion"}],"is_trial":false,"path_per_floor":["M","M","?","?","M","E","R","E","T","R","M","E","M","E","R","B",null,"M","M","M","$","M","E","R","M","T","M","$","M","T","?","R","B"],"character_chosen":"IRONCLAD","items_purchased":["Spot Weakness","Fruit Juice","Ice Cream"],"campfire_rested":3,"item_purchase_floors":[21,28,28],"current_hp_per_floor":[79,61,43,43,43,25,51,32,32,32,43,61,57,57,57,51,79,68,60,32,32,37,41,67,54,54,57,62,64,64,48,75,0],"gold":115,"neow_bonus":"TEN_PERCENT_HP_BONUS","is_prod":false,"is_daily":false,"chose_seed":false,"campfire_upgraded":1,"win_rate":0,"timestamp":1549567455,"path_taken":["M","M","?","?","?","E","R","E","T","R","M","E","M","E","R","BOSS","M","?","M","$","M","E","R","M","T","M","$","M","?","?","R","BOSS"],"build_version":"2019-01-23","purchased_purges":1,"victory":false,"max_hp_per_floor":[88,88,88,88,88,88,88,88,88,88,88,88,88,88,88,88,88,88,88,88,88,88,88,88,88,88,88,93,93,93,93,93,93],"card_choices":[{"not_picked":["Wild Strike","Flex"],"picked":"Pommel Strike","floor":1},{"not_picked":["Combust","Rampage"],"picked":"Shockwave","floor":2},{"not_picked":["Seeing Red","Second Wind"],"picked":"Headbutt","floor":5},{"not_picked":["Havoc","Infernal Blade"],"picked":"Inflame","floor":6},{"not_picked":["Cleave","Searing Blow"],"picked":"Barricade","floor":8},{"not_picked":["Thunderclap","Heavy Blade"],"picked":"Dropkick","floor":11},{"not_picked":["Heavy Blade","Headbutt"],"picked":"Dual Wield","floor":12},{"not_picked":["Searing Blow","Reckless Charge","Warcry"],"picked":"SKIP","floor":13},{"not_picked":["Sever Soul","Clash"],"picked":"Pummel","floor":14},{"not_picked":["Bludgeon","Brutality"],"picked":"Impervious","floor":16},{"not_picked":["Rampage","Clothesline","Evolve+1"],"picked":"SKIP","floor":18},{"not_picked":["Fire Breathing","Second Wind+1"],"picked":"Bloodletting+1","floor":19},{"not_picked":["Combust","Uppercut"],"picked":"Rampage+1","floor":20},{"not_picked":["Sword Boomerang","Battle Trance"],"picked":"Headbutt","floor":22},{"not_picked":["Anger+1","Combust"],"picked":"Double Tap","floor":23},{"not_picked":["Perfected Strike+1","Warcry"],"picked":"Shrug It Off","floor":25},{"not_picked":["Second Wind","Clothesline"],"picked":"Headbutt","floor":27},{"not_picked":["Dark Embrace","Rupture"],"picked":"Body Slam+1","floor":29}],"player_experience":580920,"relics_obtained":[{"floor":6,"key":"Mercury Hourglass"},{"floor":8,"key":"PreservedInsect"},{"floor":9,"key":"Meat on the Bone"},{"floor":12,"key":"Blood Vial"},{"floor":14,"key":"Omamori"},{"floor":23,"key":"Matryoshka"},{"floor":26,"key":"Bottled Flame"},{"floor":30,"key":"Frozen Egg 2"},{"floor":30,"key":"Anchor"},{"floor":31,"key":"Enchiridion"}],"event_choices":[{"damage_healed":0,"gold_gain":0,"player_choice":"Entered Light","damage_taken":18,"max_hp_gain":0,"max_hp_loss":0,"event_name":"Shining Light","floor":3,"gold_loss":0,"cards_upgraded":["Strike_R","Strike_R"]},{"damage_healed":0,"gold_gain":100,"player_choice":"Pray","damage_taken":0,"max_hp_gain":0,"max_hp_loss":0,"event_name":"Golden Shrine","floor":4,"gold_loss":0},{"damage_healed":0,"gold_gain":0,"player_choice":"Obtained Book","damage_taken":16,"max_hp_gain":0,"max_hp_loss":0,"event_name":"Cursed Tome","floor":31,"gold_loss":0}],"is_beta":false,"boss_relics":[{"not_picked":["Runic Cube","Busted Crown"],"picked":"Fusion Hammer"}],"items_purged_floors":[28],"is_endless":false,"potions_floor_spawned":[6,11,12,14,16,19,20,22,29],"killed_by":"Automaton","ascension_level":8}