{"gold_per_floor":[112,130,3,3,18,18,30,30,57,67,22,22,35,65,65,169,169,179,179,33,51,51,81,97,97,97,17,28,28],"floor_reached":29,"playtime":1945,"items_purged":[],"score":235,"play_id":"82c957e9-8b46-4bcc-8140-ce2667f31573","local_time":"20180721193420","is_ascension_mode":false,"campfire_choices":[{"data":"Reaper","floor":6.0,"key":"SMITH"},{"data":"Shrug It Off","floor":8.0,"key":"SMITH"},{"data":"Whirlwind","floor":12.0,"key":"SMITH"},{"floor":15,"key":"REST"},{"floor":25,"key":"REST"}],"neow_cost":"","seed_source_timestamp":0,"circlet_count":0,"master_deck":["Strike_R","Strike_R","Strike_R","Strike_R","Defend_R","Defend_R+1","Defend_R","Defend_R+1","Bash","Combust","Armaments","Reaper+1","Shrug It Off+1","Shrug It Off","Dropkick","Whirlwind+1","Infernal Blade","Double Tap","Bludgeon","Shrug It Off+1","Impervious","Whirlwind","Rage","Disarm","Flame Barrier+1","Juggernaut","Dropkick+1","Body Slam","Corruption","Spot Weakness+1"],"special_seed":0,"relics":["Black Blood","War Paint","Dream Catcher","Strawberry","Question Card"],"potions_floor_usage":[23,24,29],"damage_taken":[{"damage":10.0,"enemies":"2 Louse","floor":1.0,"turns":4.0},{"damage":10.0,"enemies":"Jaw Worm","floor":2.0,"turns":4.0},{"damage":3.0,"enemies":"Small Slimes","floor":5.0,"turns":5.0},{"damage":18.0,"enemies":"Blue Slaver","floor":7.0,"turns":7.0},{"damage":31.0,"enemies":"3 Louse","floor":10.0,"turns":5.0},{"damage":6.0,"enemies":"Looter","floor":11.0,"turns":5.0},{"damage":21.0,"enemies":"Exordium Thugs","floor":13.0,"turns":5.0},{"damage":5,"enemies":"Slime Boss","floor":16,"turns":5},{"damage":19,"enemies":"3 Byrds","floor":18,"turns":7},{"damage":27,"enemies":"Spheric Guardian","floor":21,"turns":4},{"damage":60,"enemies":"Slavers","floor":23,"turns":5},{"damage":17,"enemies":"Snecko","floor":24,"turns":7},{"damage":19,"enemies":"Snake Plant","floor":28,"turns":5},{"damage":84,"enemies":"3 Cultists","floor":29,"turns":7}],"seed_played":"5621889307242631862","potions_obtained":[{"floor":2.0,"key":"Poison Potion"},{"floor":10.0,"key":"LiquidBronze"},{"floor":13,"key":"Energy Potion"},{"floor":23,"key":"Energy Potion"},{"floor":28,"key":"PowerPotion"}],"is_trial":false,"path_per_floor":["M","M","$","?","M","R","M","R","T","M","M","R","M","?","R","B",null,"M","?","$","M","?","E","M","R","T","$","M"],"character_chosen":"IRONCLAD","items_purchased":["Reaper","Shrug It Off","Impervious","Whirlwind","Body Slam","Corruption"],"campfire_rested":2,"item_purchase_floors":[3,3,20,20,27,27],"current_hp_per_floor":[76,72,72,72,79,79,70,70,70,51,56,56,51,51,75,80,80,74,74,74,57,57,37,35,61,61,61,52,0],"gold":28,"neow_bonus":"","is_prod":false,"is_daily":false,"chose_seed":false,"campfire_upgraded":3,"win_rate":0.0,"timestamp":1532194460,"path_taken":["M","M","$","?","M","R","M","R","T","M","M","R","M","?","R","BOSS","M","?","$","M","?","E","M","R","T","?","?","M"],"build_version":"2018-07-19v2","purchased_purges":0,"victory":false,"max_hp_per_floor":[80,80,80,80,80,80,80,80,80,80,80,80,80,80,80,80,80,80,80,80,80,80,87,87,87,87,87,87,87],"card_choices":[{"not_picked":["Iron Wave","Anger"],"picked":"Combust","floor":1.0},{"not_picked":["Metallicize","Sword Boomerang"],"picked":"Armaments","floor":2.0},{"not_picked":["Armaments","Body Slam"],"picked":"Shrug It Off","floor":5.0},{"not_picked":["Reckless Charge","Flex"],"picked":"Dropkick","floor":7.0},{"not_picked":["Headbutt","Iron Wave"],"picked":"Whirlwind","floor":10.0},{"not_picked":["Searing Blow","Rupture"],"picked":"Infernal Blade","floor":11.0},{"not_picked":["Shrug It Off","Heavy Blade"],"picked":"Double Tap","floor":13},{"not_picked":["Reaper","Juggernaut"],"picked":"Bludgeon","floor":16},{"not_picked":["Heavy Blade","Corruption"],"picked":"Shrug It Off+1","floor":18},{"not_picked":["Corruption","Warcry"],"picked":"Rage","floor":21},{"not_picked":["Carnage","Cleave"],"picked":"Flame Barrier+1","floor":23},{"not_picked":["Cleave","Clothesline"],"picked":"Juggernaut","floor":24},{"not_picked":["Burning Pact","Warcry"],"picked":"Dropkick+1","floor":25},{"not_picked":["True Grit+1","Reckless Charge+1","Pommel Strike"],"picked":"Spot Weakness+1","floor":28}],"player_experience":70021,"relics_obtained":[{"floor":9.0,"key":"War Paint"},{"floor":23,"key":"Strawberry"},{"floor":26,"key":"Question Card"}],"event_choices":[{"event_name":"The Cleric","player_choice":"Leave","floor":4.0,"damage_taken":0.0},{"event_name":"Dead Adventurer","player_choice":"Searched \u00272\u0027 times","floor":14,"damage_taken":0},{"event_name":"Accursed Blacksmith","player_choice":"Rummage","floor":19,"damage_taken":0},{"event_name":"Transmorgrifier","player_choice":"Transform","floor":22,"damage_taken":0}],"is_beta":false,"boss_relics":[{"not_picked":["Runic Pyramid","Velvet Choker"],"picked":"Black Blood"}],"items_purged_floors":[],"is_endless":false,"potions_floor_spawned":[2,10,13,23,28],"killed_by":"3 Cultists","ascension_level":0}