{"gold_per_floor":[109,109,18,38,53,87,103,119,119,144,159,159,182,205,205,334,334,355,374,397,26,49,61,94,106,143,55,73,73,73,73,73,168,168,183,183,183,58,71,71,71,0,0,13,13,13,30,40,40,40],"floor_reached":51,"playtime":3403,"items_purged":["Strike_B","Strike_B","Strike_B"],"score":728,"play_id":"63189e97-37bc-4794-b976-14b82a9105f2","local_time":"20190430112246","is_ascension_mode":false,"campfire_choices":[{"data":"Creative AI","floor":12.0,"key":"SMITH"},{"floor":15.0,"key":"REST"},{"data":"Electrodynamics","floor":23,"key":"SMITH"},{"data":"Conserve Battery","floor":25,"key":"SMITH"},{"data":"Recycle","floor":32,"key":"SMITH"},{"data":"Machine Learning","floor":40,"key":"SMITH"},{"data":"Loop","floor":49,"key":"SMITH"}],"neow_cost":"NONE","seed_source_timestamp":0,"circlet_count":0,"master_deck":["Strike_B","Defend_B","Defend_B","Defend_B","Zap+1","Dualcast","Chill","Creative AI+1","Loop+1","Go for the Eyes","Turbo","Leap+1","Electrodynamics+1","Conserve Battery+1","Lockon","Recycle+1","Machine Learning+1"],"special_seed":0,"relics":["Cracked Core","Bloody Idol","Thread and Needle","Dream Catcher","DataDisk","Runic Pyramid","FossilizedHelix","MawBank","War Paint","Busted Crown","Red Mask","Pear","Question Card"],"potions_floor_usage":[33,44,50,50,50,50,50,50],"damage_taken":[{"damage":0.0,"enemies":"2 Louse","floor":1.0,"turns":2.0},{"damage":0.0,"enemies":"Cultist","floor":4.0,"turns":3.0},{"damage":0.0,"enemies":"Small Slimes","floor":5.0,"turns":3.0},{"damage":22.0,"enemies":"3 Sentries","floor":6.0,"turns":10.0},{"damage":3.0,"enemies":"Blue Slaver","floor":7.0,"turns":4.0},{"damage":10.0,"enemies":"3 Louse","floor":8.0,"turns":2.0},{"damage":2.0,"enemies":"Exordium Wildlife","floor":10.0,"turns":3.0},{"damage":4.0,"enemies":"Large Slime","floor":11.0,"turns":5.0},{"damage":0.0,"enemies":"3 Louse","floor":13.0,"turns":2.0},{"damage":0.0,"enemies":"Exordium Wildlife","floor":14.0,"turns":4.0},{"damage":10.0,"enemies":"Slime Boss","floor":16.0,"turns":14.0},{"damage":17.0,"enemies":"2 Thieves","floor":18.0,"turns":3.0},{"damage":0.0,"enemies":"Chosen","floor":19.0,"turns":5.0},{"damage":14,"enemies":"Snake Plant","floor":20,"turns":4},{"damage":0,"enemies":"Snecko","floor":24,"turns":4},{"damage":0,"enemies":"Cultist and Chosen","floor":28,"turns":4},{"damage":11,"enemies":"Collector","floor":33,"turns":11},{"damage":5,"enemies":"3 Darklings","floor":35,"turns":6},{"damage":0,"enemies":"Orb Walker","floor":39,"turns":4},{"damage":3,"enemies":"Transient","floor":44,"turns":5},{"damage":0,"enemies":"4 Shapes","floor":47,"turns":2},{"damage":0,"enemies":"Writhing Mass","floor":48,"turns":5},{"damage":3,"enemies":"Time Eater","floor":50,"turns":10}],"seed_played":"3647417109354250900","potions_obtained":[{"floor":5.0,"key":"Explosive Potion"},{"floor":7.0,"key":"Energy Potion"},{"floor":8.0,"key":"Strength Potion"},{"floor":11.0,"key":"Fire Potion"},{"floor":13.0,"key":"SteroidPotion"},{"floor":20,"key":"LiquidBronze"},{"floor":35,"key":"Fire Potion"},{"floor":44,"key":"EntropicBrew"}],"is_trial":false,"path_per_floor":["M","?","?","M","M","E","M","M","T","M","M","R","M","M","R","B",null,"M","M","M","$","T","R","M","R","T","$","M","?","?","?","R","B",null,"M","?","?","$","M","R","$","?","T","M","?","T","M","M","R","B",null],"character_chosen":"DEFECT","items_purchased":["FossilizedHelix"],"campfire_rested":1,"item_purchase_floors":[21],"current_hp_per_floor":[75,57,57,57,57,35,32,22,22,20,16,16,16,16,38,28,75,58,58,44,44,44,44,44,44,44,44,44,44,44,44,44,38,75,75,75,75,75,75,75,75,75,85,85,85,85,85,85,85,82],"gold":40,"neow_bonus":"REMOVE_CARD","is_prod":false,"is_daily":false,"chose_seed":false,"campfire_upgraded":6,"win_rate":0,"timestamp":1556616166,"path_taken":["M","?","?","M","M","E","M","M","T","M","M","R","M","M","R","BOSS","M","M","M","$","?","R","M","R","T","$","M","?","?","?","R","BOSS","M","?","?","$","M","R","?","?","T","?","?","?","M","M","R","BOSS"],"build_version":"2019-01-23","purchased_purges":3,"victory":true,"max_hp_per_floor":[75,75,75,75,75,75,75,75,75,75,75,75,75,75,75,75,75,75,75,75,75,75,75,75,75,75,75,75,75,75,75,75,75,75,75,75,75,75,75,75,75,75,85,85,85,85,85,85,85,85],"card_choices":[{"not_picked":["Cold Snap","Barrage"],"picked":"Chill","floor":1.0},{"not_picked":["Undo","Cold Snap","Compile Driver"],"picked":"SKIP","floor":4.0},{"not_picked":["Defragment","Beam Cell"],"picked":"Rebound","floor":5.0},{"not_picked":["Steam","Conserve Battery"],"picked":"Creative AI","floor":6.0},{"not_picked":["Sunder","Auto Shields"],"picked":"Loop","floor":7.0},{"not_picked":["Stack","Beam Cell","Steam"],"picked":"SKIP","floor":8.0},{"not_picked":["Leap","Compile Driver","Scrape"],"picked":"SKIP","floor":10.0},{"not_picked":["Rebound","Steam"],"picked":"Go for the Eyes","floor":11.0},{"not_picked":["Leap","Sweeping Beam"],"picked":"Turbo","floor":13.0},{"not_picked":["Rebound","Rip and Tear","Darkness"],"picked":"SKIP","floor":14.0},{"not_picked":["Stack","Steam"],"picked":"Leap","floor":15.0},{"not_picked":["Reboot","Machine Learning"],"picked":"Electrodynamics","floor":16.0},{"not_picked":["Darkness+1","Leap"],"picked":"Conserve Battery","floor":18.0},{"not_picked":["Redo","Conserve Battery+1"],"picked":"Lockon","floor":19.0},{"not_picked":["Beam Cell","Leap","Rebound+1"],"picked":"SKIP","floor":20},{"not_picked":["Beam Cell","Gash","Cold Snap+1"],"picked":"SKIP","floor":24},{"not_picked":["Rebound+1","Hologram"],"picked":"Recycle","floor":28},{"not_picked":["Creative AI","Fission"],"picked":"Machine Learning","floor":33},{"not_picked":["Loop"],"picked":"SKIP","floor":35},{"not_picked":["Leap+1"],"picked":"SKIP","floor":39},{"not_picked":["Loop+1"],"picked":"SKIP","floor":44},{"not_picked":["Coolheaded+1","Melter"],"picked":"SKIP","floor":47},{"not_picked":["Skim","Hello World"],"picked":"SKIP","floor":48}],"player_experience":202670,"relics_obtained":[{"floor":6.0,"key":"Dream Catcher"},{"floor":9.0,"key":"DataDisk"},{"floor":22,"key":"MawBank"},{"floor":26,"key":"War Paint"},{"floor":43,"key":"Pear"},{"floor":46,"key":"Question Card"}],"event_choices":[{"damage_healed":0.0,"max_hp_gain":0.0,"max_hp_loss":0.0,"gold_gain":0.0,"event_name":"Golden Idol","player_choice":"Take Damage","floor":2.0,"gold_loss":0.0,"damage_taken":18.0,"relics_obtained":["Golden Idol"]},{"damage_healed":0.0,"max_hp_gain":0.0,"max_hp_loss":0.0,"gold_gain":0.0,"event_name":"WeMeetAgain","player_choice":"Paid Gold","floor":3.0,"gold_loss":91.0,"damage_taken":0.0,"relics_obtained":["Thread and Needle"]},{"damage_healed":0,"gold_gain":0,"player_choice":"Ignored","damage_taken":0,"max_hp_gain":0,"max_hp_loss":0,"event_name":"Vampires","floor":29,"gold_loss":0},{"damage_healed":0,"gold_gain":0,"player_choice":"Gave Idol","damage_taken":0,"relics_obtained":["Bloody Idol"],"max_hp_gain":0,"max_hp_loss":0,"event_name":"Forgotten Altar","floor":30,"relics_lost":["Golden Idol"],"gold_loss":0},{"damage_healed":0,"gold_gain":0,"player_choice":"Ignored","damage_taken":0,"max_hp_gain":0,"max_hp_loss":0,"event_name":"Beggar","floor":31,"gold_loss":0},{"damage_healed":0,"gold_gain":0,"player_choice":"Memory 1","damage_taken":0,"max_hp_gain":0,"max_hp_loss":0,"event_name":"SensoryStone","floor":36,"gold_loss":0},{"damage_healed":0,"gold_gain":0,"player_choice":"Ignored","damage_taken":0,"max_hp_gain":0,"max_hp_loss":0,"event_name":"Mysterious Sphere","floor":37,"gold_loss":0},{"damage_healed":0,"gold_gain":0,"player_choice":"Paid","damage_taken":0,"relics_obtained":["Red Mask"],"max_hp_gain":0,"max_hp_loss":0,"event_name":"Tomb of Lord Red Mask","floor":42,"gold_loss":71},{"cards_removed":["Rebound"],"damage_healed":0,"gold_gain":0,"player_choice":"Removed Attack","damage_taken":0,"max_hp_gain":0,"max_hp_loss":0,"event_name":"Falling","floor":45,"gold_loss":0}],"is_beta":false,"boss_relics":[{"not_picked":["Runic Dome","Orrery"],"picked":"Runic Pyramid"},{"not_picked":["Black Star","Astrolabe"],"picked":"Busted Crown"}],"items_purged_floors":[21,27,38],"is_endless":false,"potions_floor_spawned":[5,7,8,11,13,20,35,44],"ascension_level":0}