{"gold_per_floor":[109,58,58,77,5,33,43,75,98,114,114],"floor_reached":11,"playtime":428,"items_purged":[],"score":100,"play_id":"b2149c6c-4e1b-4650-8e6d-17533967c8b2","local_time":"20181211181504","is_ascension_mode":true,"campfire_choices":[],"neow_cost":"NONE","seed_source_timestamp":101042188815159,"circlet_count":0,"master_deck":["Strike_R","Strike_R","Strike_R","Strike_R","Defend_R","Defend_R","Defend_R","Defend_R","Bash","Shrug It Off","True Grit","Anger","Whirlwind","Infernal Blade","Pummel","Spot Weakness","Demon Form","Headbutt"],"relics":["Burning Blood","Happy Flower","Blood Vial","Bag of Marbles"],"potions_floor_usage":[6,11],"damage_taken":[{"damage":8,"enemies":"Jaw Worm","floor":1,"turns":4},{"damage":0,"enemies":"Cultist","floor":4,"turns":3},{"damage":42,"enemies":"Gremlin Nob","floor":6,"turns":6},{"damage":4,"enemies":"2 Louse","floor":7,"turns":3},{"damage":43,"enemies":"Lagavulin","floor":8,"turns":7},{"damage":8,"enemies":"Blue Slaver","floor":10,"turns":3},{"damage":22,"enemies":"Gremlin Nob","floor":11,"turns":3}],"seed_played":"-1895361847238683939","potions_obtained":[{"floor":1,"key":"EssenceOfSteel"},{"floor":6,"key":"GamblersBrew"},{"floor":10,"key":"Dexterity Potion"}],"is_trial":false,"path_per_floor":["M","$","?","M","$","E","M","E","T","M","E"],"character_chosen":"IRONCLAD","items_purchased":["True Grit","Infernal Blade"],"campfire_rested":0,"item_purchase_floors":[2,5],"current_hp_per_floor":[86,86,86,88,88,52,54,17,17,17,0],"gold":114,"neow_bonus":"TEN_PERCENT_HP_BONUS","is_prod":false,"is_daily":false,"chose_seed":false,"campfire_upgraded":0,"win_rate":0,"timestamp":1544548504,"path_taken":["M","$","?","M","$","E","M","E","T","?","E"],"build_version":"2018-12-06","purchased_purges":0,"victory":false,"max_hp_per_floor":[88,88,88,88,88,88,88,88,88,88,88],"card_choices":[{"not_picked":["Bloodletting","Heavy Blade"],"picked":"Shrug It Off","floor":1},{"not_picked":["Intimidate","Thunderclap"],"picked":"Whirlwind","floor":4},{"not_picked":["Whirlwind","Flex"],"picked":"Pummel","floor":6},{"not_picked":["Wild Strike","Intimidate"],"picked":"Spot Weakness","floor":7},{"not_picked":["Flex","Ghostly Armor"],"picked":"Demon Form","floor":8},{"not_picked":["Clash","Sword Boomerang"],"picked":"Headbutt","floor":10}],"player_experience":295645,"relics_obtained":[{"floor":6,"key":"Happy Flower"},{"floor":8,"key":"Blood Vial"},{"floor":9,"key":"Bag of Marbles"}],"event_choices":[{"damage_healed":0,"gold_gain":0,"cards_transformed":["Strike_R"],"player_choice":"Transformed","damage_taken":0,"max_hp_gain":0,"max_hp_loss":0,"event_name":"Transmorgrifier","floor":3,"gold_loss":0,"cards_obtained":["Anger"]}],"is_beta":false,"boss_relics":[],"items_purged_floors":[],"is_endless":false,"potions_floor_spawned":[1,6,10],"killed_by":"Gremlin Nob","ascension_level":4}