{"gold_per_floor":[112,112,123,143,158,158,158,10,60,60,74,84,14,25,25,126,156,169,186,40,40,40,40,56,56,79,79,79,91,110,110,110,215,215,231,231,242,258,275,275,290,290,290,309,329,329,64,64,64,64],"floor_reached":51,"playtime":9022,"items_purged":["Defend_G"],"score":618,"play_id":"3bfd622f-f52f-4b6d-9f03-2c13cd2119fe","local_time":"20180703134237","is_ascension_mode":false,"campfire_choices":[{"data":"Infinite Blades","floor":6,"key":"SMITH"},{"data":"Poisoned Stab","floor":10,"key":"SMITH"},{"floor":15,"key":"REST"},{"data":"Noxious Fumes","floor":23,"key":"SMITH"},{"floor":25,"key":"REST"},{"data":"Venomology","floor":28,"key":"SMITH"},{"floor":32,"key":"REST"},{"floor":40,"key":"REST"},{"floor":42,"key":"REST"},{"floor":49,"key":"REST"}],"neow_cost":"","seed_source_timestamp":209668143927154,"circlet_count":0,"master_deck":["Defend_G+1","Defend_G+1","Defend_G+1","Defend_G+1","Strike_G+1","Strike_G+1","Strike_G+1","Strike_G+1","Survivor","Neutralize","Poisoned Stab+1","Outmaneuver+1","Infinite Blades+1","Well Laid Plans","Poisoned Stab","Noxious Fumes+1","Deadly Poison","Venomology+1","Distraction","Distraction","Dash","Venomology","Footwork","Deadly Poison+1","Apotheosis","Adrenaline"],"relics":["Ring of the Snake","Kunai","Paper Crane","Blood Vial","Tiny House","Anchor","Oddly Smooth Stone","Snecko Eye","Pear"],"potions_floor_usage":[12,18,19,24,24,24,30,30,30,30,33,35,35,35,38,38,38,38,39,41,41,41,44,45,50,50,50,50,50],"damage_taken":[{"damage":0,"enemies":"Jaw Worm","floor":1,"turns":4},{"damage":0,"enemies":"Cultist","floor":3,"turns":3},{"damage":6,"enemies":"2 Louse","floor":4,"turns":3},{"damage":12,"enemies":"Exordium Wildlife","floor":5,"turns":6},{"damage":7,"enemies":"Blue Slaver","floor":11,"turns":3},{"damage":8,"enemies":"3 Louse","floor":12,"turns":2},{"damage":2,"enemies":"Exordium Wildlife","floor":14,"turns":4},{"damage":14,"enemies":"Hexaghost","floor":16,"turns":8},{"damage":27,"enemies":"Shell Parasite","floor":18,"turns":6},{"damage":1,"enemies":"Chosen","floor":19,"turns":5},{"damage":10,"enemies":"Snake Plant","floor":24,"turns":4},{"damage":7,"enemies":"Snecko","floor":29,"turns":5},{"damage":11,"enemies":"Chosen and Byrds","floor":30,"turns":6},{"damage":53,"enemies":"Automaton","floor":33,"turns":14},{"damage":12,"enemies":"3 Darklings","floor":35,"turns":5},{"damage":32,"enemies":"Orb Walker","floor":37,"turns":5},{"damage":4,"enemies":"Maw","floor":38,"turns":9},{"damage":23,"enemies":"Sphere and 2 Shapes","floor":39,"turns":6},{"damage":5,"enemies":"3 Darklings","floor":41,"turns":6},{"damage":0,"enemies":"4 Shapes","floor":44,"turns":7},{"damage":25,"enemies":"Sphere and 2 Shapes","floor":45,"turns":5},{"damage":40,"enemies":"Awakened One","floor":50,"turns":18}],"seed_played":"-5065653356454116378","potions_obtained":[{"floor":1,"key":"SkillPotion"},{"floor":3,"key":"SpeedPotion"},{"floor":5,"key":"Explosive Potion"},{"floor":11,"key":"SteroidPotion"},{"floor":17,"key":"Fruit Juice"},{"floor":19,"key":"FearPotion"},{"floor":29,"key":"Ancient Potion"},{"floor":33,"key":"Fire Potion"},{"floor":37,"key":"FearPotion"},{"floor":38,"key":"Poison Potion"},{"floor":39,"key":"Fire Potion"},{"floor":45,"key":"Regen Potion"}],"is_trial":false,"path_per_floor":["M","?","M","M","M","R","T","$","T","R","M","M","$","M","R","B",null,"M","M","$","?","$","R","M","R","T","?","R","M","M","?","R","B",null,"M","?","M","M","M","R","M","R","T","M","M","?","$","?","R","B"],"character_chosen":"THE_SILENT","items_purchased":["Well Laid Plans","Noxious Fumes","Anchor","Apotheosis","Adrenaline"],"campfire_rested":6,"item_purchase_floors":[8,13,20,47,47],"current_hp_per_floor":[70,70,70,64,52,52,52,52,52,52,47,41,41,41,62,50,75,53,54,54,54,54,54,46,70,70,70,70,65,56,56,80,27,80,68,68,38,36,15,39,36,60,70,72,49,49,49,49,76,53],"gold":64,"neow_bonus":"","is_prod":false,"is_daily":false,"chose_seed":false,"campfire_upgraded":4,"win_rate":0.0,"timestamp":1530618157,"path_taken":["M","?","M","M","M","R","?","$","T","R","M","M","?","M","R","BOSS","M","M","$","?","$","R","M","R","T","?","R","M","M","?","R","BOSS","M","?","M","M","M","R","M","R","T","?","M","?","$","?","R","BOSS"],"build_version":"2018-06-28","purchased_purges":1,"victory":true,"max_hp_per_floor":[70,70,70,70,70,70,70,70,70,70,70,70,70,70,70,70,75,80,80,80,80,80,80,80,80,80,80,80,80,80,80,80,80,80,80,80,80,80,80,80,80,80,90,90,90,90,90,90,90,90],"card_choices":[{"not_picked":["Backstab","Dodge and Roll"],"picked":"Poisoned Stab","floor":1},{"not_picked":["Backstab","Finisher"],"picked":"Outmaneuver","floor":3},{"not_picked":["Leg Sweep","Acrobatics"],"picked":"Infinite Blades","floor":4},{"not_picked":["Reflex","Heel Hook","Eviscerate"],"picked":"SKIP","floor":5},{"not_picked":["Prepared","Endless Agony","Caltrops"],"picked":"SKIP","floor":11},{"not_picked":["Acrobatics","Quick Slash"],"picked":"Poisoned Stab","floor":12},{"not_picked":["Backflip","Dodge and Roll"],"picked":"Deadly Poison","floor":14},{"not_picked":["Adrenaline","Burst"],"picked":"Venomology","floor":16},{"not_picked":["PiercingWail","Leg Sweep"],"picked":"Distraction","floor":17},{"not_picked":["Sucker Punch","Acrobatics+1"],"picked":"Distraction","floor":18},{"not_picked":["Outmaneuver","Dagger Spray"],"picked":"Dash","floor":19},{"not_picked":["Riddle With Holes","Deflect","Acrobatics"],"picked":"SKIP","floor":24},{"not_picked":["After Image","Flying Knee","Poisoned Stab"],"picked":"SKIP","floor":29},{"not_picked":["Masterful Stab","Dagger Throw","Expertise"],"picked":"SKIP","floor":30},{"not_picked":["Bullet Time","Unload"],"picked":"Venomology","floor":33},{"not_picked":["Finisher+1","Poisoned Stab"],"picked":"Footwork","floor":35},{"not_picked":["PiercingWail","All Out Attack"],"picked":"Deadly Poison+1","floor":37},{"not_picked":["Caltrops","Dash+1","Slice+1"],"picked":"SKIP","floor":38},{"not_picked":["Crippling Poison+1","Infinite Blades+1","Terror+1"],"picked":"SKIP","floor":39},{"not_picked":["Deflect","Deadly Poison+1","Flying Knee"],"picked":"SKIP","floor":41},{"not_picked":["PiercingWail+1","Infinite Blades","Deadly Poison"],"picked":"SKIP","floor":44},{"not_picked":["Flying Knee","Backflip+1","Masterful Stab"],"picked":"SKIP","floor":45}],"player_experience":3799,"relics_obtained":[{"floor":7,"key":"Paper Crane"},{"floor":9,"key":"Blood Vial"},{"floor":26,"key":"Oddly Smooth Stone"},{"floor":43,"key":"Pear"}],"event_choices":[{"event_name":"Wheel of Change","player_choice":"Relic","floor":2,"damage_taken":0},{"event_name":"Addict","player_choice":"Ignored","floor":21,"damage_taken":0},{"event_name":"Back to Basics","player_choice":"Simplicity","floor":27,"damage_taken":0},{"event_name":"Ghosts","player_choice":"Ignored","floor":31,"damage_taken":0},{"event_name":"Upgrade Shrine","player_choice":"Upgraded","floor":36,"damage_taken":0},{"event_name":"Falling","player_choice":"Removed Attack","floor":46,"damage_taken":0},{"event_name":"Mysterious Sphere","player_choice":"Ignore","floor":48,"damage_taken":0}],"boss_relics":[{"not_picked":["Eternal Feather","Runic Dome"],"picked":"Tiny House"},{"not_picked":["Empty Cage","Cursed Key"],"picked":"Snecko Eye"}],"items_purged_floors":[8],"is_endless":false,"potions_floor_spawned":[1,3,5,11,19,29,33,37,38,39,45],"ascension_level":0}