{"gold_per_floor":[117,129,21,21,36,63,63,83,83,103,119,119,133,145,145,242,242,261,8,28,28,28,28,58,72,72,72,72,72,0,12,12,110,110,129,147,158,158,158],"floor_reached":39,"playtime":4553,"items_purged":["Strike_G","Regret"],"score":425,"play_id":"4e815c6f-a8e7-4631-a8c6-c7ca2c545e5c","local_time":"20180721175406","is_ascension_mode":true,"campfire_choices":[{"data":"Noxious Fumes","floor":7.0,"key":"SMITH"},{"data":"Bane","floor":12.0,"key":"SMITH"},{"floor":15.0,"key":"REST"},{"data":"Well Laid Plans","floor":23,"key":"SMITH"},{"data":"Neutralize","floor":27,"key":"SMITH"},{"floor":32,"key":"REST"}],"neow_cost":"","seed_source_timestamp":0,"circlet_count":0,"master_deck":["Defend_G","Defend_G","Defend_G","Defend_G","Strike_G","Strike_G","Survivor","Neutralize+1","Poisoned Stab","Acrobatics","Noxious Fumes+1","Bane+1","Bane","Deadly Poison","Backflip","Venomology","Well Laid Plans+1","Leg Sweep+1","Heel Hook","Outmaneuver","Envenom","Bouncing Flask+1"],"special_seed":0,"relics":["Ring of the Snake","Meat on the Bone","Unceasing Top","Calling Bell","Juzu Bracelet","Matryoshka","Bird Faced Urn","Regal Pillow","Shuriken","Blood Vial","Dream Catcher","Lantern","Paper Crane","Nilry\u0027s Codex","Empty Cage"],"potions_floor_usage":[24,24,24,25,33,36,37,39],"damage_taken":[{"damage":0.0,"enemies":"Cultist","floor":1.0,"turns":4.0},{"damage":0.0,"enemies":"Small Slimes","floor":2.0,"turns":3.0},{"damage":0.0,"enemies":"Jaw Worm","floor":5.0,"turns":5.0},{"damage":13.0,"enemies":"3 Sentries","floor":6.0,"turns":8.0},{"damage":6.0,"enemies":"2 Fungi Beasts","floor":8.0,"turns":3.0},{"damage":0.0,"enemies":"Red Slaver","floor":10.0,"turns":3.0},{"damage":0.0,"enemies":"Looter","floor":11.0,"turns":3.0},{"damage":4.0,"enemies":"3 Louse","floor":13.0,"turns":4.0},{"damage":4.0,"enemies":"Blue Slaver","floor":14.0,"turns":2.0},{"damage":37.0,"enemies":"The Guardian","floor":16.0,"turns":7.0},{"damage":18.0,"enemies":"Chosen","floor":18.0,"turns":5.0},{"damage":23.0,"enemies":"Shell Parasite","floor":20.0,"turns":7.0},{"damage":23,"enemies":"Slavers","floor":24,"turns":7},{"damage":11,"enemies":"Snecko","floor":25,"turns":6},{"damage":4,"enemies":"Snake Plant","floor":31,"turns":5},{"damage":39,"enemies":"Automaton","floor":33,"turns":9},{"damage":11,"enemies":"Orb Walker","floor":35,"turns":5},{"damage":18,"enemies":"3 Darklings","floor":36,"turns":6},{"damage":26,"enemies":"Sphere and 2 Shapes","floor":37,"turns":8},{"damage":55,"enemies":"Flame Bruiser 2 Orb","floor":39,"turns":2}],"seed_played":"6371581001358804619","potions_obtained":[{"floor":1.0,"key":"EssenceOfSteel"},{"floor":8.0,"key":"FearPotion"},{"floor":10.0,"key":"GamblersBrew"},{"floor":13.0,"key":"GamblersBrew"},{"floor":18.0,"key":"SpeedPotion"},{"floor":20,"key":"EssenceOfSteel"},{"floor":35,"key":"FearPotion"},{"floor":36,"key":"SpeedPotion"}],"is_trial":false,"path_per_floor":["M","M","$","?","M","E","R","M","T","M","M","R","M","M","R","B",null,"M","$","M","?","T","R","E","M","T","R","?","$","?","M","R","B",null,"M","M","M","?"],"character_chosen":"THE_SILENT","items_purchased":["Noxious Fumes","Regal Pillow"],"campfire_rested":2,"item_purchase_floors":[3,19],"current_hp_per_floor":[70,70,70,70,70,57,57,51,51,51,51,51,47,43,64,39,70,54,54,45,45,45,45,40,47,47,47,31,31,31,45,70,43,70,59,47,45,45,0],"gold":158,"neow_bonus":"","is_prod":false,"is_daily":false,"chose_seed":false,"campfire_upgraded":4,"win_rate":0,"timestamp":1532188446,"path_taken":["M","M","$","?","M","E","R","M","T","M","M","R","?","M","R","BOSS","M","$","M","?","?","R","E","M","T","R","?","$","?","M","R","BOSS","M","M","M","?","M"],"build_version":"2018-07-19v2","purchased_purges":2,"victory":false,"max_hp_per_floor":[70,70,70,70,70,70,70,70,70,70,70,70,70,70,70,70,70,70,70,70,70,70,70,70,70,70,70,70,70,70,70,70,70,70,70,70,70,70,70],"card_choices":[{"not_picked":["Infinite Blades","Dodge and Roll"],"picked":"Poisoned Stab","floor":1.0},{"not_picked":["Backstab","Tactician"],"picked":"Acrobatics","floor":2.0},{"not_picked":["Quick Slash","Sucker Punch"],"picked":"Bane","floor":5.0},{"not_picked":["PiercingWail","Doppelganger"],"picked":"Bane","floor":6.0},{"not_picked":["Endless Agony","Dagger Spray","Backflip"],"picked":"SKIP","floor":8.0},{"not_picked":["Dagger Throw","Flechettes","Backstab"],"picked":"SKIP","floor":10.0},{"not_picked":["Acrobatics","Calculated Gamble","Doppelganger"],"picked":"SKIP","floor":11.0},{"not_picked":["Deflect","Quick Slash"],"picked":"Deadly Poison","floor":13.0},{"not_picked":["Cloak And Dagger","Flying Knee"],"picked":"Backflip","floor":14.0},{"not_picked":["Phantasmal Killer","After Image"],"picked":"Venomology","floor":16.0},{"not_picked":["Accuracy","Eviscerate"],"picked":"Well Laid Plans","floor":18.0},{"not_picked":["Escape Plan","Choke"],"picked":"Leg Sweep+1","floor":20},{"not_picked":["Dagger Spray","Acrobatics+1","Prepared"],"picked":"SKIP","floor":24},{"not_picked":["Eviscerate","Deflect+1","PiercingWail+1"],"picked":"SKIP","floor":25},{"not_picked":["Riddle With Holes","Caltrops"],"picked":"Heel Hook","floor":31},{"not_picked":["Predator","Tactician"],"picked":"Outmaneuver","floor":32},{"not_picked":["Malaise","Venomology"],"picked":"Envenom","floor":33},{"not_picked":["Dagger Spray","Backflip"],"picked":"Bouncing Flask+1","floor":35},{"not_picked":["Skewer+1","Underhanded Strike+1","Sucker Punch+1"],"picked":"SKIP","floor":36},{"not_picked":["Poisoned Stab","Dodge and Roll","Terror+1"],"picked":"SKIP","floor":37}],"player_experience":60332,"relics_obtained":[{"floor":6.0,"key":"Meat on the Bone"},{"floor":9.0,"key":"Unceasing Top"},{"floor":17.0,"key":"Juzu Bracelet"},{"floor":17.0,"key":"Matryoshka"},{"floor":17.0,"key":"Bird Faced Urn"},{"floor":22,"key":"Shuriken"},{"floor":22,"key":"Blood Vial"},{"floor":24,"key":"Dream Catcher"},{"floor":26,"key":"Lantern"},{"floor":26,"key":"Paper Crane"},{"floor":28,"key":"Nilry\u0027s Codex"}],"event_choices":[{"event_name":"Bonfire Elementals","player_choice":"BASIC","floor":4.0,"damage_taken":0.0},{"event_name":"Back to Basics","player_choice":"Elegance","floor":21,"damage_taken":0},{"event_name":"Cursed Tome","player_choice":"Obtained Book","floor":28,"damage_taken":0},{"event_name":"Masked Bandits","player_choice":"Paid Bandits 72 gold","floor":30,"damage_taken":0},{"event_name":"Falling","player_choice":"Removed Attack","floor":38,"damage_taken":0}],"is_beta":false,"boss_relics":[{"not_picked":["Tiny House","Astrolabe"],"picked":"Calling Bell"},{"not_picked":["WristBlade","White Beast Statue"],"picked":"Empty Cage"}],"items_purged_floors":[3,19],"is_endless":false,"potions_floor_spawned":[1,8,10,13,18,20,35,36],"killed_by":"Flame Bruiser 2 Orb","ascension_level":1}