{"gold_per_floor":[114,114,32,47,47,47,62,77,127,127,127,146,165,89,89,214,214,233,233,252,52,71,71,71,71,71,109,128,147,0,19,19,19],"floor_reached":33,"playtime":1400,"items_purged":[],"score":284,"play_id":"476fd3c7-200d-4d38-98d2-c91c4b29abd5","local_time":"20180902145900","daily_mods":["Diverse","Terminal","Hoarder"],"is_ascension_mode":false,"campfire_choices":[{"data":"Neutralize","floor":6,"key":"SMITH"},{"data":"Double Energy","floor":15,"key":"SMITH"},{"data":"Double Energy","floor":23,"key":"SMITH"},{"data":"Double Energy","floor":25,"key":"SMITH"},{"data":"Sunder","floor":32,"key":"SMITH"}],"neow_cost":"","seed_source_timestamp":65091558216982,"circlet_count":0,"master_deck":["Defend_G","Defend_G","Defend_G","Defend_G","Defend_G","Strike_G","Strike_G","Strike_G","Survivor","Neutralize+1","Dagger Spray","Dagger Spray","Dagger Spray","Sunder+1","Sunder+1","Sunder","Cloak And Dagger","Cloak And Dagger","Cloak And Dagger","Beam Cell","Beam Cell","Beam Cell","Double Energy+1","Double Energy+1","Double Energy+1","Die Die Die","Die Die Die","Die Die Die","Infinite Blades+1","Infinite Blades+1","Infinite Blades+1","Gash","Gash","Gash","Calculated Gamble+1","Calculated Gamble+1","Calculated Gamble+1","Slice+1","Slice+1","Slice+1","Stack","Stack","Stack","Hologram+1","Hologram+1","Hologram+1"],"special_seed":17776,"relics":["Ring of the Snake","Bronze Scales","Golden Idol","WristBlade","Membership Card","Dodecahedron","Ornamental Fan"],"potions_floor_usage":[16,22,27,29],"damage_taken":[{"damage":0,"enemies":"Small Slimes","floor":1,"turns":5},{"damage":0,"enemies":"2 Louse","floor":4,"turns":1},{"damage":1,"enemies":"Cultist","floor":7,"turns":3},{"damage":0,"enemies":"Blue Slaver","floor":8,"turns":4},{"damage":8,"enemies":"2 Fungi Beasts","floor":12,"turns":2},{"damage":0,"enemies":"Lots of Slimes","floor":13,"turns":2},{"damage":26,"enemies":"Hexaghost","floor":16,"turns":8},{"damage":0,"enemies":"Shell Parasite","floor":18,"turns":1},{"damage":5,"enemies":"Chosen","floor":20,"turns":2},{"damage":0,"enemies":"Centurion and Healer","floor":22,"turns":3},{"damage":12,"enemies":"Book of Stabbing","floor":27,"turns":3},{"damage":0,"enemies":"Snecko","floor":28,"turns":4},{"damage":10,"enemies":"Snake Plant","floor":29,"turns":3},{"damage":5,"enemies":"Shelled Parasite and Fungi","floor":31,"turns":3},{"damage":20,"enemies":"Collector","floor":33,"turns":5}],"seed_played":"7770520436414535672","potions_obtained":[{"floor":7,"key":"PowerPotion"},{"floor":16,"key":"Block Potion"},{"floor":20,"key":"Energy Potion"},{"floor":27,"key":"FearPotion"},{"floor":28,"key":"SkillPotion"}],"is_trial":false,"path_per_floor":["M","?","$","M","?","R","M","M","T","?","?","M","M","$","R","B",null,"M","?","M","$","M","R","?","R","T","E","M","M","?","M","R"],"character_chosen":"THE_SILENT","items_purchased":["Sunder","Double Energy","Membership Card"],"campfire_rested":0,"item_purchase_floors":[3,14,21],"current_hp_per_floor":[68,61,61,61,66,66,65,65,65,59,58,50,50,50,50,24,52,51,50,45,45,45,45,45,44,43,31,31,21,21,16,16,0],"gold":19,"neow_bonus":"","is_prod":false,"is_daily":true,"chose_seed":false,"campfire_upgraded":5,"win_rate":0,"timestamp":1535893140,"path_taken":["M","?","?","M","?","R","M","?","T","?","?","M","M","?","R","BOSS","M","?","M","$","M","R","?","R","T","E","M","?","?","M","R","BOSS"],"build_version":"2018-08-30","purchased_purges":0,"victory":false,"max_hp_per_floor":[68,67,66,65,69,68,67,66,65,59,58,57,56,55,54,53,52,51,50,49,48,47,46,45,44,43,42,41,40,39,38,37,37],"card_choices":[{"not_picked":["Rupture","Clash"],"picked":"Dagger Spray","floor":1},{"not_picked":["Slice","Burning Pact","True Grit"],"picked":"SKIP","floor":4},{"not_picked":["Force Field","Clothesline"],"picked":"Cloak And Dagger","floor":7},{"not_picked":["True Grit","Tactician"],"picked":"Beam Cell","floor":8},{"not_picked":["Tempest","Battle Trance","Cloak And Dagger"],"picked":"SKIP","floor":12},{"not_picked":["Setup","Poisoned Stab","Spot Weakness"],"picked":"SKIP","floor":13},{"not_picked":["Rainbow","Amplify"],"picked":"Die Die Die","floor":16},{"not_picked":["Hello World","Iron Wave"],"picked":"Infinite Blades+1","floor":18},{"not_picked":["Sweeping Beam","Cloak And Dagger"],"picked":"Calculated Gamble+1","floor":20},{"not_picked":["Flechettes","Coolheaded+1","Clothesline"],"picked":"SKIP","floor":22},{"not_picked":["Dark Embrace","Creative AI","Body Slam"],"picked":"SKIP","floor":27},{"not_picked":["PiercingWail","Escape Plan"],"picked":"Slice+1","floor":28},{"not_picked":["Backflip","Cold Snap"],"picked":"Stack","floor":29},{"not_picked":["Sucker Punch+1","Blur"],"picked":"Hologram+1","floor":31}],"player_experience":85548,"relics_obtained":[{"floor":9,"key":"Bronze Scales"},{"floor":26,"key":"Dodecahedron"},{"floor":27,"key":"Ornamental Fan"}],"event_choices":[{"event_name":"Golden Wing","player_choice":"Card Removal","floor":2,"damage_taken":0},{"event_name":"Big Fish","player_choice":"Donut","floor":5,"damage_taken":0},{"event_name":"Golden Idol","player_choice":"Lose Max HP","floor":10,"damage_taken":0},{"event_name":"Upgrade Shrine","player_choice":"Upgraded","floor":11,"damage_taken":0},{"event_name":"The Library","player_choice":"Read","floor":19,"damage_taken":0},{"event_name":"Back to Basics","player_choice":"Elegance","floor":24,"damage_taken":0},{"event_name":"Masked Bandits","player_choice":"Paid Fearfully","floor":30,"damage_taken":0}],"is_beta":false,"boss_relics":[{"not_picked":["Cursed Key","Velvet Choker"],"picked":"WristBlade"}],"items_purged_floors":[],"is_endless":false,"potions_floor_spawned":[7,16,20,27,28],"killed_by":"Collector","ascension_level":0}