{"gold_per_floor":[113,113,9,19,32,58,6,6,6,19,46,63,98,112,112,112],"floor_reached":16,"playtime":1104,"items_purged":[],"score":153,"play_id":"67853230-0ae6-48f5-8d01-9e5cbd26e1b1","local_time":"20181216151338","is_ascension_mode":true,"campfire_choices":[{"data":"Whirlwind","floor":8,"key":"SMITH"},{"data":"Feel No Pain","floor":15,"key":"SMITH"}],"neow_cost":"NONE","seed_source_timestamp":8048737694210,"circlet_count":0,"master_deck":["Strike_R","Strike_R","Strike_R","Strike_R","Defend_R","Defend_R","Defend_R","Defend_R","Bash+1","True Grit","Whirlwind+1","Feel No Pain","Shockwave","Spot Weakness","Flame Barrier","Ghostly Armor","Dark Embrace","Sever Soul","Feel No Pain+1","Havoc","Headbutt"],"relics":["Burning Blood","Shuriken","Oddly Smooth Stone","Letter Opener","Bag of Preparation","Pear"],"potions_floor_usage":[11,13,16],"damage_taken":[{"damage":0,"enemies":"2 Louse","floor":1,"turns":2},{"damage":0,"enemies":"Cultist","floor":4,"turns":5},{"damage":12,"enemies":"Jaw Worm","floor":5,"turns":4},{"damage":30,"enemies":"3 Sentries","floor":6,"turns":9},{"damage":1,"enemies":"Red Slaver","floor":10,"turns":5},{"damage":9,"enemies":"Lagavulin","floor":11,"turns":7},{"damage":0,"enemies":"Exordium Wildlife","floor":12,"turns":2},{"damage":9,"enemies":"3 Sentries","floor":13,"turns":10},{"damage":18,"enemies":"Exordium Thugs","floor":14,"turns":4},{"damage":56,"enemies":"The Guardian","floor":16,"turns":14}],"seed_played":"-6337823668280838467","potions_obtained":[{"floor":10,"key":"Block Potion"},{"floor":11,"key":"AttackPotion"},{"floor":12,"key":"LiquidBronze"}],"is_trial":false,"path_per_floor":["M","?","$","M","M","E","?","R","T","M","E","M","E","M","R","B"],"character_chosen":"IRONCLAD","items_purchased":["Feel No Pain","Shockwave"],"campfire_rested":0,"item_purchase_floors":[3,3],"current_hp_per_floor":[80,80,80,80,74,50,50,50,50,55,52,58,65,53,53,0],"gold":112,"neow_bonus":"UPGRADE_CARD","is_prod":false,"is_daily":false,"chose_seed":false,"campfire_upgraded":2,"win_rate":0,"timestamp":1544969618,"path_taken":["M","?","$","M","M","E","?","R","T","?","E","M","E","M","R","BOSS"],"build_version":"2018-12-13","purchased_purges":0,"victory":false,"max_hp_per_floor":[80,80,80,80,80,80,80,80,80,80,80,80,90,90,90,90],"card_choices":[{"not_picked":["Flex","Perfected Strike"],"picked":"True Grit","floor":1},{"not_picked":["Warcry","Iron Wave"],"picked":"Spot Weakness","floor":4},{"not_picked":["Pommel Strike","Thunderclap"],"picked":"Flame Barrier","floor":5},{"not_picked":["Armaments","Twin Strike"],"picked":"Ghostly Armor","floor":6},{"not_picked":["Infernal Blade","Sword Boomerang"],"picked":"Dark Embrace","floor":10},{"not_picked":["Iron Wave","Cleave"],"picked":"Sever Soul","floor":11},{"not_picked":["Heavy Blade","Seeing Red"],"picked":"Feel No Pain","floor":12},{"not_picked":["Bludgeon","Sword Boomerang"],"picked":"Havoc","floor":13},{"not_picked":["Shrug It Off","Clash"],"picked":"Headbutt","floor":14}],"player_experience":349252,"relics_obtained":[{"floor":6,"key":"Shuriken"},{"floor":9,"key":"Letter Opener"},{"floor":11,"key":"Bag of Preparation"},{"floor":13,"key":"Pear"}],"event_choices":[{"damage_healed":0,"gold_gain":0,"cards_transformed":["Strike_R"],"player_choice":"Change","damage_taken":0,"max_hp_gain":0,"max_hp_loss":0,"event_name":"Living Wall","floor":2,"gold_loss":0,"cards_obtained":["Whirlwind"]},{"damage_healed":0,"gold_gain":0,"player_choice":"Paid Gold","damage_taken":0,"relics_obtained":["Oddly Smooth Stone"],"max_hp_gain":0,"max_hp_loss":0,"event_name":"WeMeetAgain","floor":7,"gold_loss":52}],"is_beta":false,"boss_relics":[],"items_purged_floors":[],"is_endless":false,"potions_floor_spawned":[10,11,12],"killed_by":"The Guardian","ascension_level":5}