{"gold_per_floor":[110,110,110,122,139,139,170,345,368,293,305,14,24,42,42,137,137,153,171,71,83,99,99,59,59],"floor_reached":25,"playtime":1363,"items_purged":["Doubt","Strike_R"],"score":205,"play_id":"774f188b-371d-434a-bb3b-37306476fba0","local_time":"20180722174909","is_ascension_mode":false,"campfire_choices":[{"data":"Anger","floor":6,"key":"SMITH"},{"floor":15,"key":"REST"},{"floor":23,"key":"REST"}],"neow_cost":"NONE","seed_source_timestamp":351000705645251,"circlet_count":0,"master_deck":["Strike_R","Strike_R","Strike_R","Defend_R","Defend_R","Defend_R","Defend_R","Bash","Body Slam","Anger+1","Pummel","Demon Form","Double Tap","Impervious","Anger","Anger","Dual Wield"],"relics":["Sozu","Bronze Scales","Ancient Tea Set","Prayer Wheel","Black Star"],"potions_floor_usage":[],"damage_taken":[{"damage":0,"enemies":"2 Louse","floor":1,"turns":3},{"damage":0,"enemies":"Cultist","floor":4,"turns":3},{"damage":1,"enemies":"Jaw Worm","floor":5,"turns":3},{"damage":22,"enemies":"3 Sentries","floor":7,"turns":8},{"damage":15,"enemies":"Exordium Wildlife","floor":11,"turns":5},{"damage":10,"enemies":"Looter","floor":13,"turns":3},{"damage":18,"enemies":"Gremlin Gang","floor":14,"turns":4},{"damage":37,"enemies":"Hexaghost","floor":16,"turns":8},{"damage":25,"enemies":"2 Thieves","floor":18,"turns":4},{"damage":8,"enemies":"3 Byrds","floor":19,"turns":3},{"damage":19,"enemies":"Centurion and Healer","floor":21,"turns":4},{"damage":24,"enemies":"Snecko","floor":22,"turns":5},{"damage":32,"enemies":"Book of Stabbing","floor":25,"turns":4}],"seed_played":"410063941333174325","potions_obtained":[],"is_trial":false,"path_per_floor":["M","?","?","M","M","R","E","?","T","$","M","$","M","M","R","B",null,"M","M","$","M","M","R","$"],"character_chosen":"IRONCLAD","items_purchased":["Prayer Wheel","Dual Wield"],"campfire_rested":2,"item_purchase_floors":[12,24],"current_hp_per_floor":[80,80,80,80,79,79,57,57,57,57,42,42,32,14,38,1,80,55,47,47,28,4,28,28,0],"gold":59,"neow_bonus":"BOSS_RELIC","is_prod":false,"is_daily":false,"chose_seed":false,"campfire_upgraded":1,"win_rate":0.0,"timestamp":1532274549,"path_taken":["M","?","?","M","M","R","E","?","T","$","M","?","M","?","R","BOSS","M","M","$","M","M","R","$","E"],"build_version":"2018-07-19v2","purchased_purges":2,"victory":false,"max_hp_per_floor":[80,80,80,80,80,80,80,80,80,80,80,80,80,80,80,80,80,80,80,80,80,80,80,80,80],"card_choices":[{"not_picked":["Twin Strike","Second Wind"],"picked":"Body Slam","floor":1},{"not_picked":["Armaments","Wild Strike"],"picked":"Anger","floor":4},{"not_picked":["Twin Strike","Fire Breathing"],"picked":"Pummel","floor":5},{"not_picked":["Clothesline","Armaments"],"picked":"Demon Form","floor":7},{"not_picked":["Body Slam","Thunderclap","Heavy Blade"],"picked":"SKIP","floor":11},{"not_picked":["Hemokinesis","Warcry","Twin Strike"],"picked":"SKIP","floor":13},{"not_picked":["Wild Strike","Rupture","Cleave"],"picked":"SKIP","floor":13},{"not_picked":["Flex","Evolve"],"picked":"Double Tap","floor":14},{"not_picked":["Whirlwind","Thunderclap","Blood for Blood"],"picked":"SKIP","floor":14},{"not_picked":["Double Tap","Reaper"],"picked":"Impervious","floor":16},{"not_picked":["Sword Boomerang","Heavy Blade"],"picked":"Anger","floor":18},{"not_picked":["Heavy Blade","Uppercut","Ghostly Armor+1"],"picked":"SKIP","floor":18},{"not_picked":["Metallicize+1","Iron Wave","Thunderclap"],"picked":"SKIP","floor":19},{"not_picked":["True Grit","Clothesline+1","Twin Strike"],"picked":"SKIP","floor":19},{"not_picked":["Iron Wave","Metallicize"],"picked":"Anger","floor":21},{"not_picked":["Pommel Strike","Wild Strike","Rupture"],"picked":"SKIP","floor":21},{"not_picked":["Rampage","Power Through","Twin Strike"],"picked":"SKIP","floor":22},{"not_picked":["Twin Strike","Power Through","Clash+1"],"picked":"SKIP","floor":22}],"player_experience":88559,"relics_obtained":[{"floor":7,"key":"Bronze Scales"},{"floor":9,"key":"Ancient Tea Set"}],"event_choices":[{"event_name":"Bonfire Elementals","player_choice":"BASIC","floor":2,"damage_taken":0},{"event_name":"Golden Wing","player_choice":"Ignored","floor":3,"damage_taken":0},{"event_name":"Liars Game","player_choice":"agreed","floor":8,"damage_taken":0}],"is_beta":false,"boss_relics":[{"not_picked":["Calling Bell","Busted Crown"],"picked":"Black Star"}],"items_purged_floors":[10,20],"is_endless":false,"potions_floor_spawned":[11,13,14,19,21,22],"killed_by":"Book of Stabbing","ascension_level":0}