{"gold_per_floor":[117,9,159,43,60,60,88,88,115,142,152,185,185,195,195,274,274,287,562,17,17,32,43,43,71,98,98,98,124,124],"floor_reached":30,"playtime":851,"items_purged":["Doubt","Regret"],"score":618,"play_id":"d82db0c9-bda6-4809-a433-be18344c0280","local_time":"20190430195029","is_ascension_mode":true,"campfire_choices":[{"data":"Iron Wave","floor":6,"key":"SMITH"},{"data":"Bash","floor":8,"key":"SMITH"},{"floor":15,"key":"REST"},{"floor":24,"key":"REST"},{"floor":28,"key":"REST"}],"neow_cost":"NONE","seed_source_timestamp":3740129093085744,"circlet_count":0,"master_deck":["AscendersBane","Strike_R","Strike_R","Strike_R","Strike_R","Strike_R","Defend_R","Defend_R","Defend_R","Defend_R","Bash+1","Iron Wave+1","Trip","Flame Barrier","Headbutt","Clothesline","Iron Wave","Sever Soul","Anger","Fiend Fire","Whirlwind","Clash+1","Seeing Red","Decay","Battle Trance"],"relics":["Burning Blood","NeowsBlessing","Turnip","Juzu Bracelet","Boot","Dead Branch","Philosopher\u0027s Stone","Sling","Oddly Smooth Stone","Self Forming Clay","Ancient Tea Set","Red Skull"],"potions_floor_usage":[10,12,16,22,23,25,30],"damage_taken":[{"damage":0,"enemies":"Small Slimes","floor":1,"turns":1},{"damage":0,"enemies":"Jaw Worm","floor":5,"turns":1},{"damage":0,"enemies":"Gremlin Nob","floor":7,"turns":2},{"damage":33,"enemies":"Lagavulin","floor":10,"turns":6},{"damage":0,"enemies":"Cultist","floor":11,"turns":3},{"damage":27,"enemies":"Gremlin Nob","floor":12,"turns":4},{"damage":9,"enemies":"Exordium Thugs","floor":14,"turns":6},{"damage":55,"enemies":"Hexaghost","floor":16,"turns":10},{"damage":4,"enemies":"Chosen","floor":18,"turns":3},{"damage":17,"enemies":"Shell Parasite","floor":22,"turns":4},{"damage":24,"enemies":"Sentry and Sphere","floor":23,"turns":6},{"damage":22,"enemies":"Book of Stabbing","floor":25,"turns":4},{"damage":50,"enemies":"Slavers","floor":29,"turns":4},{"damage":19,"enemies":"Shelled Parasite and Fungi","floor":30,"turns":3}],"seed_played":"-6789083379033221165","potions_obtained":[{"floor":1,"key":"BloodPotion"},{"floor":5,"key":"LiquidBronze"},{"floor":14,"key":"Fire Potion"},{"floor":16,"key":"SpeedPotion"},{"floor":23,"key":"PowerPotion"},{"floor":25,"key":"Dexterity Potion"}],"is_trial":false,"path_per_floor":["M","$","?","$","M","R","E","R","T","E","M","E","?","M","R","B",null,"M","?","$","?","M","M","R","E","T","?","R","E","M"],"character_chosen":"IRONCLAD","items_purchased":["Trip","Flame Barrier","Sling","Oddly Smooth Stone","SkillPotion"],"campfire_rested":3,"item_purchase_floors":[2,4,20,20,20],"current_hp_per_floor":[74,74,74,74,75,75,75,75,75,55,61,40,40,37,59,10,59,61,61,61,61,50,32,54,38,38,38,60,16,0],"gold":124,"neow_bonus":"THREE_ENEMY_KILL","is_prod":false,"is_daily":false,"chose_seed":false,"campfire_upgraded":2,"win_rate":0,"timestamp":1556650229,"path_taken":["M","$","?","$","M","R","E","R","T","E","M","E","?","M","R","BOSS","M","?","$","?","M","M","R","E","T","?","R","E","M"],"build_version":"2019-01-23","purchased_purges":2,"victory":false,"max_hp_per_floor":[75,75,75,75,75,75,75,75,75,75,75,75,75,75,75,75,75,75,75,75,75,75,75,75,75,75,75,75,75,75],"card_choices":[{"not_picked":["Dual Wield","Wild Strike"],"picked":"Iron Wave","floor":1},{"not_picked":["Wild Strike","Reckless Charge","Burning Pact"],"picked":"SKIP","floor":5},{"not_picked":["Sword Boomerang","Havoc"],"picked":"Headbutt","floor":7},{"not_picked":["Berserk","Cleave"],"picked":"Clothesline","floor":10},{"not_picked":["Ghostly Armor","Flex"],"picked":"Iron Wave","floor":11},{"not_picked":["Wild Strike","Flame Barrier"],"picked":"Sever Soul","floor":12},{"not_picked":["Pommel Strike","Sever Soul"],"picked":"Anger","floor":14},{"not_picked":["Limit Break","Offering"],"picked":"Fiend Fire","floor":16},{"not_picked":["Cleave","Wild Strike"],"picked":"Whirlwind","floor":18},{"not_picked":["Wild Strike","Heavy Blade","Anger"],"picked":"SKIP","floor":22},{"not_picked":["Thunderclap","Clothesline"],"picked":"Clash+1","floor":23},{"not_picked":["Rampage","Heavy Blade"],"picked":"Seeing Red","floor":25},{"not_picked":["Combust","Shockwave"],"picked":"Battle Trance","floor":29}],"player_experience":747234,"relics_obtained":[{"floor":7,"key":"Turnip"},{"floor":9,"key":"Juzu Bracelet"},{"floor":10,"key":"Boot"},{"floor":12,"key":"Dead Branch"},{"floor":25,"key":"Self Forming Clay"},{"floor":26,"key":"Ancient Tea Set"},{"floor":29,"key":"Red Skull"}],"event_choices":[{"damage_healed":0,"gold_gain":150,"player_choice":"AGREE","damage_taken":0,"max_hp_gain":0,"max_hp_loss":0,"event_name":"Liars Game","floor":3,"gold_loss":0,"cards_obtained":["Doubt"]},{"damage_healed":0,"gold_gain":0,"player_choice":"Leave","damage_taken":0,"max_hp_gain":0,"max_hp_loss":0,"event_name":"FaceTrader","floor":13,"gold_loss":0},{"damage_healed":0,"gold_gain":275,"player_choice":"Desecrate","damage_taken":0,"max_hp_gain":0,"max_hp_loss":0,"event_name":"Golden Shrine","floor":19,"gold_loss":0,"cards_obtained":["Regret"]},{"damage_healed":0,"gold_gain":0,"player_choice":"0 cards matched","damage_taken":0,"max_hp_gain":0,"max_hp_loss":0,"event_name":"Match and Keep!","floor":21,"gold_loss":0,"cards_obtained":[]},{"damage_healed":0,"gold_gain":0,"player_choice":"Smashed Altar","damage_taken":0,"max_hp_gain":0,"max_hp_loss":0,"event_name":"Forgotten Altar","floor":27,"gold_loss":0,"cards_obtained":["Decay"]}],"is_beta":false,"boss_relics":[{"not_picked":["Runic Cube","Velvet Choker"],"picked":"Philosopher\u0027s Stone"}],"items_purged_floors":[4,20],"is_endless":false,"potions_floor_spawned":[1,5,14,16,23,25],"killed_by":"Shelled Parasite and Fungi","ascension_level":20}