{"gold_per_floor":[114,39,39,58,77,77,87,119,144,159,174,208,227,240,240,344,344,361,376,376,376,391,391,408,439,439,439,196,214,214,247,247,247],"floor_reached":33,"playtime":2136,"items_purged":["Strike_R"],"score":331,"play_id":"ef9920b0-4c6a-464d-a09d-467ec9505aa5","local_time":"20181207215903","is_ascension_mode":true,"campfire_choices":[{"floor":6,"key":"RECALL"},{"data":"Seeing Red","floor":15,"key":"SMITH"},{"data":"Impervious","floor":23,"key":"SMITH"},{"data":"Rampage","floor":27,"key":"SMITH"},{"floor":32,"key":"REST"}],"neow_cost":"PERCENT_DAMAGE","seed_source_timestamp":210967891973918,"circlet_count":0,"master_deck":["Strike_R","Strike_R","Strike_R","Strike_R","Defend_R","Defend_R","Defend_R","Defend_R","Bash","Clash","Inflame","Headbutt","Clash","Headbutt","Immolate","Ghostly Armor","Second Wind","Headbutt","Seeing Red+1","Impervious+1","Rampage+1","RitualDagger","Sentinel+1","Disarm","Inflame","Body Slam","Power Through","Spot Weakness","Reaper"],"relics":["Black Blood","Magic Flower","Vajra","Bronze Scales","Bag of Marbles","Question Card","Art of War"],"potions_floor_usage":[4,7,10,22,22,24],"damage_taken":[{"damage":18,"enemies":"Small Slimes","floor":1,"turns":5},{"damage":1,"enemies":"Cultist","floor":4,"turns":3},{"damage":0,"enemies":"2 Louse","floor":5,"turns":2},{"damage":3,"enemies":"Blue Slaver","floor":7,"turns":3},{"damage":17,"enemies":"3 Sentries","floor":8,"turns":6},{"damage":4,"enemies":"3 Louse","floor":10,"turns":2},{"damage":1,"enemies":"Looter","floor":11,"turns":2},{"damage":26,"enemies":"Lagavulin","floor":12,"turns":5},{"damage":8,"enemies":"Blue Slaver","floor":13,"turns":2},{"damage":0,"enemies":"Exordium Thugs","floor":14,"turns":2},{"damage":18,"enemies":"Slime Boss","floor":16,"turns":7},{"damage":18,"enemies":"Shell Parasite","floor":18,"turns":3},{"damage":2,"enemies":"Chosen","floor":19,"turns":4},{"damage":20,"enemies":"Snecko","floor":22,"turns":6},{"damage":8,"enemies":"Centurion and Healer","floor":24,"turns":4},{"damage":27,"enemies":"Gremlin Leader","floor":25,"turns":5},{"damage":0,"enemies":"Snake Plant","floor":29,"turns":4},{"damage":66,"enemies":"Book of Stabbing","floor":31,"turns":5},{"damage":161,"enemies":"Automaton","floor":33,"turns":14}],"seed_played":"-7548773685594728191","potions_obtained":[{"floor":3,"key":"Regen Potion"},{"floor":3,"key":"Fire Potion"},{"floor":3,"key":"Strength Potion"},{"floor":4,"key":"Dexterity Potion"},{"floor":5,"key":"Block Potion"},{"floor":7,"key":"GamblersBrew"},{"floor":12,"key":"FairyPotion"},{"floor":19,"key":"GamblersBrew"},{"floor":22,"key":"Weak Potion"},{"floor":31,"key":"Poison Potion"}],"is_trial":false,"path_per_floor":["M","$","?","M","M","R","M","E","T","M","M","E","M","M","R","B",null,"M","M","?","$","M","R","M","E","T","R","$","M","?","E","R","B"],"character_chosen":"IRONCLAD","items_purchased":["Inflame","Inflame","Body Slam","Power Through"],"campfire_rested":1,"item_purchase_floors":[2,28,28,28],"current_hp_per_floor":[47,47,47,69,78,78,80,72,72,77,80,63,64,73,73,64,80,77,80,74,74,69,69,76,64,64,64,64,79,79,28,52,0],"gold":247,"neow_bonus":"ONE_RARE_RELIC","is_prod":false,"is_daily":false,"chose_seed":false,"campfire_upgraded":3,"win_rate":0,"timestamp":1544216343,"path_taken":["M","$","?","?","M","R","M","E","T","M","?","E","?","M","R","BOSS","M","M","?","$","M","R","M","E","T","R","$","M","?","E","R","BOSS"],"build_version":"2018-12-06","purchased_purges":1,"victory":false,"max_hp_per_floor":[80,80,80,80,80,80,80,80,80,80,80,80,80,80,80,80,80,80,80,80,80,80,80,80,80,80,80,80,80,80,80,80,80],"card_choices":[{"not_picked":["Twin Strike","Feel No Pain"],"picked":"Clash","floor":1},{"not_picked":["Twin Strike","Armaments"],"picked":"Headbutt","floor":4},{"not_picked":["Sword Boomerang","Evolve"],"picked":"Clash","floor":5},{"not_picked":["Searing Blow","Hemokinesis"],"picked":"Headbutt","floor":7},{"not_picked":["Thunderclap","Hemokinesis"],"picked":"Immolate","floor":8},{"not_picked":["Perfected Strike","Armaments"],"picked":"Ghostly Armor","floor":10},{"not_picked":["Metallicize","Clothesline"],"picked":"Second Wind","floor":11},{"not_picked":["Wild Strike","Pommel Strike"],"picked":"Headbutt","floor":12},{"not_picked":["Bloodletting","Perfected Strike"],"picked":"Seeing Red","floor":13},{"not_picked":["Sword Boomerang","Disarm","Clothesline"],"picked":"SKIP","floor":14},{"not_picked":["Fiend Fire","Double Tap"],"picked":"Impervious","floor":16},{"not_picked":["Twin Strike","Feel No Pain","Armaments+1"],"picked":"SKIP","floor":18},{"not_picked":["Pommel Strike","Headbutt"],"picked":"Rampage","floor":19},{"not_picked":["Armaments","Heavy Blade"],"picked":"Sentinel+1","floor":22},{"not_picked":["Sword Boomerang","Pommel Strike"],"picked":"Disarm","floor":24},{"not_picked":["Anger+1","Rage+1","Fire Breathing"],"picked":"SKIP","floor":25},{"not_picked":["True Grit","Twin Strike","Shrug It Off"],"picked":"Spot Weakness","floor":29},{"not_picked":["Barricade","Cleave+1","Rampage"],"picked":"Reaper","floor":31}],"player_experience":229334,"relics_obtained":[{"floor":8,"key":"Vajra"},{"floor":12,"key":"Bronze Scales"},{"floor":25,"key":"Bag of Marbles"},{"floor":26,"key":"Question Card"},{"floor":31,"key":"Art of War"}],"event_choices":[{"damage_healed":0,"gold_gain":0,"player_choice":"Got Potions","damage_taken":0,"max_hp_gain":0,"max_hp_loss":0,"event_name":"Lab","floor":3,"gold_loss":0},{"damage_healed":0,"gold_gain":0,"player_choice":"Joined the Cult","damage_taken":6,"max_hp_gain":0,"max_hp_loss":0,"event_name":"Nest","floor":20,"gold_loss":0,"cards_obtained":["RitualDagger"]},{"damage_healed":0,"gold_gain":0,"player_choice":"Ignored","damage_taken":0,"max_hp_gain":0,"max_hp_loss":0,"event_name":"Vampires","floor":30,"gold_loss":0}],"is_beta":false,"boss_relics":[{"not_picked":["White Beast Statue","Ectoplasm"],"picked":"Black Blood"}],"items_purged_floors":[28],"is_endless":false,"potions_floor_spawned":[4,5,7,12,14,16,18,19,22,31],"killed_by":"Automaton","ascension_level":2}