{"gold_per_floor":[112,212,227,238,255,281,281,307,307,307,272,283,246,246],"floor_reached":14,"playtime":2354,"items_purged":[],"score":140,"play_id":"751a8d6e-32ed-44d9-aed8-b771ddf1fe54","local_time":"20190207010519","is_ascension_mode":true,"campfire_choices":[{"floor":7,"key":"REST"},{"floor":10,"key":"REST"}],"neow_cost":"NONE","seed_source_timestamp":567749229121225,"circlet_count":0,"master_deck":["Strike_R","Strike_R","Strike_R","Strike_R","Strike_R","Defend_R","Defend_R","Defend_R","Defend_R","Bash","Dual Wield","Thunderclap","Armaments","Spot Weakness","Exhume"],"relics":["Burning Blood","Girya","Vajra","Centennial Puzzle"],"potions_floor_usage":[14],"damage_taken":[{"damage":6,"enemies":"Small Slimes","floor":1,"turns":4},{"damage":6,"enemies":"Cultist","floor":3,"turns":4},{"damage":8,"enemies":"2 Louse","floor":4,"turns":3},{"damage":20,"enemies":"2 Fungi Beasts","floor":5,"turns":4},{"damage":50,"enemies":"3 Sentries","floor":6,"turns":10},{"damage":41,"enemies":"Gremlin Nob","floor":8,"turns":5},{"damage":25,"enemies":"Exordium Wildlife","floor":12,"turns":7},{"damage":55,"enemies":"Lagavulin","floor":14,"turns":8}],"seed_played":"-3638099470677701322","potions_obtained":[{"floor":1,"key":"BloodPotion"},{"floor":12,"key":"Energy Potion"}],"is_trial":false,"path_per_floor":["M","?","M","M","M","E","R","E","T","R","?","M","?","E"],"character_chosen":"IRONCLAD","items_purchased":[],"campfire_rested":2,"item_purchase_floors":[],"current_hp_per_floor":[80,80,80,78,64,20,46,11,11,37,59,40,40,0],"gold":246,"neow_bonus":"TEN_PERCENT_HP_BONUS","is_prod":false,"is_daily":false,"chose_seed":false,"campfire_upgraded":0,"win_rate":0,"timestamp":1549497919,"path_taken":["M","?","?","M","M","E","R","E","T","R","?","M","?","E"],"build_version":"2019-01-23","purchased_purges":0,"victory":false,"max_hp_per_floor":[88,88,88,88,88,88,88,88,88,88,88,88,88,88],"card_choices":[{"not_picked":["Anger","Clash"],"picked":"Dual Wield","floor":1},{"not_picked":["Anger","Clothesline"],"picked":"Thunderclap","floor":3},{"not_picked":["Sword Boomerang","Evolve"],"picked":"Armaments","floor":4},{"not_picked":["Intimidate","Perfected Strike"],"picked":"Spot Weakness","floor":5},{"not_picked":["Rupture","Heavy Blade"],"picked":"Exhume","floor":6},{"not_picked":["Clash","Rupture","Sentinel"],"picked":"SKIP","floor":8},{"not_picked":["Cleave","Clash","Metallicize"],"picked":"SKIP","floor":12}],"player_experience":574583,"relics_obtained":[{"floor":6,"key":"Girya"},{"floor":8,"key":"Vajra"},{"floor":9,"key":"Centennial Puzzle"}],"event_choices":[{"damage_healed":0,"gold_gain":100,"player_choice":"Pray","damage_taken":0,"max_hp_gain":0,"max_hp_loss":0,"event_name":"Golden Shrine","floor":2,"gold_loss":0},{"damage_healed":22,"gold_gain":0,"player_choice":"Healed","damage_taken":0,"max_hp_gain":0,"max_hp_loss":0,"event_name":"The Cleric","floor":11,"gold_loss":35},{"damage_healed":0,"gold_gain":0,"player_choice":"Left Gold","damage_taken":0,"max_hp_gain":0,"max_hp_loss":0,"event_name":"World of Goop","floor":13,"gold_loss":37}],"is_beta":false,"boss_relics":[],"items_purged_floors":[],"is_endless":false,"potions_floor_spawned":[1,12],"killed_by":"Lagavulin","ascension_level":8}