{"gold_per_floor":[112,112,131,144,94,94,119,119,119,119,138,138,153,153,153,249,249,259,269,200,200,200,200,121,121,121,72,72,85,185,210,210,210],"floor_reached":33,"playtime":2112,"items_purged":[],"score":261,"play_id":"3e089581-0524-4bac-9ecf-2ded133c7c82","local_time":"20190227233848","is_ascension_mode":false,"campfire_choices":[{"data":"Cleave","floor":6.0,"key":"SMITH"},{"data":"Shrug It Off","floor":8.0,"key":"SMITH"},{"data":"Headbutt","floor":10.0,"key":"SMITH"},{"data":"Spot Weakness","floor":12.0,"key":"SMITH"},{"data":"Dropkick","floor":15.0,"key":"SMITH"},{"data":"Feel No Pain","floor":23.0,"key":"SMITH"},{"data":"Power Through","floor":25,"key":"SMITH"},{"floor":32,"key":"REST"}],"neow_cost":"NONE","seed_source_timestamp":987858497440324,"circlet_count":0,"master_deck":["Strike_R","Strike_R","Strike_R","Strike_R","Defend_R","Defend_R","Defend_R","Defend_R","Bash+1","Cleave+1","Headbutt+1","Spot Weakness+1","Shrug It Off+1","Dropkick+1","Power Through+1","Offering","Havoc+1","Feel No Pain+1","Inflame","True Grit","Inflame"],"special_seed":0,"relics":["Burning Blood"],"potions_floor_usage":[31,33],"damage_taken":[{"damage":3.0,"enemies":"Small Slimes","floor":1.0,"turns":4.0},{"damage":6.0,"enemies":"Jaw Worm","floor":3.0,"turns":3.0},{"damage":0.0,"enemies":"2 Louse","floor":4.0,"turns":2.0},{"damage":16.0,"enemies":"Gremlin Nob","floor":7.0,"turns":3.0},{"damage":16.0,"enemies":"Large Slime","floor":11.0,"turns":5.0},{"damage":0.0,"enemies":"3 Louse","floor":13.0,"turns":2.0},{"damage":22.0,"enemies":"Hexaghost","floor":16.0,"turns":8.0},{"damage":5.0,"enemies":"Chosen","floor":18.0,"turns":5.0},{"damage":6.0,"enemies":"Spheric Guardian","floor":19.0,"turns":3.0},{"damage":27,"enemies":"Snake Plant","floor":29,"turns":5},{"damage":21,"enemies":"Gremlin Leader","floor":31,"turns":5},{"damage":90,"enemies":"Automaton","floor":33,"turns":12}],"seed_played":"-8993132371200402349","potions_obtained":[{"floor":7.0,"key":"PowerPotion"},{"floor":11.0,"key":"Explosive Potion"},{"floor":13.0,"key":"Poison Potion"},{"floor":16.0,"key":"Swift Potion"},{"floor":29,"key":"Ancient Potion"}],"is_trial":false,"path_per_floor":["M","?","M","M","?","R","E","R","T","R","M","R","M","$","R","B",null,"M","M","$","?","?","R","$","R","T","$","?","M","?","E","R","B"],"character_chosen":"IRONCLAD","items_purchased":["Feel No Pain","Inflame","True Grit"],"campfire_rested":1,"item_purchase_floors":[20,24,27],"current_hp_per_floor":[80,80,80,80,80,80,70,70,70,70,60,60,66,66,66,50,80,80,80,80,80,65,65,65,65,65,65,65,44,44,29,54,0],"gold":210,"neow_bonus":"UPGRADE_CARD","is_prod":false,"is_daily":false,"chose_seed":false,"campfire_upgraded":7,"win_rate":0,"timestamp":1551307128,"path_taken":["M","?","M","M","?","R","E","R","T","R","M","R","M","$","R","BOSS","M","M","$","?","?","R","$","R","T","$","?","M","?","E","R","BOSS"],"build_version":"2019-01-23","purchased_purges":0,"victory":false,"max_hp_per_floor":[80,80,80,80,80,80,80,80,80,80,80,80,80,80,80,80,80,80,80,80,80,85,85,85,85,85,85,85,85,85,85,85,85],"card_choices":[{"not_picked":["Armaments","Thunderclap"],"picked":"Cleave","floor":1.0},{"not_picked":["Shockwave","Reckless Charge"],"picked":"Headbutt","floor":3.0},{"not_picked":["Clash","Warcry"],"picked":"Spot Weakness","floor":4.0},{"not_picked":["Bloodletting","Spot Weakness"],"picked":"Shrug It Off","floor":7.0},{"not_picked":["Anger","Infernal Blade"],"picked":"Dropkick","floor":11.0},{"not_picked":["Pommel Strike","Entrench"],"picked":"Power Through","floor":13.0},{"not_picked":["Bludgeon","Limit Break"],"picked":"Offering","floor":16.0},{"not_picked":["Fire Breathing","Iron Wave","Warcry"],"picked":"SKIP","floor":18.0},{"not_picked":["Shrug It Off","Wild Strike"],"picked":"Havoc+1","floor":19.0},{"not_picked":["Entrench+1","Rupture","Wild Strike"],"picked":"SKIP","floor":29},{"not_picked":["Dual Wield+1","Impervious"],"picked":"Inflame","floor":31}],"player_experience":240216,"relics_obtained":[],"event_choices":[{"damage_healed":0.0,"max_hp_gain":0.0,"max_hp_loss":0.0,"gold_gain":0.0,"event_name":"Golden Idol","player_choice":"Ignored","floor":2.0,"gold_loss":0.0,"damage_taken":0.0},{"cards_removed":["Strike_R"],"damage_healed":0.0,"max_hp_gain":0.0,"max_hp_loss":0.0,"gold_gain":0.0,"event_name":"The Cleric","player_choice":"Card Removal","floor":5.0,"gold_loss":50.0,"damage_taken":0.0},{"damage_healed":0.0,"max_hp_gain":5.0,"max_hp_loss":0.0,"gold_gain":0.0,"event_name":"Forgotten Altar","player_choice":"Shed Blood","floor":22.0,"gold_loss":0.0,"damage_taken":20.0},{"damage_healed":0,"gold_gain":0,"player_choice":"Ignored","damage_taken":0,"max_hp_gain":0,"max_hp_loss":0,"event_name":"The Mausoleum","floor":28,"gold_loss":0},{"damage_healed":0,"gold_gain":100,"player_choice":"Pray","damage_taken":0,"max_hp_gain":0,"max_hp_loss":0,"event_name":"Golden Shrine","floor":30,"gold_loss":0}],"is_beta":false,"boss_relics":[{"not_picked":["Tiny House","Philosopher\u0027s Stone","Fusion Hammer"]}],"items_purged_floors":[],"is_endless":false,"potions_floor_spawned":[7,11,13,16,29],"killed_by":"Automaton","ascension_level":0}