{"gold_per_floor":[112,123,123,140,154,181,181,181,181,211,227,227,242,252,252,357,357,371,385,71,71,87,116,128,128,128,128,128,146,175,192,192,290,290,300,300,310,310,324,324,351,351,351,378,427,427,527,545,545,545],"floor_reached":51,"playtime":5932,"items_purged":["Strike_G"],"score":873,"play_id":"ab633999-01bd-495f-8c6b-e2b08ce88b07","local_time":"20190215220902","is_ascension_mode":true,"campfire_choices":[{"data":"Flechettes","floor":7.0,"key":"SMITH"},{"floor":12.0,"key":"REST"},{"data":"Doppelganger","floor":15.0,"key":"SMITH"},{"data":"Adrenaline","floor":25,"key":"SMITH"},{"data":"Survivor","floor":27,"key":"SMITH"},{"floor":32,"key":"REST"},{"floor":40,"key":"DIG"},{"floor":42,"key":"DIG"},{"floor":46,"key":"DIG"},{"floor":49,"key":"DIG"}],"neow_cost":"TEN_PERCENT_HP_LOSS","seed_source_timestamp":100187465968836,"circlet_count":0,"master_deck":["Defend_G+1","Defend_G+1","Defend_G+1","Defend_G+1","Defend_G+1","Strike_G+1","Strike_G+1","Strike_G+1","Survivor+1","Neutralize+1","Backstab","Flechettes+1","Acrobatics","PiercingWail","Distraction","Outmaneuver","Doppelganger+1","Adrenaline+1","Noxious Fumes","Distraction+1","Acrobatics+1","Malaise","Infinite Blades+1","Blur+1","Outmaneuver+1"],"special_seed":0,"relics":["Ring of the Snake","Pocketwatch","Whetstone","Gremlin Horn","Dead Branch","Sozu","Anchor","Nunchaku","Molten Egg 2","Shovel","Black Star","Centennial Puzzle","Letter Opener","War Paint","Blood Vial","Toxic Egg 2","Happy Flower","Lantern","Ice Cream","The Courier","Mango","Dodecahedron"],"potions_floor_usage":[50],"damage_taken":[{"damage":0.0,"enemies":"Jaw Worm","floor":1.0,"turns":4.0},{"damage":0.0,"enemies":"2 Louse","floor":2.0,"turns":3.0},{"damage":2.0,"enemies":"Small Slimes","floor":4.0,"turns":4.0},{"damage":0.0,"enemies":"Looter","floor":5.0,"turns":3.0},{"damage":11.0,"enemies":"3 Sentries","floor":6.0,"turns":12.0},{"damage":14.0,"enemies":"Lagavulin","floor":10.0,"turns":4.0},{"damage":0.0,"enemies":"3 Louse","floor":11.0,"turns":1.0},{"damage":0.0,"enemies":"2 Fungi Beasts","floor":13.0,"turns":2.0},{"damage":11.0,"enemies":"Exordium Thugs","floor":14.0,"turns":2.0},{"damage":27.0,"enemies":"Slime Boss","floor":16.0,"turns":12.0},{"damage":4,"enemies":"Shell Parasite","floor":18,"turns":3},{"damage":0,"enemies":"Spheric Guardian","floor":19,"turns":3},{"damage":8,"enemies":"Centurion and Healer","floor":22,"turns":5},{"damage":16,"enemies":"Book of Stabbing","floor":23,"turns":6},{"damage":0,"enemies":"Snecko","floor":24,"turns":3},{"damage":0,"enemies":"Shelled Parasite and Fungi","floor":29,"turns":3},{"damage":14,"enemies":"Slavers","floor":30,"turns":3},{"damage":0,"enemies":"Sentry and Sphere","floor":31,"turns":3},{"damage":28,"enemies":"Automaton","floor":33,"turns":9},{"damage":0,"enemies":"Orb Walker","floor":35,"turns":3},{"damage":0,"enemies":"3 Darklings","floor":37,"turns":6},{"damage":1,"enemies":"Maw","floor":39,"turns":6},{"damage":12,"enemies":"Reptomancer","floor":41,"turns":8},{"damage":0,"enemies":"Nemesis","floor":44,"turns":7},{"damage":1,"enemies":"2 Orb Walkers","floor":45,"turns":3},{"damage":0,"enemies":"Mind Bloom Boss Battle","floor":47,"turns":6},{"damage":0,"enemies":"4 Shapes","floor":48,"turns":4},{"damage":8,"enemies":"Awakened One","floor":50,"turns":11}],"seed_played":"-2554824004900729645","potions_obtained":[{"floor":1.0,"key":"Swift Potion"},{"floor":4.0,"key":"FairyPotion"},{"floor":10.0,"key":"Poison Potion"},{"floor":11.0,"key":"GamblersBrew"},{"floor":16.0,"key":"Energy Potion"}],"is_trial":false,"path_per_floor":["M","M","?","M","M","E","R","?","T","E","M","R","M","M","R","B",null,"M","M","$","?","M","E","M","R","T","R","?","M","E","M","R","B",null,"M","?","M","?","M","R","E","R","T","E","?","R","?","M","R","B",null],"character_chosen":"THE_SILENT","items_purchased":["Anchor","Noxious Fumes"],"campfire_rested":2,"item_purchase_floors":[20,20],"current_hp_per_floor":[63,63,68,66,66,55,55,41,41,27,27,47,47,36,36,9,68,64,64,64,64,56,40,40,40,40,40,40,40,26,26,46,18,68,68,65,65,65,64,64,52,52,52,54,55,55,71,73,73,67],"gold":545,"neow_bonus":"ONE_RARE_RELIC","is_prod":false,"is_daily":false,"chose_seed":false,"campfire_upgraded":4,"win_rate":0,"timestamp":1550264942,"path_taken":["M","M","?","M","M","E","R","?","T","E","M","R","M","M","R","BOSS","M","M","$","?","M","E","M","R","T","R","?","M","E","M","R","BOSS","M","?","M","?","M","R","E","R","T","E","?","R","?","M","R","BOSS"],"build_version":"2019-01-23","purchased_purges":1,"victory":true,"max_hp_per_floor":[63,63,68,68,68,68,68,68,68,68,68,68,68,68,68,68,68,68,68,68,68,68,68,68,68,68,68,68,68,68,68,68,68,68,68,65,65,65,65,65,65,65,65,65,65,65,79,79,79,79],"card_choices":[{"not_picked":["Expertise","Deflect"],"picked":"Backstab","floor":1.0},{"not_picked":["Slice","Deadly Poison"],"picked":"Flechettes","floor":2.0},{"not_picked":["Flechettes","Skewer"],"picked":"Acrobatics","floor":4.0},{"not_picked":["Slice","Backflip"],"picked":"PiercingWail","floor":5.0},{"not_picked":["Cloak And Dagger","Prepared"],"picked":"Distraction","floor":6.0},{"not_picked":["Dagger Spray","Accuracy"],"picked":"Outmaneuver","floor":10.0},{"not_picked":["Dagger Throw","Acrobatics","All Out Attack"],"picked":"SKIP","floor":11.0},{"not_picked":["Sucker Punch","Underhanded Strike","Catalyst"],"picked":"SKIP","floor":13.0},{"not_picked":["Sucker Punch","Dodge and Roll"],"picked":"Doppelganger","floor":14.0},{"not_picked":["Night Terror","Corpse Explosion"],"picked":"Adrenaline","floor":16.0},{"not_picked":["Underhanded Strike","Concentrate","Deadly Poison+1"],"picked":"SKIP","floor":18},{"not_picked":["Dagger Throw","Catalyst+1","Dagger Spray+1"],"picked":"SKIP","floor":19},{"not_picked":["Underhanded Strike+1","Slice+1","Choke"],"picked":"SKIP","floor":22},{"not_picked":["Dagger Spray+1","Backflip","Calculated Gamble"],"picked":"SKIP","floor":23},{"not_picked":["Masterful Stab","Leg Sweep"],"picked":"Distraction","floor":24},{"not_picked":["Dodge and Roll","Expertise+1","Dagger Spray+1"],"picked":"SKIP","floor":29},{"not_picked":["Bane+1","Dodge and Roll"],"picked":"Acrobatics+1","floor":30},{"not_picked":["Dodge and Roll","Heel Hook+1","Slice+1"],"picked":"SKIP","floor":31},{"not_picked":["Phantasmal Killer","Glass Knife+1"],"picked":"Malaise","floor":33},{"not_picked":["Well Laid Plans+1","Crippling Poison"],"picked":"Infinite Blades+1","floor":35},{"not_picked":["Deadly Poison","Prepared"],"picked":"Blur","floor":37},{"not_picked":["Skewer+1","Heel Hook+1","Poisoned Stab+1"],"picked":"SKIP","floor":39},{"not_picked":["Flechettes+1","Backflip+1"],"picked":"Outmaneuver+1","floor":41},{"not_picked":["Cloak And Dagger+1","Reflex+1","Dagger Spray+1"],"picked":"SKIP","floor":44},{"not_picked":["Reflex+1","Backflip+1","Calculated Gamble+1"],"picked":"SKIP","floor":48}],"player_experience":152764,"relics_obtained":[{"floor":6.0,"key":"Whetstone"},{"floor":9.0,"key":"Gremlin Horn"},{"floor":10.0,"key":"Dead Branch"},{"floor":23,"key":"Nunchaku"},{"floor":26,"key":"Molten Egg 2"},{"floor":30,"key":"Shovel"},{"floor":40,"key":"Centennial Puzzle"},{"floor":41,"key":"Letter Opener"},{"floor":41,"key":"War Paint"},{"floor":42,"key":"Blood Vial"},{"floor":43,"key":"Toxic Egg 2"},{"floor":44,"key":"Happy Flower"},{"floor":44,"key":"Lantern"},{"floor":45,"key":"Ice Cream"},{"floor":46,"key":"The Courier"},{"floor":47,"key":"Mango"},{"floor":49,"key":"Dodecahedron"}],"event_choices":[{"damage_healed":0.0,"max_hp_gain":5.0,"max_hp_loss":0.0,"gold_gain":0.0,"event_name":"Big Fish","player_choice":"Donut","floor":3.0,"gold_loss":0.0,"damage_taken":0.0},{"damage_healed":0.0,"max_hp_gain":0.0,"max_hp_loss":0.0,"gold_gain":0.0,"event_name":"Shining Light","player_choice":"Entered Light","floor":8.0,"gold_loss":0.0,"damage_taken":14.0,"cards_upgraded":["Neutralize","Defend_G"]},{"damage_healed":0,"gold_gain":0,"player_choice":"Ignored","damage_taken":0,"max_hp_gain":0,"max_hp_loss":0,"event_name":"Vampires","floor":21,"gold_loss":0},{"damage_healed":0,"gold_gain":0,"player_choice":"Simplicity","damage_taken":0,"max_hp_gain":0,"max_hp_loss":0,"event_name":"Back to Basics","floor":28,"gold_loss":0,"cards_upgraded":["Defend_G","Defend_G","Defend_G","Defend_G","Strike_G","Strike_G"]},{"damage_healed":0,"gold_gain":0,"player_choice":"Max HP","damage_taken":0,"max_hp_gain":0,"max_hp_loss":3,"event_name":"Winding Halls","floor":36,"gold_loss":0},{"cards_removed":["Strike_G"],"damage_healed":0,"gold_gain":0,"player_choice":"Removed Attack","damage_taken":0,"max_hp_gain":0,"max_hp_loss":0,"event_name":"Falling","floor":38,"gold_loss":0},{"damage_healed":0,"gold_gain":0,"player_choice":"Fight","damage_taken":0,"max_hp_gain":0,"max_hp_loss":0,"event_name":"Mysterious Sphere","floor":45,"gold_loss":0},{"damage_healed":0,"gold_gain":0,"player_choice":"Fight","damage_taken":0,"max_hp_gain":0,"max_hp_loss":0,"event_name":"MindBloom","floor":47,"gold_loss":0}],"is_beta":false,"boss_relics":[{"not_picked":["Tiny House","Runic Pyramid"],"picked":"Sozu"},{"not_picked":["WristBlade","White Beast Statue"],"picked":"Black Star"}],"items_purged_floors":[20],"is_endless":false,"potions_floor_spawned":[1,4,10,11,16,18,22,30,35,39,48],"ascension_level":3}