{"gold_per_floor":[118,137,137,137,152,152,182,202,225,245,245],"floor_reached":11,"playtime":399,"items_purged":[],"score":116,"play_id":"10fabe53-5047-42b0-8cf0-4595c572dd5f","local_time":"20190410230432","is_ascension_mode":true,"campfire_choices":[{"data":"Whirlwind","floor":6,"key":"SMITH"}],"neow_cost":"CURSE","seed_source_timestamp":39751112203381,"circlet_count":0,"master_deck":["AscendersBane","Strike_R","Strike_R","Strike_R","Strike_R","Strike_R+1","Defend_R","Defend_R+1","Defend_R","Defend_R","Bash","Decay","Immolate","Flame Barrier","Whirlwind+1","Heavy Blade","Battle Trance"],"relics":["Burning Blood","Strawberry","Lantern"],"potions_floor_usage":[7,11],"damage_taken":[{"damage":9,"enemies":"Jaw Worm","floor":1,"turns":2},{"damage":0,"enemies":"Small Slimes","floor":2,"turns":2},{"damage":0,"enemies":"Cultist","floor":5,"turns":4},{"damage":50,"enemies":"Lagavulin","floor":7,"turns":8},{"damage":9,"enemies":"Looter","floor":8,"turns":3},{"damage":12,"enemies":"Exordium Thugs","floor":10,"turns":3},{"damage":25,"enemies":"Gremlin Nob","floor":11,"turns":3}],"seed_played":"-3170929761643322438","potions_obtained":[{"floor":2,"key":"SpeedPotion"},{"floor":5,"key":"FearPotion"}],"is_trial":false,"path_per_floor":["M","M","?","?","M","R","E","M","T","M","E"],"character_chosen":"IRONCLAD","items_purchased":[],"campfire_rested":0,"item_purchase_floors":[],"current_hp_per_floor":[69,75,59,59,65,65,28,25,25,19,0],"gold":245,"neow_bonus":"THREE_RARE_CARDS","is_prod":false,"is_daily":false,"chose_seed":false,"campfire_upgraded":1,"win_rate":0,"timestamp":1554930272,"path_taken":["M","M","?","?","M","R","E","M","T","M","E"],"build_version":"2019-01-23","purchased_purges":0,"victory":false,"max_hp_per_floor":[80,80,80,80,80,80,87,87,87,87,87],"card_choices":[{"not_picked":["Dark Embrace","Reaper"],"picked":"Immolate","floor":0},{"not_picked":["Clothesline","Body Slam"],"picked":"Flame Barrier","floor":1},{"not_picked":["Thunderclap","Havoc"],"picked":"Whirlwind","floor":2},{"not_picked":["Warcry","Armaments"],"picked":"Heavy Blade","floor":5},{"not_picked":["Cleave","Evolve","Bloodletting"],"picked":"SKIP","floor":7},{"not_picked":["Burning Pact","Disarm","Body Slam"],"picked":"SKIP","floor":8},{"not_picked":["Hemokinesis","Perfected Strike"],"picked":"Battle Trance","floor":10}],"player_experience":630359,"relics_obtained":[{"floor":7,"key":"Strawberry"},{"floor":9,"key":"Lantern"}],"event_choices":[{"damage_healed":0,"gold_gain":0,"player_choice":"Entered Light","damage_taken":16,"max_hp_gain":0,"max_hp_loss":0,"event_name":"Shining Light","floor":3,"gold_loss":0,"cards_upgraded":["Defend_R","Strike_R"]},{"damage_healed":0,"gold_gain":0,"player_choice":"Ignored","damage_taken":0,"max_hp_gain":0,"max_hp_loss":0,"event_name":"Transmorgrifier","floor":4,"gold_loss":0}],"is_beta":false,"boss_relics":[],"items_purged_floors":[],"is_endless":false,"potions_floor_spawned":[2,5],"killed_by":"Gremlin Nob","ascension_level":11}