{"gold_per_floor":[112,62,77,94,19,19,32,67,94,94,108,119,139,165,165,268,268,280,195,195,209,223,236,236,268,295,27,58,58,157,45,45,144,144,159,23,23,23,23,23,48,92,131,143,80,109,127,153,153,153],"floor_reached":51,"playtime":4312,"items_purged":["Strike_R","Strike_R","Bash+1","Flame Barrier"],"score":1109,"play_id":"38b0d605-86fa-4a29-b870-1a789120df20","local_time":"20180912175645","is_ascension_mode":true,"campfire_choices":[{"data":"Body Slam","floor":6.0,"key":"SMITH"},{"data":"Headbutt","floor":10.0,"key":"SMITH"},{"data":"Barricade","floor":15.0,"key":"SMITH"},{"data":"True Grit","floor":24.0,"key":"SMITH"},{"data":"Metallicize","floor":32.0,"key":"SMITH"},{"data":"Dual Wield","floor":40,"key":"SMITH"},{"data":"Shrug It Off","floor":49,"key":"SMITH"}],"neow_cost":"NONE","seed_source_timestamp":0,"circlet_count":0,"master_deck":["Strike_R+1","Defend_R","Defend_R","Defend_R","Body Slam+1","Metallicize+1","Headbutt+1","True Grit+1","Barricade+1","Sentinel+1","Ghostly Armor+1","Dual Wield+1","Shrug It Off+1"],"special_seed":0,"relics":["Burning Blood","Bag of Preparation","Pen Nib","Whetstone","White Beast Statue","Du-Vu Doll","Lantern","Juzu Bracelet","Membership Card","Anchor","Medical Kit","Runic Pyramid","Oddly Smooth Stone","WingedGreaves","MawBank","Shuriken","Strawberry","Ornamental Fan","Vajra"],"potions_floor_usage":[38,38,48,50],"damage_taken":[{"damage":5.0,"enemies":"Small Slimes","floor":1.0,"turns":3.0},{"damage":6.0,"enemies":"Jaw Worm","floor":3.0,"turns":3.0},{"damage":7.0,"enemies":"Cultist","floor":4.0,"turns":5.0},{"damage":0.0,"enemies":"Exordium Thugs","floor":7.0,"turns":6.0},{"damage":20.0,"enemies":"Lagavulin","floor":8.0,"turns":10.0},{"damage":3.0,"enemies":"Lots of Slimes","floor":11.0,"turns":4.0},{"damage":3.0,"enemies":"Looter","floor":12.0,"turns":3.0},{"damage":0.0,"enemies":"2 Fungi Beasts","floor":13.0,"turns":4.0},{"damage":17.0,"enemies":"3 Sentries","floor":14.0,"turns":12.0},{"damage":20.0,"enemies":"Hexaghost","floor":16.0,"turns":10.0},{"damage":23.0,"enemies":"Spheric Guardian","floor":18.0,"turns":10.0},{"damage":7.0,"enemies":"Chosen","floor":21.0,"turns":6.0},{"damage":0.0,"enemies":"Centurion and Healer","floor":22.0,"turns":9.0},{"damage":0.0,"enemies":"Snecko","floor":23.0,"turns":5.0},{"damage":46.0,"enemies":"Slavers","floor":25.0,"turns":8.0},{"damage":12.0,"enemies":"Book of Stabbing","floor":28.0,"turns":7.0},{"damage":0.0,"enemies":"Champ","floor":33.0,"turns":8.0},{"damage":0.0,"enemies":"3 Darklings","floor":35.0,"turns":7.0},{"damage":3,"enemies":"Mind Bloom Boss Battle","floor":38,"turns":30},{"damage":2,"enemies":"Nemesis","floor":41,"turns":15},{"damage":0,"enemies":"Giant Head","floor":42,"turns":10},{"damage":0,"enemies":"Nemesis","floor":46,"turns":9},{"damage":0,"enemies":"3 Shapes","floor":47,"turns":4},{"damage":0,"enemies":"Giant Head","floor":48,"turns":7},{"damage":0,"enemies":"Donu and Deca","floor":50,"turns":13}],"seed_played":"7294860729829301093","potions_obtained":[{"floor":1.0,"key":"FearPotion"},{"floor":4.0,"key":"BloodPotion"},{"floor":11.0,"key":"FearPotion"},{"floor":18.0,"key":"Regen Potion"},{"floor":21.0,"key":"PowerPotion"},{"floor":22.0,"key":"BloodPotion"},{"floor":23.0,"key":"FearPotion"},{"floor":25.0,"key":"FearPotion"},{"floor":28.0,"key":"Block Potion"},{"floor":33.0,"key":"Regen Potion"},{"floor":35.0,"key":"PowerPotion"},{"floor":38,"key":"PowerPotion"},{"floor":41,"key":"BloodPotion"},{"floor":46,"key":"Energy Potion"},{"floor":48,"key":"GamblersBrew"}],"is_trial":false,"path_per_floor":["M","?","M","M","$","R","M","E","T","R","M","M","M","E","R","B",null,"M","?","?","M","M","M","R","E","T","$","E","$","?","$","R","B",null,"M","$","?","?","?","R","E","E","T","?","$","E","M","E","R","B"],"character_chosen":"IRONCLAD","items_purchased":["Membership Card","Dual Wield","Medical Kit","Shrug It Off","Oddly Smooth Stone"],"campfire_rested":0,"item_purchase_floors":[27,27,31,31,36],"current_hp_per_floor":[80,80,80,79,79,79,80,66,66,66,69,72,78,67,67,53,80,71,71,71,80,80,80,80,40,40,40,34,34,34,34,34,40,80,80,80,80,80,76,76,76,76,83,83,83,83,83,83,83,83],"gold":153,"neow_bonus":"REMOVE_CARD","is_prod":false,"is_daily":false,"chose_seed":false,"campfire_upgraded":7,"win_rate":0,"timestamp":1536767805,"path_taken":["M","?","M","M","?","R","?","E","T","R","M","M","?","E","R","BOSS","M","?","?","M","M","?","R","E","T","$","E","?","?","$","R","BOSS","M","$","?","?","?","R","E","E","T","?","$","E","M","E","R","BOSS"],"build_version":"2018-09-06","purchased_purges":4,"victory":true,"max_hp_per_floor":[80,80,80,80,80,80,80,80,80,80,80,80,80,80,80,80,80,80,80,80,80,80,80,80,80,80,80,80,80,80,80,80,80,80,80,80,80,80,76,76,76,76,83,83,83,83,83,83,83,83],"card_choices":[{"not_picked":["Disarm","Thunderclap"],"picked":"Body Slam","floor":1.0},{"not_picked":["Dropkick","Warcry","Rupture"],"picked":"SKIP","floor":3.0},{"not_picked":["Burning Pact","Clothesline"],"picked":"Metallicize","floor":4.0},{"not_picked":["Clash","Rage"],"picked":"Headbutt","floor":7.0},{"not_picked":["Carnage","Clash","Spot Weakness"],"picked":"SKIP","floor":8.0},{"not_picked":["Anger","Wild Strike"],"picked":"True Grit","floor":11.0},{"not_picked":["Evolve","Flame Barrier","Sever Soul"],"picked":"SKIP","floor":12.0},{"not_picked":["Evolve","Sever Soul"],"picked":"Flame Barrier","floor":12.0},{"not_picked":["Battle Trance","Heavy Blade"],"picked":"Barricade","floor":13.0},{"not_picked":["Warcry","Twin Strike","Infernal Blade"],"picked":"SKIP","floor":14.0},{"not_picked":["Anger","Rage+1"],"picked":"Sentinel+1","floor":18.0},{"not_picked":["Wild Strike+1","Twin Strike","Carnage+1"],"picked":"SKIP","floor":21.0},{"not_picked":["Dropkick","Perfected Strike","Clothesline+1"],"picked":"SKIP","floor":22.0},{"not_picked":["Wild Strike","Heavy Blade"],"picked":"Ghostly Armor+1","floor":23.0},{"not_picked":["Perfected Strike","Clothesline","Cleave"],"picked":"SKIP","floor":25.0},{"not_picked":["Pommel Strike","Thunderclap","Corruption+1"],"picked":"SKIP","floor":28.0},{"not_picked":["Flex+1","Battle Trance","Warcry+1"],"picked":"SKIP","floor":35.0},{"not_picked":["Headbutt","Second Wind","Pommel Strike"],"picked":"SKIP","floor":41},{"not_picked":["Pommel Strike+1","Perfected Strike+1","Spot Weakness"],"picked":"SKIP","floor":42},{"not_picked":["Dual Wield","Uppercut","Headbutt+1"],"picked":"SKIP","floor":46},{"not_picked":["Body Slam","Headbutt+1","Power Through+1"],"picked":"SKIP","floor":47},{"not_picked":["Blood for Blood","Battle Trance+1","Feed"],"picked":"SKIP","floor":48}],"player_experience":110075,"relics_obtained":[{"floor":8.0,"key":"Bag of Preparation"},{"floor":9.0,"key":"Pen Nib"},{"floor":14.0,"key":"Whetstone"},{"floor":25.0,"key":"Lantern"},{"floor":26.0,"key":"Juzu Bracelet"},{"floor":28.0,"key":"Anchor"},{"floor":38,"key":"WingedGreaves"},{"floor":41,"key":"MawBank"},{"floor":42,"key":"Shuriken"},{"floor":43,"key":"Strawberry"},{"floor":46,"key":"Ornamental Fan"},{"floor":48,"key":"Vajra"}],"event_choices":[{"event_name":"The Cleric","player_choice":"Card Removal","floor":2.0,"damage_taken":0.0},{"event_name":"Addict","player_choice":"Obtained Relic","floor":19.0,"damage_taken":0.0},{"event_name":"Ghosts","player_choice":"Ignored","floor":20.0,"damage_taken":0.0},{"event_name":"Nest","player_choice":"Stole From Cult","floor":30.0,"damage_taken":0.0},{"event_name":"Falling","player_choice":"Removed Skill","floor":37.0,"damage_taken":0.0},{"event_name":"MindBloom","player_choice":"Fight","floor":38,"damage_taken":0},{"event_name":"Winding Halls","player_choice":"Max HP","floor":39,"damage_taken":0},{"event_name":"SensoryStone","player_choice":"Memory 1","floor":44,"damage_taken":0}],"is_beta":false,"boss_relics":[{"not_picked":["Mark of Pain","Eternal Feather"],"picked":"White Beast Statue"},{"not_picked":["Coffee Dripper","Black Star"],"picked":"Runic Pyramid"}],"items_purged_floors":[5,27,36,45],"is_endless":false,"potions_floor_spawned":[1,4,11,13,18,21,22,23,25,28,33,35,38,41,42,46,47,48],"ascension_level":1}