{"gold_per_floor":[115,80,80,80,94,119,119,149,149,160,179,193,221,151,151,251,251,271,271,291,308,233,233,260,276,303,303,329,329,361,377,377,482,482,494,45,61,0,14,41,54,70,70,88,88,104,118,118,118,118,118,118,17,52,52],"floor_reached":55,"playtime":3636,"items_purged":["Strike_R","Doubt"],"score":968,"play_id":"236f0e9c-102b-4da2-affd-210b41bb519f","local_time":"20181214190201","is_ascension_mode":true,"campfire_choices":[{"floor":7,"key":"RECALL"},{"data":"Limit Break","floor":15,"key":"SMITH"},{"floor":23,"key":"REST"},{"data":"Limit Break","floor":27,"key":"SMITH"},{"data":"Double Tap","floor":32,"key":"SMITH"},{"floor":45,"key":"REST"},{"floor":49,"key":"REST"},{"floor":52,"key":"REST"}],"neow_cost":"PERCENT_DAMAGE","seed_source_timestamp":224731587423901,"circlet_count":0,"master_deck":["Strike_R","Strike_R","Strike_R","Defend_R","Defend_R","Defend_R","Defend_R","Bash","Heavy Blade","Flame Barrier+1","Whirlwind","Limit Break+1","Bloodletting","Ghostly Armor","Inflame","Flex","Inflame","Double Tap+1","Heavy Blade","Heavy Blade+1","Headbutt","Shockwave","Limit Break+1","Headbutt+1","Reaper","Pommel Strike","Dual Wield","Double Tap","Exhume","Warcry+1","Flame Barrier","Limit Break"],"relics":["Burning Blood","FossilizedHelix","Meat on the Bone","Singing Bowl","Dream Catcher","Champion Belt","Cursed Key","Frozen Egg 2","Omamori","Potion Belt","Calipers","Fusion Hammer","Pantograph","Red Mask","Ancient Tea Set","Ice Cream"],"potions_floor_usage":[8,16,21,25,28,28,33,33,33,42,50,50,50,54,55,55],"damage_taken":[{"damage":2,"enemies":"Small Slimes","floor":1,"turns":3},{"damage":0,"enemies":"2 Louse","floor":5,"turns":2},{"damage":19,"enemies":"3 Sentries","floor":6,"turns":7},{"damage":37,"enemies":"Lagavulin","floor":8,"turns":9},{"damage":0,"enemies":"Cultist","floor":10,"turns":5},{"damage":0,"enemies":"Red Slaver","floor":11,"turns":4},{"damage":0,"enemies":"Large Slime","floor":12,"turns":4},{"damage":18,"enemies":"Gremlin Nob","floor":13,"turns":5},{"damage":54,"enemies":"The Guardian","floor":16,"turns":11},{"damage":27,"enemies":"2 Thieves","floor":18,"turns":4},{"damage":34,"enemies":"3 Byrds","floor":20,"turns":3},{"damage":16,"enemies":"Centurion and Healer","floor":21,"turns":4},{"damage":36,"enemies":"Slavers","floor":24,"turns":6},{"damage":15,"enemies":"Snecko","floor":25,"turns":4},{"damage":12,"enemies":"Gremlin Leader","floor":28,"turns":5},{"damage":43,"enemies":"Book of Stabbing","floor":30,"turns":5},{"damage":14,"enemies":"Shelled Parasite and Fungi","floor":31,"turns":4},{"damage":29,"enemies":"Collector","floor":33,"turns":8},{"damage":0,"enemies":"Orb Walker","floor":35,"turns":3},{"damage":17,"enemies":"3 Darklings","floor":37,"turns":8},{"damage":55,"enemies":"Spire Growth","floor":39,"turns":6},{"damage":28,"enemies":"Nemesis","floor":40,"turns":5},{"damage":19,"enemies":"Transient","floor":41,"turns":5},{"damage":25,"enemies":"4 Shapes","floor":42,"turns":5},{"damage":33,"enemies":"Spire Growth","floor":44,"turns":5},{"damage":43,"enemies":"Jaw Worm Horde","floor":46,"turns":3},{"damage":40,"enemies":"Writhing Mass","floor":47,"turns":5},{"damage":110,"enemies":"Donu and Deca","floor":50,"turns":7},{"damage":62,"enemies":"Shield and Spear","floor":54,"turns":6},{"damage":161,"enemies":"The Heart","floor":55,"turns":9}],"seed_played":"-7802203985524484704","potions_obtained":[{"floor":1,"key":"Regen Potion"},{"floor":11,"key":"LiquidBronze"},{"floor":13,"key":"GamblersBrew"},{"floor":16,"key":"AttackPotion"},{"floor":21,"key":"Explosive Potion"},{"floor":24,"key":"BloodPotion"},{"floor":28,"key":"PowerPotion"},{"floor":30,"key":"EssenceOfSteel"},{"floor":31,"key":"Ancient Potion"},{"floor":37,"key":"Explosive Potion"},{"floor":40,"key":"Ancient Potion"},{"floor":41,"key":"Explosive Potion"},{"floor":46,"key":"Swift Potion"},{"floor":47,"key":"Poison Potion"}],"is_trial":false,"path_per_floor":["M","?","?","?","M","E","R","E","T","M","M","M","E","$","R","B",null,"M","$","M","M","$","R","E","M","T","R","E","?","E","M","R","B",null,"M","$","M","?","M","E","M","M","T","M","R","M","M","$","R","B",null,"R","$","E","B"],"character_chosen":"IRONCLAD","items_purchased":["Inflame","Pantograph","Dual Wield","Strength Potion","Swift Potion","Dexterity Potion"],"campfire_rested":4,"item_purchase_floors":[14,36,36,36,53,53],"current_hp_per_floor":[60,80,80,80,80,67,67,51,51,57,63,71,59,59,59,23,82,61,61,45,47,47,71,53,54,54,54,62,62,39,43,43,32,88,88,88,90,90,55,57,70,77,77,68,96,61,41,41,73,46,102,102,102,102,0],"gold":52,"neow_bonus":"ONE_RARE_RELIC","is_prod":false,"is_daily":false,"chose_seed":false,"campfire_upgraded":3,"win_rate":0,"timestamp":1544810521,"path_taken":["M","?","?","?","M","E","R","E","T","M","M","?","E","$","R","BOSS","M","$","M","M","$","R","E","M","T","R","E","?","E","M","R","BOSS","M","$","M","?","M","E","M","M","T","M","R","M","M","$","R","BOSS","R","$","E","BOSS"],"build_version":"2018-12-13","purchased_purges":2,"victory":false,"max_hp_per_floor":[80,80,80,80,80,80,80,80,80,80,80,82,82,82,82,82,82,82,82,82,82,82,82,82,84,84,84,86,86,88,88,88,88,88,88,88,90,90,92,92,94,96,96,96,96,98,100,100,102,102,102,102,102,102,102],"card_choices":[{"not_picked":["Carnage","Sever Soul"],"picked":"Heavy Blade","floor":1},{"not_picked":["Sentinel","Combust"],"picked":"Whirlwind","floor":5},{"not_picked":["Blood for Blood","Anger"],"picked":"Limit Break","floor":6},{"not_picked":["Power Through","Thunderclap"],"picked":"Bloodletting","floor":8},{"not_picked":["Clothesline","Cleave"],"picked":"Ghostly Armor","floor":10},{"not_picked":["Rampage","Body Slam"],"picked":"Inflame","floor":11},{"not_picked":["Armaments","Wild Strike","Shrug It Off"],"picked":"Singing Bowl","floor":12},{"not_picked":["Fire Breathing","Berserk"],"picked":"Flex","floor":13},{"not_picked":["Immolate","Barricade"],"picked":"Double Tap","floor":16},{"not_picked":["Clash","Blood for Blood+1"],"picked":"Heavy Blade","floor":18},{"not_picked":["Thunderclap","Anger"],"picked":"Heavy Blade+1","floor":20},{"not_picked":["Corruption","Sword Boomerang"],"picked":"Headbutt","floor":21},{"not_picked":["Clothesline","Carnage"],"picked":"Shockwave","floor":23},{"not_picked":["Twin Strike","Anger"],"picked":"Limit Break","floor":24},{"not_picked":["Body Slam","Cleave","Iron Wave+1"],"picked":"Singing Bowl","floor":25},{"not_picked":["Heavy Blade","Carnage","Evolve+1"],"picked":"Singing Bowl","floor":28},{"not_picked":["Flex","Hemokinesis+1","Rampage+1"],"picked":"Singing Bowl","floor":30},{"not_picked":["Intimidate","Twin Strike"],"picked":"Headbutt+1","floor":31},{"not_picked":["Feed","Bludgeon"],"picked":"Reaper","floor":33},{"not_picked":["Cleave+1","Rage"],"picked":"Pommel Strike","floor":35},{"not_picked":["Intimidate","Thunderclap","Rupture+1"],"picked":"Singing Bowl","floor":37},{"not_picked":["Burning Pact","True Grit+1","Clothesline"],"picked":"Singing Bowl","floor":39},{"not_picked":["Rupture+1","Evolve+1"],"picked":"Double Tap","floor":40},{"not_picked":["Armaments+1","Intimidate+1","Second Wind+1"],"picked":"Singing Bowl","floor":41},{"not_picked":["Cleave","Armaments","Carnage"],"picked":"Singing Bowl","floor":42},{"not_picked":["Clash+1","Cleave"],"picked":"Exhume","floor":44},{"not_picked":["Shrug It Off","Thunderclap+1"],"picked":"Warcry+1","floor":45},{"not_picked":["Burning Pact+1","Rupture+1","Flame Barrier"],"picked":"Singing Bowl","floor":46},{"not_picked":["Shrug It Off+1","Sword Boomerang+1","Fire Breathing+1"],"picked":"Singing Bowl","floor":47},{"not_picked":["Clothesline+1","Heavy Blade","Body Slam+1"],"picked":"Singing Bowl","floor":49},{"not_picked":["Anger","Iron Wave"],"picked":"Flame Barrier","floor":52},{"not_picked":["Dropkick","Sword Boomerang+1"],"picked":"Limit Break","floor":54}],"player_experience":315840,"relics_obtained":[{"floor":6,"key":"Meat on the Bone"},{"floor":8,"key":"Singing Bowl"},{"floor":9,"key":"Dream Catcher"},{"floor":13,"key":"Champion Belt"},{"floor":24,"key":"Frozen Egg 2"},{"floor":26,"key":"Omamori"},{"floor":28,"key":"Potion Belt"},{"floor":30,"key":"Calipers"},{"floor":40,"key":"Ancient Tea Set"},{"floor":54,"key":"Ice Cream"}],"event_choices":[{"damage_healed":20,"gold_gain":0,"player_choice":"Healed","damage_taken":0,"max_hp_gain":0,"max_hp_loss":0,"event_name":"The Cleric","floor":2,"gold_loss":35},{"damage_healed":0,"gold_gain":0,"cards_transformed":["Strike_R"],"player_choice":"Change","damage_taken":0,"max_hp_gain":0,"max_hp_loss":0,"event_name":"Living Wall","floor":3,"gold_loss":0,"cards_obtained":["Flame Barrier"]},{"damage_healed":0,"gold_gain":0,"player_choice":"Upgraded","damage_taken":0,"max_hp_gain":0,"max_hp_loss":0,"event_name":"Upgrade Shrine","floor":4,"gold_loss":0,"cards_upgraded":["Flame Barrier"]},{"damage_healed":0,"gold_gain":0,"player_choice":"Ignored","damage_taken":0,"max_hp_gain":0,"max_hp_loss":0,"event_name":"Ghosts","floor":29,"gold_loss":0},{"damage_healed":0,"gold_gain":0,"player_choice":"Paid","damage_taken":0,"relics_obtained":["Red Mask"],"max_hp_gain":0,"max_hp_loss":0,"event_name":"Tomb of Lord Red Mask","floor":38,"gold_loss":61}],"is_beta":false,"boss_relics":[{"not_picked":["Tiny House","Snecko Eye"],"picked":"Cursed Key"},{"not_picked":["Busted Crown","Runic Pyramid"],"picked":"Fusion Hammer"}],"items_purged_floors":[22,36],"is_endless":false,"potions_floor_spawned":[1,11,13,16,21,24,28,30,31,37,40,41,46,47],"killed_by":"The Heart","ascension_level":4}