{"gold_per_floor":[109,124,134,134,134,159,173,21,21,296,307,307,262],"floor_reached":13,"playtime":678,"items_purged":["Defend_B"],"score":115,"play_id":"3cce9cf1-f825-4abf-afc4-f9427a39589a","local_time":"20190421212718","is_ascension_mode":true,"campfire_choices":[{"floor":12,"key":"REST"}],"neow_cost":"NONE","seed_source_timestamp":733862035821685,"circlet_count":0,"master_deck":["Strike_B","Strike_B","Strike_B","Defend_B","Defend_B","Defend_B","Zap","Dualcast","Panacea","Coolheaded","Consume","Capacitor","Aggregate","Cold Snap","Gash","BootSequence","Regret","Loop"],"special_seed":0,"relics":["Cracked Core","Strawberry","Singing Bowl","Happy Flower"],"potions_floor_usage":[6],"damage_taken":[{"damage":6.0,"enemies":"Cultist","floor":1.0,"turns":4.0},{"damage":0.0,"enemies":"2 Louse","floor":2.0,"turns":3.0},{"damage":6.0,"enemies":"Small Slimes","floor":3.0,"turns":4.0},{"damage":37,"enemies":"3 Sentries","floor":6,"turns":11},{"damage":2,"enemies":"Exordium Wildlife","floor":7,"turns":6},{"damage":15,"enemies":"Looter","floor":11,"turns":5},{"damage":30,"enemies":"Exordium Thugs","floor":13,"turns":3}],"seed_played":"-4986513934486937679","potions_obtained":[{"floor":1.0,"key":"GamblersBrew"},{"floor":11,"key":"Regen Potion"}],"is_trial":false,"path_per_floor":["M","M","M","?","?","E","M","$","T","?","M","R","M"],"character_chosen":"DEFECT","items_purchased":["BootSequence"],"campfire_rested":1,"item_purchase_floors":[8],"current_hp_per_floor":[62,62,56,56,56,19,17,17,17,17,2,26,0],"gold":262,"neow_bonus":"RANDOM_COLORLESS","is_prod":false,"is_daily":false,"chose_seed":false,"campfire_upgraded":0,"win_rate":0,"timestamp":1555874838,"path_taken":["M","?","M","?","?","E","M","$","T","?","M","R","M"],"build_version":"2019-01-23","purchased_purges":1,"victory":false,"max_hp_per_floor":[75,75,75,75,82,82,82,82,82,82,82,82,82],"card_choices":[{"not_picked":["Recycle","Conserve Battery"],"picked":"Coolheaded","floor":1.0},{"not_picked":["BootSequence","Glacier"],"picked":"Consume","floor":2.0},{"not_picked":["FTL","Compile Driver"],"picked":"Capacitor","floor":3.0},{"not_picked":["Turbo","Static Discharge"],"picked":"Cold Snap","floor":6},{"not_picked":["Ball Lightning","Barrage"],"picked":"Gash","floor":7},{"not_picked":["Reprogram","Rebound"],"picked":"Loop","floor":11}],"player_experience":302187,"relics_obtained":[{"floor":6,"key":"Singing Bowl"},{"floor":9,"key":"Happy Flower"}],"event_choices":[{"damage_healed":0,"gold_gain":0,"cards_transformed":["Strike_B"],"player_choice":"Change","damage_taken":0,"max_hp_gain":0,"max_hp_loss":0,"event_name":"Living Wall","floor":4,"gold_loss":0,"cards_obtained":["Aggregate"]},{"damage_healed":0,"gold_gain":0,"player_choice":"Success","damage_taken":7,"relics_obtained":["Strawberry"],"max_hp_gain":0,"max_hp_loss":0,"event_name":"Scrap Ooze","floor":5,"gold_loss":0},{"damage_healed":0,"gold_gain":275,"player_choice":"Desecrate","damage_taken":0,"max_hp_gain":0,"max_hp_loss":0,"event_name":"Golden Shrine","floor":10,"gold_loss":0,"cards_obtained":["Regret"]}],"is_beta":false,"boss_relics":[],"items_purged_floors":[8],"is_endless":false,"potions_floor_spawned":[1,11],"killed_by":"Exordium Thugs","ascension_level":7}