{"gold_per_floor":[369,319,53,53,53,82,82,97,97,110,10,10,10,17,17,17],"floor_reached":16,"playtime":788,"items_purged":["Defend_R","Strike_R"],"score":118,"play_id":"71baad3e-489a-4d8c-85f0-22411634bc67","local_time":"20190328192524","is_ascension_mode":true,"campfire_choices":[{"floor":7,"key":"REST"},{"data":"Iron Wave","floor":13,"key":"SMITH"},{"data":"Bash","floor":15,"key":"SMITH"}],"neow_cost":"PERCENT_DAMAGE","seed_source_timestamp":1549815192248832,"circlet_count":0,"master_deck":["Strike_R","Strike_R","Strike_R","Defend_R","Defend_R+1","Defend_R+1","Bash+1","Flex","Iron Wave+1"],"relics":["Burning Blood","Medical Kit","Regal Pillow","Singing Bowl"],"potions_floor_usage":[6,10,16],"damage_taken":[{"damage":5,"enemies":"Small Slimes","floor":1,"turns":4},{"damage":43,"enemies":"3 Sentries","floor":6,"turns":13},{"damage":7,"enemies":"2 Louse","floor":8,"turns":3},{"damage":0,"enemies":"Jaw Worm","floor":10,"turns":3},{"damage":4,"enemies":"Exordium Thugs","floor":14,"turns":4},{"damage":64,"enemies":"Hexaghost","floor":16,"turns":11}],"seed_played":"-2568333394936481448","potions_obtained":[{"floor":1,"key":"SpeedPotion"},{"floor":6,"key":"EssenceOfSteel"},{"floor":10,"key":"Fruit Juice"}],"is_trial":false,"path_per_floor":["M","?","$","?","?","E","R","M","T","M","$","$","R","M","R","B"],"character_chosen":"IRONCLAD","items_purchased":["Medical Kit"],"campfire_rested":1,"item_purchase_floors":[3],"current_hp_per_floor":[57,57,57,62,45,8,48,47,47,60,60,60,60,64,64,0],"gold":17,"neow_bonus":"TWO_FIFTY_GOLD","is_prod":false,"is_daily":false,"chose_seed":false,"campfire_upgraded":2,"win_rate":0,"timestamp":1553797524,"path_taken":["M","?","$","?","?","E","R","M","T","M","?","$","R","M","R","BOSS"],"build_version":"2019-01-23","purchased_purges":2,"victory":false,"max_hp_per_floor":[80,80,80,85,85,85,85,85,85,92,92,92,92,94,94,94],"card_choices":[{"not_picked":["Power Through","Metallicize"],"picked":"Flex","floor":1},{"not_picked":["Carnage","Anger","Havoc"],"picked":"SKIP","floor":6},{"not_picked":["Pummel","Shrug It Off"],"picked":"Iron Wave","floor":8},{"not_picked":["Heavy Blade","Warcry","Uppercut"],"picked":"Singing Bowl","floor":10},{"not_picked":["Flex","Shrug It Off","Sword Boomerang"],"picked":"Singing Bowl","floor":14}],"player_experience":139542,"relics_obtained":[{"floor":6,"key":"Regal Pillow"},{"floor":9,"key":"Singing Bowl"}],"event_choices":[{"cards_removed":["Strike_R"],"damage_healed":0,"gold_gain":0,"player_choice":"Card Removal","damage_taken":0,"max_hp_gain":0,"max_hp_loss":0,"event_name":"The Cleric","floor":2,"gold_loss":50},{"damage_healed":0,"gold_gain":0,"player_choice":"Donut","damage_taken":0,"max_hp_gain":5,"max_hp_loss":0,"event_name":"Big Fish","floor":4,"gold_loss":0},{"damage_healed":0,"gold_gain":0,"player_choice":"Entered Light","damage_taken":17,"max_hp_gain":0,"max_hp_loss":0,"event_name":"Shining Light","floor":5,"gold_loss":0,"cards_upgraded":["Defend_R","Defend_R"]}],"is_beta":false,"boss_relics":[],"items_purged_floors":[3,11],"is_endless":false,"potions_floor_spawned":[1,6,10],"killed_by":"Hexaghost","ascension_level":4}