{"gold_per_floor":[116,116,16,41,41,82,82,123,135,166,211,223,235,271,283,415,427,452,187,212,225,245,283,283,324,324,324,324,347,13,29,29,152,152,173,193,214,2,2,38,62,87,87,87,87,126,126,164,164,164,164,164,36,75,75],"floor_reached":55,"playtime":5664,"items_purged":["Writhe","Parasite","Parasite"],"score":1003,"play_id":"79e1c07a-eec6-4acf-ae30-d54e8ccaee73","local_time":"20190220184936","is_ascension_mode":true,"campfire_choices":[{"floor":7,"key":"REST"},{"data":"Hologram","floor":12,"key":"SMITH"},{"data":"Streamline","floor":15,"key":"SMITH"},{"data":"Defragment","floor":24,"key":"SMITH"},{"data":"Beam Cell","floor":27,"key":"SMITH"},{"data":"Creative AI","floor":32,"key":"SMITH"},{"data":"Conserve Battery","floor":45,"key":"SMITH"},{"data":"Leap","floor":47,"key":"SMITH"},{"floor":49,"key":"RECALL"},{"data":"Chill","floor":52,"key":"SMITH"}],"neow_cost":"NONE","seed_source_timestamp":362161516026603,"circlet_count":0,"master_deck":["Strike_B","Strike_B","Defend_B+1","Zap","Dualcast","Genetic Algorithm+1","Melter+1","Melter+1","Self Repair","Beam Cell+1","Streamline+1","Leap+1","Hologram+1","Chill+1","Beam Cell","Glacier+1","Self Repair","Gash","Conserve Battery+1","Go for the Eyes+1","Defragment+1","Chill+1","Creative AI+1","Doom and Gloom+1","Electrodynamics","Conserve Battery+1","Fusion+1","Barrage+1"],"relics":["Astrolabe","Golden Idol","Cables","MawBank","Oddly Smooth Stone","Dream Catcher","Calling Bell","Pear","StoneCalendar","Art of War","Sling","Bag of Preparation","Mercury Hourglass","Molten Egg 2","Membership Card","War Paint","Busted Crown","Turnip","Ice Cream","Blood Vial","Happy Flower","Runic Capacitor","Bird Faced Urn"],"potions_floor_usage":[18,23,23,40,55,55,55],"damage_taken":[{"damage":1,"enemies":"Cultist","floor":1,"turns":3},{"damage":0,"enemies":"Small Slimes","floor":4,"turns":2},{"damage":36,"enemies":"3 Sentries","floor":6,"turns":7},{"damage":24,"enemies":"Lagavulin","floor":8,"turns":4},{"damage":0,"enemies":"2 Louse","floor":10,"turns":3},{"damage":0,"enemies":"3 Sentries","floor":11,"turns":7},{"damage":0,"enemies":"Exordium Thugs","floor":14,"turns":3},{"damage":28,"enemies":"Hexaghost","floor":16,"turns":10},{"damage":0,"enemies":"2 Thieves","floor":18,"turns":4},{"damage":0,"enemies":"Spheric Guardian","floor":20,"turns":1},{"damage":19,"enemies":"Shelled Parasite and Fungi","floor":21,"turns":6},{"damage":29,"enemies":"Snake Plant","floor":22,"turns":7},{"damage":20,"enemies":"Slavers","floor":23,"turns":7},{"damage":2,"enemies":"Book of Stabbing","floor":25,"turns":7},{"damage":0,"enemies":"Chosen and Byrds","floor":29,"turns":7},{"damage":0,"enemies":"Centurion and Healer","floor":31,"turns":6},{"damage":77,"enemies":"Automaton","floor":33,"turns":11},{"damage":14,"enemies":"Orb Walker","floor":35,"turns":3},{"damage":19,"enemies":"3 Darklings","floor":36,"turns":5},{"damage":2,"enemies":"4 Shapes","floor":37,"turns":3},{"damage":58,"enemies":"Nemesis","floor":40,"turns":7},{"damage":0,"enemies":"Spire Growth","floor":41,"turns":5},{"damage":0,"enemies":"3 Darklings","floor":42,"turns":5},{"damage":7,"enemies":"Reptomancer","floor":46,"turns":7},{"damage":0,"enemies":"Nemesis","floor":48,"turns":7},{"damage":18,"enemies":"Time Eater","floor":50,"turns":10},{"damage":31,"enemies":"Shield and Spear","floor":54,"turns":8},{"damage":82,"enemies":"The Heart","floor":55,"turns":5}],"seed_played":"-535576849705556739","potions_obtained":[{"floor":4,"key":"LiquidBronze"},{"floor":10,"key":"Fire Potion"},{"floor":14,"key":"Dexterity Potion"},{"floor":21,"key":"PowerPotion"},{"floor":25,"key":"Block Potion"},{"floor":31,"key":"LiquidBronze"},{"floor":40,"key":"Weak Potion"}],"is_trial":false,"path_per_floor":["M","?","$","M","?","E","R","E","T","M","E","R","?","M","R","B",null,"M","$","M","M","M","E","R","E","T","R","?","M","$","M","R","B",null,"M","M","M","$","?","E","M","M","T","$","R","E","R","E","R","B",null,"R","$","E","B"],"character_chosen":"DEFECT","items_purchased":["Beam Cell","Streamline","Sling","Membership Card","War Paint","Turnip","Runic Capacitor","Barrage+1"],"campfire_rested":1,"item_purchase_floors":[3,3,19,30,30,38,53,53],"current_hp_per_floor":[74,56,56,56,56,27,49,32,32,39,46,46,46,53,53,32,85,85,85,85,73,58,52,52,64,64,64,64,78,78,82,82,19,82,75,70,75,75,75,31,45,59,59,59,59,66,66,79,79,75,79,79,79,62,0],"gold":75,"neow_bonus":"BOSS_RELIC","is_prod":false,"is_daily":false,"chose_seed":false,"campfire_upgraded":8,"win_rate":0,"timestamp":1550684976,"path_taken":["M","?","$","M","?","E","R","E","T","M","E","R","?","M","R","BOSS","M","$","M","M","M","E","R","E","T","R","?","M","$","M","R","BOSS","M","M","M","$","?","E","M","M","T","$","R","E","R","E","R","BOSS","R","$","E","BOSS"],"build_version":"2019-01-23","purchased_purges":3,"victory":false,"max_hp_per_floor":[75,75,75,75,75,75,75,75,75,75,75,75,75,75,75,75,85,85,85,85,85,85,85,85,85,85,85,85,85,82,82,82,82,82,82,82,82,79,79,79,79,79,79,79,79,79,79,79,79,79,79,79,79,79,79],"card_choices":[{"not_picked":["Ball Lightning","Double Energy"],"picked":"Self Repair","floor":1},{"not_picked":["Stack","Turbo"],"picked":"Leap","floor":4},{"not_picked":["Redo","Recycle"],"picked":"Hologram","floor":6},{"not_picked":["Sunder","Reprogram"],"picked":"Chill","floor":8},{"not_picked":["Beam Cell","Capacitor","Rebound"],"picked":"SKIP","floor":10},{"not_picked":["Steam","Redo","Beam Cell"],"picked":"SKIP","floor":11},{"not_picked":["Cold Snap","Beam Cell"],"picked":"Glacier","floor":14},{"not_picked":["Sweeping Beam","Auto Shields"],"picked":"Self Repair","floor":18},{"not_picked":["Beam Cell+1","Stack"],"picked":"Gash","floor":20},{"not_picked":["Reprogram","Cold Snap"],"picked":"Conserve Battery","floor":21},{"not_picked":["Rip and Tear+1","Force Field"],"picked":"Go for the Eyes+1","floor":22},{"not_picked":["Leap+1","Rebound"],"picked":"Defragment","floor":23},{"not_picked":["Stack","Lockon"],"picked":"Chill+1","floor":25},{"not_picked":["Coolheaded","Compile Driver+1"],"picked":"Doom and Gloom+1","floor":29},{"not_picked":["Beam Cell+1","Hologram","Turbo"],"picked":"SKIP","floor":31},{"not_picked":["Creative AI","Seek"],"picked":"Electrodynamics","floor":33},{"not_picked":["Go for the Eyes+1"],"picked":"SKIP","floor":35},{"not_picked":["Ball Lightning+1"],"picked":"SKIP","floor":36},{"not_picked":["Beam Cell+1"],"picked":"SKIP","floor":37},{"not_picked":["Tempest"],"picked":"SKIP","floor":40},{"not_picked":[],"picked":"Conserve Battery+1","floor":41},{"not_picked":["Redo"],"picked":"SKIP","floor":42},{"not_picked":["Scrape+1"],"picked":"SKIP","floor":46},{"not_picked":[],"picked":"Fusion+1","floor":48},{"not_picked":["Beam Cell+1"],"picked":"SKIP","floor":54}],"player_experience":195862,"relics_obtained":[{"floor":6,"key":"Cables"},{"floor":8,"key":"MawBank"},{"floor":9,"key":"Oddly Smooth Stone"},{"floor":11,"key":"Dream Catcher"},{"floor":17,"key":"Pear"},{"floor":17,"key":"StoneCalendar"},{"floor":17,"key":"Art of War"},{"floor":23,"key":"Bag of Preparation"},{"floor":25,"key":"Mercury Hourglass"},{"floor":26,"key":"Molten Egg 2"},{"floor":40,"key":"Ice Cream"},{"floor":46,"key":"Blood Vial"},{"floor":48,"key":"Happy Flower"},{"floor":54,"key":"Bird Faced Urn"}],"event_choices":[{"damage_healed":0,"gold_gain":0,"player_choice":"Take Damage","damage_taken":18,"relics_obtained":["Golden Idol"],"max_hp_gain":0,"max_hp_loss":0,"event_name":"Golden Idol","floor":2,"gold_loss":0},{"damage_healed":0,"gold_gain":0,"player_choice":"Ignored","damage_taken":0,"max_hp_gain":0,"max_hp_loss":0,"event_name":"Liars Game","floor":5,"gold_loss":0},{"damage_healed":0,"gold_gain":0,"cards_transformed":["Strike_B"],"player_choice":"Transformed","damage_taken":0,"max_hp_gain":0,"max_hp_loss":0,"event_name":"Transmorgrifier","floor":13,"gold_loss":0,"cards_obtained":["Beam Cell"]},{"damage_healed":0,"gold_gain":0,"player_choice":"Read","damage_taken":0,"max_hp_gain":0,"max_hp_loss":0,"event_name":"The Library","floor":28,"gold_loss":0,"cards_obtained":["Creative AI"]},{"cards_removed":["Defend_B"],"damage_healed":0,"gold_gain":0,"player_choice":"Offered Basic","damage_taken":0,"max_hp_gain":0,"max_hp_loss":0,"event_name":"Bonfire Elementals","floor":39,"gold_loss":0}],"is_beta":false,"boss_relics":[{"not_picked":["Lizard Tail","Sozu"],"picked":"Calling Bell"},{"not_picked":["Eternal Feather","Snecko Eye"],"picked":"Busted Crown"}],"items_purged_floors":[19,30,38],"is_endless":false,"potions_floor_spawned":[4,10,14,21,22,25,31,33,36,40,41],"killed_by":"The Heart","ascension_level":4}