{"gold_per_floor":[117,117,133,148,168,195,213,213,213,228,228],"floor_reached":11,"playtime":648,"items_purged":[],"score":77,"play_id":"53e4fef7-bf21-47c7-8dfa-48301236a442","local_time":"20190428204515","is_ascension_mode":false,"campfire_choices":[{"data":"Tempest","floor":8,"key":"SMITH"}],"neow_cost":"NONE","seed_source_timestamp":773215189190287,"circlet_count":0,"master_deck":["Strike_B","Strike_B","Strike_B","Strike_B","Defend_B","Defend_B","Defend_B","Defend_B","Zap","Dualcast","Panacea","Coolheaded","Barrage","Tempest+1","Chaos","Double Energy","Compile Driver+1"],"relics":["Cracked Core","Dodecahedron","Molten Egg 2"],"potions_floor_usage":[],"damage_taken":[{"damage":7,"enemies":"Jaw Worm","floor":1,"turns":4},{"damage":0,"enemies":"Cultist","floor":3,"turns":4},{"damage":7,"enemies":"2 Louse","floor":4,"turns":4},{"damage":11,"enemies":"2 Fungi Beasts","floor":5,"turns":4},{"damage":25,"enemies":"Gremlin Nob","floor":6,"turns":4},{"damage":12,"enemies":"Gremlin Gang","floor":7,"turns":5},{"damage":8,"enemies":"Large Slime","floor":10,"turns":4},{"damage":10,"enemies":"Exordium Thugs","floor":11,"turns":2}],"seed_played":"-8215738548648767199","potions_obtained":[{"floor":3,"key":"Weak Potion"},{"floor":5,"key":"GamblersBrew"},{"floor":10,"key":"AttackPotion"}],"is_trial":false,"path_per_floor":["M","?","M","M","M","E","M","R","T","M","M"],"character_chosen":"DEFECT","items_purchased":[],"campfire_rested":0,"item_purchase_floors":[],"current_hp_per_floor":[68,68,68,61,50,25,13,13,13,5,0],"gold":228,"neow_bonus":"RANDOM_COLORLESS","is_prod":false,"is_daily":false,"chose_seed":false,"campfire_upgraded":1,"win_rate":0,"timestamp":1556477115,"path_taken":["M","?","M","?","M","E","?","R","T","M","?"],"build_version":"2019-01-23","purchased_purges":0,"victory":false,"max_hp_per_floor":[75,75,75,75,75,75,75,75,75,75,75],"card_choices":[{"not_picked":["Heatsinks","Compile Driver"],"picked":"Coolheaded","floor":1},{"not_picked":["Rebound","Hologram"],"picked":"Barrage","floor":3},{"not_picked":["Sunder","Turbo"],"picked":"Tempest","floor":4},{"not_picked":["Turbo","Meteor Strike"],"picked":"Chaos","floor":5},{"not_picked":["Go for the Eyes","Scrape"],"picked":"Double Energy","floor":6},{"not_picked":["Coolheaded","Undo","Aggregate"],"picked":"SKIP","floor":7},{"not_picked":["Gash+1","Auto Shields"],"picked":"Compile Driver+1","floor":10}],"player_experience":194263,"relics_obtained":[{"floor":6,"key":"Dodecahedron"},{"floor":9,"key":"Molten Egg 2"}],"event_choices":[{"damage_healed":0,"gold_gain":0,"player_choice":"Bought 0 Potions","damage_taken":0,"max_hp_gain":0,"max_hp_loss":0,"event_name":"The Woman in Blue","floor":2,"gold_loss":0}],"is_beta":false,"boss_relics":[],"items_purged_floors":[],"is_endless":false,"potions_floor_spawned":[3,5,10],"killed_by":"Exordium Thugs","ascension_level":0}