{"gold_per_floor":[361,380,18,68,79,113,113,138,138,164,178,192,192,212,212,287,287,307,147,165,165,179,205,223,81,81,113,113,147,173,173,173,252,252,267,277,257,273,273,273,298,311,387,413,413,136,147,159,159,159,159,159,159,39,72,72],"floor_reached":57,"playtime":3358,"items_purged":["Strike_R","Strike_R","Writhe","Strike_R"],"score":3034,"play_id":"f6eafeb8-c78e-4bdd-9aa5-b7172927abc8","local_time":"20190501134841","is_ascension_mode":true,"campfire_choices":[{"floor":7.0,"key":"REST"},{"data":"Armaments","floor":13.0,"key":"SMITH"},{"data":"Disarm","floor":15.0,"key":"SMITH"},{"data":"Shockwave","floor":28.0,"key":"SMITH"},{"data":"Rampage","floor":32.0,"key":"SMITH"},{"data":"Offering","floor":40.0,"key":"SMITH"},{"floor":45.0,"key":"RECALL"},{"data":"Battle Trance","floor":49.0,"key":"SMITH"},{"data":"Uppercut","floor":53.0,"key":"SMITH"}],"neow_cost":"TEN_PERCENT_HP_LOSS","seed_source_timestamp":932664873025793,"circlet_count":0,"master_deck":["AscendersBane","Strike_R","Strike_R","Defend_R","Defend_R","Defend_R","Defend_R","Bash","Armaments+1","Rampage+1","Battle Trance+1","Uppercut+1","Headbutt","Disarm+1","Headbutt","Metallicize","Shrug It Off","Fiend Fire+1","Entrench","Shockwave+1","Flame Barrier","Offering+1","Inflame","Entrench","Barricade","Corruption+1","Feel No Pain+1"],"special_seed":0,"relics":["Burning Blood","Bag of Preparation","Gremlin Horn","Unceasing Top","Charon\u0027s Ashes","Regal Pillow","Snecko Eye","Pear","PreservedInsect","Oddly Smooth Stone","Du-Vu Doll","Busted Crown","The Courier","Kunai","Nunchaku","ClockworkSouvenir","Blue Candle"],"potions_floor_usage":[56,56],"damage_taken":[{"damage":2.0,"enemies":"Cultist","floor":1.0,"turns":4.0},{"damage":13.0,"enemies":"Jaw Worm","floor":2.0,"turns":6.0},{"damage":1.0,"enemies":"Small Slimes","floor":5.0,"turns":3.0},{"damage":38.0,"enemies":"3 Sentries","floor":6.0,"turns":9.0},{"damage":29.0,"enemies":"Lagavulin","floor":8.0,"turns":8.0},{"damage":18.0,"enemies":"3 Sentries","floor":10.0,"turns":5.0},{"damage":0.0,"enemies":"Gremlin Gang","floor":11.0,"turns":3.0},{"damage":0.0,"enemies":"2 Fungi Beasts","floor":12.0,"turns":3.0},{"damage":7.0,"enemies":"Exordium Wildlife","floor":14.0,"turns":5.0},{"damage":11.0,"enemies":"The Guardian","floor":16.0,"turns":13.0},{"damage":0.0,"enemies":"Chosen","floor":18.0,"turns":2.0},{"damage":0.0,"enemies":"3 Byrds","floor":20.0,"turns":3.0},{"damage":0.0,"enemies":"Snake Plant","floor":22.0,"turns":1.0},{"damage":0.0,"enemies":"Gremlin Leader","floor":23.0,"turns":3.0},{"damage":0.0,"enemies":"3 Cultists","floor":24.0,"turns":3.0},{"damage":6.0,"enemies":"Book of Stabbing","floor":27.0,"turns":2.0},{"damage":2.0,"enemies":"Slavers","floor":29.0,"turns":2.0},{"damage":36.0,"enemies":"Champ","floor":33.0,"turns":9.0},{"damage":6.0,"enemies":"3 Shapes","floor":35.0,"turns":4.0},{"damage":24.0,"enemies":"3 Darklings","floor":36.0,"turns":8.0},{"damage":9.0,"enemies":"Transient","floor":38.0,"turns":6.0},{"damage":0.0,"enemies":"Giant Head","floor":41.0,"turns":10.0},{"damage":28.0,"enemies":"Jaw Worm Horde","floor":42.0,"turns":3.0},{"damage":0.0,"enemies":"Nemesis","floor":44.0,"turns":1.0},{"damage":0.0,"enemies":"Spire Growth","floor":47.0,"turns":3.0},{"damage":0.0,"enemies":"3 Darklings","floor":48.0,"turns":3.0},{"damage":0.0,"enemies":"Time Eater","floor":50.0,"turns":14.0},{"damage":10.0,"enemies":"Awakened One","floor":51.0,"turns":23.0},{"damage":17.0,"enemies":"Shield and Spear","floor":55.0,"turns":7.0},{"damage":48,"enemies":"The Heart","floor":56,"turns":17}],"seed_played":"3069144451493650101","potions_obtained":[{"floor":1.0,"key":"EssenceOfSteel"},{"floor":2.0,"key":"PowerPotion"},{"floor":6.0,"key":"SkillPotion"},{"floor":10.0,"key":"BloodPotion"},{"floor":11.0,"key":"GamblersBrew"},{"floor":18.0,"key":"GamblersBrew"},{"floor":24.0,"key":"SteroidPotion"},{"floor":27.0,"key":"Block Potion"},{"floor":33.0,"key":"LiquidBronze"},{"floor":37.0,"key":"PowerPotion"},{"floor":44.0,"key":"SpeedPotion"}],"is_trial":false,"path_per_floor":["M","M","$","?","M","E","R","E","T","E","M","M","R","M","R","B",null,"M","$","M","?","M","E","M","$","T","E","R","E","T","?","R","B",null,"M","M","?","M","?","R","E","M","T","E","R","$","M","M","R","B","B",null,"R","$","E","B",null],"character_chosen":"IRONCLAD","items_purchased":["Bag of Preparation","Rampage","Battle Trance","Uppercut","Shockwave","Inflame","ClockworkSouvenir"],"campfire_rested":1,"item_purchase_floors":[3,3,3,3,19,25,46],"current_hp_per_floor":[68,61,61,61,66,34,54,31,31,19,25,31,31,30,30,25,57,63,63,68,68,68,78,78,78,78,78,78,78,78,78,78,48,71,71,53,53,50,66,66,72,50,50,56,56,56,62,68,68,74,70,76,76,76,65,23],"gold":72,"neow_bonus":"TWO_FIFTY_GOLD","is_prod":false,"is_daily":false,"chose_seed":false,"campfire_upgraded":7,"win_rate":0,"timestamp":1556729321,"path_taken":["M","M","$","?","M","E","R","E","T","E","M","M","R","M","R","BOSS","M","$","M","?","M","E","?","?","T","E","R","E","?","?","R","BOSS","M","M","?","?","?","R","E","M","T","E","R","$","M","M","R","BOSS","BOSS","R","$","E","BOSS"],"build_version":"2019-04-23","purchased_purges":4,"victory":true,"max_hp_per_floor":[68,68,68,68,68,68,68,68,68,68,68,68,68,68,68,68,68,68,68,68,68,68,78,78,78,78,78,78,78,78,78,78,78,78,78,78,78,78,78,78,78,78,78,78,78,78,78,78,78,78,78,78,78,78,78,78],"card_choices":[{"not_picked":["Corruption","Warcry","Sever Soul"],"picked":"SKIP","floor":1.0},{"not_picked":["Combust","Warcry"],"picked":"Armaments","floor":2.0},{"not_picked":["Flex","Armaments","Rampage"],"picked":"SKIP","floor":5.0},{"not_picked":["Pummel","Sword Boomerang"],"picked":"Headbutt","floor":6.0},{"not_picked":["Sword Boomerang","Twin Strike"],"picked":"Disarm","floor":8.0},{"not_picked":["Thunderclap","Juggernaut"],"picked":"Headbutt","floor":10.0},{"not_picked":["Armaments","Twin Strike","Body Slam"],"picked":"SKIP","floor":11.0},{"not_picked":["Fire Breathing","Ghostly Armor"],"picked":"Metallicize","floor":12.0},{"not_picked":["Clothesline","Anger"],"picked":"Shrug It Off","floor":14.0},{"not_picked":["Immolate","Feed"],"picked":"Fiend Fire","floor":16.0},{"not_picked":["Sever Soul","Cleave"],"picked":"Entrench","floor":18.0},{"not_picked":["Thunderclap","Armaments"],"picked":"Flame Barrier","floor":20.0},{"not_picked":["Twin Strike","Rupture","Ghostly Armor"],"picked":"SKIP","floor":22.0},{"not_picked":["Rage+1","Pommel Strike","Heavy Blade"],"picked":"SKIP","floor":23.0},{"not_picked":["Iron Wave","Warcry+1"],"picked":"Offering","floor":24.0},{"not_picked":["Reckless Charge","Headbutt","Battle Trance"],"picked":"SKIP","floor":27.0},{"not_picked":["Sever Soul","Infernal Blade+1","Warcry"],"picked":"SKIP","floor":29.0},{"not_picked":["Double Tap","Immolate"],"picked":"Barricade","floor":33.0},{"not_picked":["Thunderclap"],"picked":"SKIP","floor":35.0},{"not_picked":[],"picked":"Corruption+1","floor":36.0},{"not_picked":["Flex"],"picked":"SKIP","floor":38.0},{"not_picked":["Warcry"],"picked":"SKIP","floor":41.0},{"not_picked":[],"picked":"Feel No Pain+1","floor":42.0},{"not_picked":["Cleave"],"picked":"SKIP","floor":44.0},{"not_picked":["Clash"],"picked":"SKIP","floor":47.0},{"not_picked":["Clothesline"],"picked":"SKIP","floor":48.0},{"not_picked":["Flex"],"picked":"SKIP","floor":55.0}],"player_experience":1337686,"relics_obtained":[{"floor":6.0,"key":"Gremlin Horn"},{"floor":8.0,"key":"Unceasing Top"},{"floor":9.0,"key":"Charon\u0027s Ashes"},{"floor":10.0,"key":"Regal Pillow"},{"floor":23.0,"key":"Pear"},{"floor":26.0,"key":"PreservedInsect"},{"floor":27.0,"key":"Oddly Smooth Stone"},{"floor":29.0,"key":"Du-Vu Doll"},{"floor":41.0,"key":"The Courier"},{"floor":43.0,"key":"Kunai"},{"floor":44.0,"key":"Nunchaku"},{"floor":55.0,"key":"Blue Candle"}],"event_choices":[{"damage_healed":0.0,"max_hp_gain":0.0,"max_hp_loss":0.0,"gold_gain":50.0,"event_name":"Golden Shrine","player_choice":"Pray","floor":4.0,"gold_loss":0.0,"damage_taken":0.0},{"damage_healed":0.0,"max_hp_gain":0.0,"max_hp_loss":0.0,"gold_gain":0.0,"event_name":"Accursed Blacksmith","player_choice":"Forge","floor":21.0,"gold_loss":0.0,"damage_taken":0.0,"cards_upgraded":["Fiend Fire"]},{"damage_healed":0.0,"max_hp_gain":0.0,"max_hp_loss":0.0,"gold_gain":0.0,"event_name":"The Library","player_choice":"Read","floor":31.0,"gold_loss":0.0,"damage_taken":0.0,"cards_obtained":["Entrench"]},{"damage_healed":0.0,"max_hp_gain":0.0,"max_hp_loss":0.0,"gold_gain":0.0,"event_name":"The Woman in Blue","player_choice":"Bought 1 Potion","floor":37.0,"gold_loss":0.0,"damage_taken":0.0},{"damage_healed":16.0,"max_hp_gain":0.0,"max_hp_loss":0.0,"gold_gain":0.0,"event_name":"Winding Halls","player_choice":"Writhe","floor":39.0,"gold_loss":0.0,"damage_taken":0.0,"cards_obtained":["Writhe"]}],"is_beta":true,"boss_relics":[{"not_picked":["Runic Cube","Philosopher\u0027s Stone"],"picked":"Snecko Eye"},{"not_picked":["Lizard Tail","Calling Bell"],"picked":"Busted Crown"}],"items_purged_floors":[19,25,46,54],"is_endless":false,"potions_floor_spawned":[1,2,6,10,11,18,24,27,33,38,44,47,48],"ascension_level":20}