{"gold_per_floor":[119,119,44,61,61,88,88,120,145,157,188,206,219,184,184,184],"floor_reached":16,"playtime":681,"items_purged":["Parasite"],"score":144,"play_id":"a8101d72-6b14-4de6-aac0-7eee2f83dc78","local_time":"20190330163405","is_ascension_mode":true,"campfire_choices":[{"data":"Bludgeon","floor":7,"key":"SMITH"},{"data":"Infernal Blade","floor":15,"key":"SMITH"}],"neow_cost":"CURSE","seed_source_timestamp":1712446687494338,"circlet_count":0,"master_deck":["Strike_R","Strike_R","Strike_R+1","Strike_R","Strike_R","Defend_R","Defend_R","Defend_R","Defend_R+1","Bash","Searing Blow","Seeing Red","Writhe","Bludgeon+1","Infernal Blade+1","Seeing Red"],"relics":["Burning Blood","Dead Branch","Centennial Puzzle","Bottled Lightning","Red Skull","Paper Frog"],"potions_floor_usage":[11,16,16],"damage_taken":[{"damage":13,"enemies":"Jaw Worm","floor":1,"turns":5},{"damage":8,"enemies":"Small Slimes","floor":4,"turns":3},{"damage":22,"enemies":"Gremlin Nob","floor":6,"turns":4},{"damage":18,"enemies":"Lagavulin","floor":8,"turns":3},{"damage":0,"enemies":"Cultist","floor":10,"turns":2},{"damage":17,"enemies":"3 Sentries","floor":11,"turns":4},{"damage":0,"enemies":"Large Slime","floor":12,"turns":3},{"damage":11,"enemies":"Looter","floor":13,"turns":2},{"damage":25,"enemies":"The Guardian","floor":16,"turns":6}],"seed_played":"6839124533796627768","potions_obtained":[{"floor":6,"key":"Strength Potion"},{"floor":8,"key":"PowerPotion"},{"floor":11,"key":"GamblersBrew"}],"is_trial":false,"path_per_floor":["M","?","$","M","?","E","R","E","T","M","E","M","M","?","R","B"],"character_chosen":"IRONCLAD","items_purchased":[],"campfire_rested":0,"item_purchase_floors":[],"current_hp_per_floor":[73,57,57,55,55,39,39,27,27,33,22,28,23,23,23,0],"gold":184,"neow_bonus":"ONE_RARE_RELIC","is_prod":false,"is_daily":false,"chose_seed":false,"campfire_upgraded":2,"win_rate":0,"timestamp":1553960045,"path_taken":["M","?","$","M","?","E","R","E","T","M","E","?","M","?","R","BOSS"],"build_version":"2019-01-23","purchased_purges":1,"victory":false,"max_hp_per_floor":[80,80,77,77,77,77,77,77,77,77,77,77,77,77,77,77],"card_choices":[{"not_picked":["Warcry","Entrench"],"picked":"Searing Blow","floor":1},{"not_picked":["Body Slam","Flex"],"picked":"Seeing Red","floor":4},{"not_picked":["Wild Strike","Dropkick"],"picked":"Infernal Blade","floor":6},{"not_picked":["Shrug It Off","Whirlwind","Demon Form"],"picked":"SKIP","floor":8},{"not_picked":["True Grit","Havoc","Metallicize"],"picked":"SKIP","floor":10},{"not_picked":["Shrug It Off","Cleave","Heavy Blade"],"picked":"SKIP","floor":11},{"not_picked":["Body Slam","Cleave"],"picked":"Seeing Red","floor":12},{"not_picked":["Uppercut","Headbutt","Metallicize"],"picked":"SKIP","floor":13}],"player_experience":147271,"relics_obtained":[{"floor":6,"key":"Centennial Puzzle"},{"floor":8,"key":"Bottled Lightning"},{"floor":9,"key":"Red Skull"},{"floor":11,"key":"Paper Frog"}],"event_choices":[{"damage_healed":0,"gold_gain":0,"player_choice":"Entered Light","damage_taken":16,"max_hp_gain":0,"max_hp_loss":0,"event_name":"Shining Light","floor":2,"gold_loss":0,"cards_upgraded":["Strike_R","Defend_R"]},{"damage_healed":0,"gold_gain":0,"player_choice":"2 cards matched","damage_taken":0,"max_hp_gain":0,"max_hp_loss":0,"event_name":"Match and Keep!","floor":5,"gold_loss":0,"cards_obtained":["Writhe","Bludgeon"]},{"damage_healed":0,"gold_gain":0,"player_choice":"Left Gold","damage_taken":0,"max_hp_gain":0,"max_hp_loss":0,"event_name":"World of Goop","floor":14,"gold_loss":35}],"is_beta":false,"boss_relics":[],"items_purged_floors":[3],"is_endless":false,"potions_floor_spawned":[6,8,11],"killed_by":"The Guardian","ascension_level":4}