{"gold_per_floor":[113,113,113,129,129,157,157,486,486,486,502,502,502,536,536,636,636,648,667,667,274,274,274,274],"floor_reached":24,"playtime":1055,"items_purged":["Havoc+1"],"score":270,"play_id":"01cf69ab-7019-484c-9f77-305eb253bbcc","local_time":"20190127115649","is_ascension_mode":true,"campfire_choices":[{"data":"Cleave","floor":7,"key":"SMITH"},{"data":"Flex","floor":10,"key":"SMITH"},{"floor":15,"key":"DIG"},{"data":"RitualDagger","floor":23,"key":"SMITH"}],"neow_cost":"NONE","seed_source_timestamp":318532387126119,"circlet_count":0,"master_deck":["Strike_R","Strike_R","Defend_R","Defend_R","Defend_R","Bash","Iron Wave","Cleave+1","Flex+1","Metallicize","Clothesline","Bludgeon","Reaper+1","Battle Trance+1","Barricade","RitualDagger+1"],"relics":["Burning Blood","NeowsBlessing","Lantern","Potion Belt","Old Coin","Blue Candle","Shovel","Magic Flower","Shuriken","Astrolabe","Singing Bowl"],"potions_floor_usage":[8,16,16,16,16,16,16,24,24],"damage_taken":[{"damage":0,"enemies":"Jaw Worm","floor":1,"turns":1},{"damage":0,"enemies":"2 Louse","floor":4,"turns":1},{"damage":0,"enemies":"3 Sentries","floor":6,"turns":1},{"damage":23,"enemies":"Gremlin Nob","floor":8,"turns":4},{"damage":0,"enemies":"Small Slimes","floor":11,"turns":2},{"damage":9,"enemies":"3 Sentries","floor":14,"turns":6},{"damage":11,"enemies":"The Guardian","floor":16,"turns":6},{"damage":14,"enemies":"2 Thieves","floor":18,"turns":3},{"damage":42,"enemies":"3 Byrds","floor":19,"turns":6},{"damage":73,"enemies":"Slavers","floor":24,"turns":5}],"seed_played":"5881653954602701857","potions_obtained":[{"floor":4,"key":"Ancient Potion"},{"floor":8,"key":"EntropicBrew"},{"floor":14,"key":"AttackPotion"},{"floor":16,"key":"Weak Potion"}],"is_trial":false,"path_per_floor":["M","?","?","M","?","E","R","E","T","R","M","?","T","E","R","B",null,"M","M","?","$","?","R","E"],"character_chosen":"IRONCLAD","items_purchased":["Singing Bowl","Barricade"],"campfire_rested":0,"item_purchase_floors":[21,21],"current_hp_per_floor":[80,80,73,79,76,80,80,63,63,63,69,74,74,71,71,69,85,80,54,54,54,48,48,0],"gold":274,"neow_bonus":"THREE_ENEMY_KILL","is_prod":false,"is_daily":false,"chose_seed":false,"campfire_upgraded":3,"win_rate":0,"timestamp":1548586609,"path_taken":["M","?","?","M","?","E","R","E","T","R","?","?","?","E","R","BOSS","M","M","?","$","?","R","E"],"build_version":"2019-01-23","purchased_purges":1,"victory":false,"max_hp_per_floor":[80,80,80,80,80,80,80,80,80,80,80,85,85,85,85,85,85,85,85,85,85,85,85,85],"card_choices":[{"not_picked":["Pommel Strike","Flex"],"picked":"Iron Wave","floor":1},{"not_picked":["Clash","True Grit"],"picked":"Cleave","floor":4},{"not_picked":["True Grit","Cleave"],"picked":"Flex","floor":6},{"not_picked":["Ghostly Armor","Feel No Pain"],"picked":"Metallicize","floor":8},{"not_picked":["Cleave","Sword Boomerang"],"picked":"Clothesline","floor":11},{"not_picked":["Iron Wave","Armaments","Clothesline"],"picked":"SKIP","floor":14},{"not_picked":["Offering","Brutality"],"picked":"Bludgeon","floor":16},{"not_picked":["Combust","True Grit","Clash"],"picked":"SKIP","floor":18},{"not_picked":["True Grit+1","Shockwave","Sword Boomerang"],"picked":"SKIP","floor":19}],"player_experience":125518,"relics_obtained":[{"floor":6,"key":"Potion Belt"},{"floor":8,"key":"Old Coin"},{"floor":9,"key":"Blue Candle"},{"floor":13,"key":"Shovel"},{"floor":14,"key":"Magic Flower"},{"floor":15,"key":"Shuriken"}],"event_choices":[{"damage_healed":0,"gold_gain":0,"player_choice":"Ignored","damage_taken":0,"max_hp_gain":0,"max_hp_loss":0,"event_name":"Liars Game","floor":2,"gold_loss":0},{"cards_removed":["Defend_R"],"damage_healed":0,"gold_gain":0,"player_choice":"Card Removal","damage_taken":7,"max_hp_gain":0,"max_hp_loss":0,"event_name":"Golden Wing","floor":3,"gold_loss":0},{"damage_healed":0,"gold_gain":0,"player_choice":"Success","damage_taken":3,"relics_obtained":["Lantern"],"max_hp_gain":0,"max_hp_loss":0,"event_name":"Scrap Ooze","floor":5,"gold_loss":0},{"damage_healed":0,"gold_gain":0,"player_choice":"Donut","damage_taken":0,"max_hp_gain":5,"max_hp_loss":0,"event_name":"Big Fish","floor":12,"gold_loss":0},{"damage_healed":0,"gold_gain":0,"player_choice":"Ignored","damage_taken":0,"max_hp_gain":0,"max_hp_loss":0,"event_name":"Vampires","floor":20,"gold_loss":0},{"damage_healed":0,"gold_gain":0,"player_choice":"Joined the Cult","damage_taken":6,"max_hp_gain":0,"max_hp_loss":0,"event_name":"Nest","floor":22,"gold_loss":0,"cards_obtained":["RitualDagger"]}],"is_beta":false,"boss_relics":[{"not_picked":["Runic Dome","Runic Cube"],"picked":"Astrolabe"}],"items_purged_floors":[21],"is_endless":false,"potions_floor_spawned":[4,8,14,16],"killed_by":"Slavers","ascension_level":3}