{"gold_per_floor":[115,130,149,160,160,160,186,201,201,231,231,259,271,18,18,113,113,132,143,143,68,87,87,87,87,87,87,104,104,121,150,150,255,255,275,275,275,275,291,291,316,316,316,316,344,362,374,374,374,374],"floor_reached":50,"playtime":5228,"items_purged":["Strike_R"],"score":646,"play_id":"40f22012-06a1-45ba-9300-ca31d8bb3469","local_time":"20190218172942","is_ascension_mode":true,"campfire_choices":[{"data":"Armaments","floor":6.0,"key":"SMITH"},{"data":"Searing Blow","floor":11.0,"key":"SMITH"},{"floor":15.0,"key":"REST"},{"data":"Barricade","floor":23.0,"key":"SMITH"},{"data":"Armaments","floor":25.0,"key":"SMITH"},{"data":"Searing Blow+1","floor":27.0,"key":"SMITH"},{"data":"Searing Blow+2","floor":32.0,"key":"SMITH"},{"data":"Chrysalis","floor":40.0,"key":"SMITH"},{"data":"Double Tap","floor":42.0,"key":"SMITH"},{"data":"Searing Blow+3","floor":44.0,"key":"SMITH"},{"data":"Searing Blow+4","floor":49,"key":"SMITH"}],"neow_cost":"CURSE","seed_source_timestamp":184396562011900,"circlet_count":0,"master_deck":["Defend_R","Defend_R+1","Defend_R","Defend_R+1","Bash","Pommel Strike","Armaments+1","Cleave","Searing Blow+5","Clothesline","Double Tap+1","Dual Wield","Thunderclap+1","Barricade+1","Iron Wave+1","Armaments+1","Bite+1","Bite+1","Bite+1","Bite+1","Bite+1","Iron Wave+1","Wild Strike+1","Battle Trance+1","Uppercut+1","Ghostly Armor+1","Madness","Madness","Mind Blast+1","Chrysalis+1","True Grit","Shrug It Off+1","Blood for Blood+1"],"special_seed":0,"relics":["Black Blood","FossilizedHelix","Bag of Preparation","Molten Egg 2","War Paint","Ornamental Fan","Shuriken","Sozu","Boot","Question Card","Lantern","Blue Candle","Bronze Scales"],"potions_floor_usage":[],"damage_taken":[{"damage":1.0,"enemies":"Jaw Worm","floor":1.0,"turns":4.0},{"damage":5.0,"enemies":"Cultist","floor":2.0,"turns":4.0},{"damage":2.0,"enemies":"Small Slimes","floor":3.0,"turns":3.0},{"damage":0.0,"enemies":"2 Fungi Beasts","floor":4.0,"turns":4.0},{"damage":35.0,"enemies":"Lagavulin","floor":7.0,"turns":8.0},{"damage":12.0,"enemies":"Exordium Thugs","floor":8.0,"turns":4.0},{"damage":12.0,"enemies":"3 Sentries","floor":10.0,"turns":7.0},{"damage":29.0,"enemies":"Lagavulin","floor":12.0,"turns":6.0},{"damage":0.0,"enemies":"3 Louse","floor":13.0,"turns":3.0},{"damage":43.0,"enemies":"Slime Boss","floor":16.0,"turns":12.0},{"damage":17.0,"enemies":"2 Thieves","floor":18.0,"turns":3.0},{"damage":7.0,"enemies":"Shell Parasite","floor":19.0,"turns":6.0},{"damage":30.0,"enemies":"Snake Plant","floor":22.0,"turns":6.0},{"damage":27.0,"enemies":"3 Cultists","floor":28.0,"turns":5.0},{"damage":0.0,"enemies":"Snecko","floor":30.0,"turns":6.0},{"damage":25.0,"enemies":"Slavers","floor":31.0,"turns":7.0},{"damage":36.0,"enemies":"Automaton","floor":33.0,"turns":10.0},{"damage":13.0,"enemies":"3 Darklings","floor":35.0,"turns":4.0},{"damage":0.0,"enemies":"Orb Walker","floor":39.0,"turns":2.0},{"damage":38.0,"enemies":"Giant Head","floor":41.0,"turns":8.0},{"damage":42,"enemies":"Reptomancer","floor":45,"turns":7},{"damage":0,"enemies":"Jaw Worm Horde","floor":46,"turns":5},{"damage":0,"enemies":"Spire Growth","floor":47,"turns":4},{"damage":85,"enemies":"Time Eater","floor":50,"turns":12}],"seed_played":"-8407866995817240895","potions_obtained":[{"floor":2.0,"key":"Strength Potion"},{"floor":3.0,"key":"SteroidPotion"},{"floor":4.0,"key":"EssenceOfSteel"},{"floor":10.0,"key":"PowerPotion"},{"floor":12.0,"key":"FearPotion"}],"is_trial":false,"path_per_floor":["M","M","M","M","?","R","E","M","T","E","R","E","M","$","R","B",null,"M","M","?","$","M","R","?","R","T","R","M","?","M","E","R","B",null,"M","?","?","?","M","R","E","R","T","R","E","M","M","?","R","B"],"character_chosen":"IRONCLAD","items_purchased":["Shuriken"],"campfire_rested":1,"item_purchase_floors":[14],"current_hp_per_floor":[80,80,80,80,80,80,51,45,45,39,39,16,22,22,46,9,80,69,68,53,53,29,29,29,29,29,29,23,23,44,43,43,34,59,59,52,42,42,58,58,43,43,43,43,23,42,58,58,58,0],"gold":374,"neow_bonus":"ONE_RARE_RELIC","is_prod":false,"is_daily":false,"chose_seed":false,"campfire_upgraded":10,"win_rate":0,"timestamp":1550507382,"path_taken":["M","M","M","M","?","R","E","M","T","E","R","E","?","$","R","BOSS","M","M","?","$","M","R","?","R","T","R","M","?","?","E","R","BOSS","M","?","?","?","?","R","E","R","T","R","E","M","M","?","R","BOSS"],"build_version":"2019-01-23","purchased_purges":1,"victory":false,"max_hp_per_floor":[80,80,80,80,80,80,80,80,80,80,80,80,80,80,80,80,80,80,80,85,85,85,85,59,59,59,59,59,59,59,59,59,59,59,59,59,59,59,59,59,59,59,59,59,59,59,59,59,59,59],"card_choices":[{"not_picked":["Flex","Fire Breathing"],"picked":"Pommel Strike","floor":1.0},{"not_picked":["Corruption","Flex"],"picked":"Armaments","floor":2.0},{"not_picked":["Thunderclap","Anger"],"picked":"Cleave","floor":3.0},{"not_picked":["Clothesline","Cleave"],"picked":"Sword Boomerang","floor":4.0},{"not_picked":["Fire Breathing","Clothesline","Flex"],"picked":"SKIP","floor":7.0},{"not_picked":["Fire Breathing","Flex"],"picked":"Clothesline","floor":7.0},{"not_picked":["Twin Strike","Corruption","True Grit"],"picked":"SKIP","floor":8.0},{"not_picked":["Perfected Strike+1","Sentinel"],"picked":"Double Tap","floor":10.0},{"not_picked":["Pommel Strike+1","Intimidate"],"picked":"Dual Wield","floor":12.0},{"not_picked":["Sword Boomerang+1","Bloodletting"],"picked":"Thunderclap+1","floor":13.0},{"not_picked":["Berserk","Immolate+1"],"picked":"Barricade","floor":16.0},{"not_picked":["Body Slam+1","Flex"],"picked":"Iron Wave+1","floor":18.0},{"not_picked":["Warcry","Shrug It Off"],"picked":"Armaments","floor":19.0},{"not_picked":["Intimidate","Pummel+1","Pommel Strike+1"],"picked":"SKIP","floor":22.0},{"not_picked":["Anger+1","Wild Strike+1"],"picked":"Iron Wave+1","floor":28.0},{"not_picked":["Infernal Blade","Hemokinesis+1"],"picked":"Battle Trance+1","floor":30.0},{"not_picked":["Warcry","Thunderclap+1"],"picked":"Uppercut+1","floor":31.0},{"not_picked":["Immolate+1","Juggernaut"],"picked":"Brutality","floor":33.0},{"not_picked":["Pummel+1","Burning Pact"],"picked":"Ghostly Armor+1","floor":35.0},{"not_picked":["Sadistic Nature","Blind"],"picked":"Mind Blast+1","floor":37.0},{"not_picked":["Deep Breath","Swift Strike+1"],"picked":"Chrysalis","floor":37.0},{"not_picked":["True Grit","Twin Strike+1","Second Wind+1"],"picked":"SKIP","floor":39.0},{"not_picked":["Clothesline+1","Sever Soul+1","Combust+1"],"picked":"SKIP","floor":41.0},{"not_picked":["Spot Weakness+1","Combust","Battle Trance"],"picked":"True Grit","floor":45},{"not_picked":["Perfected Strike+1","Heavy Blade+1","Impervious"],"picked":"Shrug It Off+1","floor":46},{"not_picked":["Sever Soul+1","Hemokinesis+1","Twin Strike+1"],"picked":"Blood for Blood+1","floor":47}],"player_experience":172154,"relics_obtained":[{"floor":7.0,"key":"Bag of Preparation"},{"floor":9.0,"key":"Molten Egg 2"},{"floor":10.0,"key":"War Paint"},{"floor":12.0,"key":"Ornamental Fan"},{"floor":31.0,"key":"Boot"},{"floor":41.0,"key":"Question Card"},{"floor":43.0,"key":"Lantern"},{"floor":45,"key":"Blue Candle"}],"event_choices":[{"damage_healed":0.0,"max_hp_gain":0.0,"max_hp_loss":0.0,"gold_gain":0.0,"event_name":"Match and Keep!","player_choice":"1 cards matched","floor":5.0,"gold_loss":0.0,"damage_taken":0.0,"cards_obtained":["Searing Blow"]},{"damage_healed":0.0,"max_hp_gain":5.0,"max_hp_loss":0.0,"gold_gain":0.0,"event_name":"Forgotten Altar","player_choice":"Shed Blood","floor":20.0,"gold_loss":0.0,"damage_taken":20.0},{"damage_healed":0.0,"max_hp_gain":0.0,"max_hp_loss":26.0,"gold_gain":0.0,"event_name":"Vampires","player_choice":"Became a vampire","floor":24.0,"gold_loss":0.0,"damage_taken":0.0,"cards_obtained":["Bite","Bite","Bite","Bite","Bite"]},{"damage_healed":0.0,"max_hp_gain":0.0,"max_hp_loss":0.0,"gold_gain":0.0,"cards_transformed":["Decay","Sword Boomerang"],"event_name":"Drug Dealer","player_choice":"Became Test Subject","floor":29.0,"gold_loss":0.0,"damage_taken":0.0,"cards_obtained":["Clumsy","Wild Strike"]},{"damage_healed":0.0,"max_hp_gain":0.0,"max_hp_loss":0.0,"gold_gain":0.0,"event_name":"Winding Halls","player_choice":"Embrace Madness","floor":36.0,"gold_loss":0.0,"damage_taken":7.0,"cards_obtained":["Madness","Madness"]},{"damage_healed":0.0,"max_hp_gain":0.0,"max_hp_loss":0.0,"gold_gain":0.0,"event_name":"SensoryStone","player_choice":"Memory 3","floor":37.0,"gold_loss":0.0,"damage_taken":10.0},{"cards_removed":["Clumsy"],"damage_healed":0.0,"max_hp_gain":0.0,"max_hp_loss":0.0,"gold_gain":0.0,"event_name":"Purifier","player_choice":"Purged","floor":38.0,"gold_loss":0.0,"damage_taken":0.0},{"cards_removed":["Brutality"],"damage_healed":0,"gold_gain":0,"player_choice":"Gave Card","damage_taken":0,"relics_obtained":["Bronze Scales"],"max_hp_gain":0,"max_hp_loss":0,"event_name":"WeMeetAgain","floor":48,"gold_loss":0}],"is_beta":false,"boss_relics":[{"not_picked":["Mark of Pain","Busted Crown"],"picked":"Sozu"},{"not_picked":["Snecko Eye","Coffee Dripper"],"picked":"Black Blood"}],"items_purged_floors":[21],"is_endless":false,"potions_floor_spawned":[2,3,4,10,12,18,22,28,35,46],"killed_by":"Time Eater","ascension_level":3}