{"gold_per_floor":[113,113,113,136,211,211,3,3,28,28,62,11,27,50,50,50],"floor_reached":16,"playtime":360,"items_purged":["Injury"],"score":196,"play_id":"82068976-c7e4-4985-a3cc-09a6fcc99508","local_time":"20190430233440","is_ascension_mode":true,"campfire_choices":[{"data":"Distraction","floor":6,"key":"SMITH"},{"data":"Masterful Stab","floor":8,"key":"SMITH"},{"data":"Neutralize","floor":10,"key":"SMITH"},{"data":"Dash","floor":15,"key":"SMITH"}],"neow_cost":"NONE","seed_source_timestamp":3754072004054995,"circlet_count":0,"master_deck":["AscendersBane","Defend_G","Defend_G","Defend_G","Defend_G","Defend_G","Strike_G","Strike_G","Strike_G","Strike_G","Strike_G","Survivor","Neutralize+1","Distraction+1","Acrobatics","Masterful Stab+1","PiercingWail","Dodge and Roll","Slice","Dash+1"],"relics":["Coffee Dripper","Golden Idol","Art of War","Dream Catcher"],"potions_floor_usage":[4,11],"damage_taken":[{"damage":0,"enemies":"Jaw Worm","floor":1,"turns":4},{"damage":7,"enemies":"Small Slimes","floor":4,"turns":4},{"damage":48,"enemies":"Gremlin Nob","floor":11,"turns":5},{"damage":1,"enemies":"2 Louse","floor":13,"turns":3},{"damage":0,"enemies":"Blue Slaver","floor":14,"turns":6},{"damage":2,"enemies":"Hexaghost","floor":16,"turns":7}],"seed_played":"-6775526196475747720","potions_obtained":[{"floor":1,"key":"GamblersBrew"},{"floor":4,"key":"Fruit Juice"},{"floor":13,"key":"GamblersBrew"}],"is_trial":false,"path_per_floor":["M","?","?","M","?","R","$","R","T","R","E","$","M","M","R","B"],"character_chosen":"THE_SILENT","items_purchased":["Masterful Stab","PiercingWail","Slice"],"campfire_rested":0,"item_purchase_floors":[7,7,12],"current_hp_per_floor":[59,59,64,62,51,51,51,51,51,51,3,3,2,2,2,0],"gold":50,"neow_bonus":"BOSS_RELIC","is_prod":false,"is_daily":false,"chose_seed":false,"campfire_upgraded":4,"win_rate":0,"timestamp":1556663680,"path_taken":["M","?","?","M","?","R","$","R","T","R","E","?","?","M","R","BOSS"],"build_version":"2019-01-23","purchased_purges":1,"victory":false,"max_hp_per_floor":[66,66,71,76,76,76,76,76,76,76,76,76,76,76,76,76],"card_choices":[{"not_picked":["Calculated Gamble","Backflip"],"picked":"Distraction","floor":1},{"not_picked":["Tactician","Reflex"],"picked":"Acrobatics","floor":4},{"not_picked":["Bane","Acrobatics"],"picked":"Dodge and Roll","floor":11},{"not_picked":["Outmaneuver","Acrobatics","Expertise"],"picked":"SKIP","floor":13},{"not_picked":["Quick Slash","PiercingWail"],"picked":"Dash","floor":14}],"player_experience":756309,"relics_obtained":[{"floor":9,"key":"Art of War"},{"floor":11,"key":"Dream Catcher"}],"event_choices":[{"damage_healed":0,"gold_gain":0,"player_choice":"Take Wound","damage_taken":0,"relics_obtained":["Golden Idol"],"max_hp_gain":0,"max_hp_loss":0,"event_name":"Golden Idol","floor":2,"gold_loss":0,"cards_obtained":["Injury"]},{"damage_healed":0,"gold_gain":0,"player_choice":"Donut","damage_taken":0,"max_hp_gain":5,"max_hp_loss":0,"event_name":"Big Fish","floor":3,"gold_loss":0},{"damage_healed":0,"gold_gain":75,"player_choice":"Gather Gold","damage_taken":11,"max_hp_gain":0,"max_hp_loss":0,"event_name":"World of Goop","floor":5,"gold_loss":0}],"is_beta":false,"boss_relics":[],"items_purged_floors":[7],"is_endless":false,"potions_floor_spawned":[1,4,13],"killed_by":"Hexaghost","ascension_level":20}