{"gold_per_floor":[117,127,127,140,158,158,168,198,198,198,273,292,117,148,148,224,224,244,100,100,100,100,131,131,160,242,242,256,290,336,336,336,410,410,429,448,465,70,120,120,155,155,208,241,241,251,271,345,345,345,345,345,29,59,59],"floor_reached":55,"playtime":3365,"items_purged":["Strike_R"],"score":1405,"play_id":"b36a452d-658b-4dda-9973-f4ed8fd7aa3e","local_time":"20190429161526","is_ascension_mode":true,"campfire_choices":[{"data":"Bash","floor":6.0,"key":"SMITH"},{"data":"Immolate","floor":10.0,"key":"SMITH"},{"data":"Sword Boomerang","floor":15.0,"key":"SMITH"},{"data":"Offering","floor":24.0,"key":"SMITH"},{"floor":32.0,"key":"DIG"},{"data":"Limit Break","floor":40,"key":"SMITH"},{"floor":45,"key":"RECALL"},{"data":"Barricade","floor":49,"key":"SMITH"},{"floor":52,"key":"DIG"}],"neow_cost":"NONE","seed_source_timestamp":449055940457597,"circlet_count":0,"master_deck":["AscendersBane","Strike_R","Strike_R","Strike_R","Strike_R","Defend_R","Defend_R","Defend_R","Defend_R","Bash+1","Sword Boomerang+1","Headbutt","Immolate+1","Headbutt","Pommel Strike","Flame Barrier","Warcry","Offering+1","Battle Trance","Limit Break+1","Impervious","Spot Weakness","Inflame","Barricade+1","Rage+1","Inflame","Limit Break","Battle Trance","Burning Pact+1","Chrysalis","Pommel Strike+1"],"special_seed":0,"relics":["Burning Blood","Oddly Smooth Stone","Anchor","Pocketwatch","Red Skull","Meat on the Bone","Velvet Choker","Nilry\u0027s Codex","Magic Flower","Shovel","Tiny Chest","Happy Flower","Ancient Tea Set","Matryoshka","Potion Belt","Coffee Dripper","DollysMirror","Vajra","Unceasing Top","Sundial","Pen Nib","PreservedInsect","Bronze Scales","Centennial Puzzle","The Courier","Bottled Lightning","Lantern"],"potions_floor_usage":[41,50,50,50,54,55,55,55],"damage_taken":[{"damage":0.0,"enemies":"Cultist","floor":1.0,"turns":3.0},{"damage":1.0,"enemies":"2 Louse","floor":2.0,"turns":3.0},{"damage":2.0,"enemies":"Small Slimes","floor":4.0,"turns":3.0},{"damage":10.0,"enemies":"Looter","floor":5.0,"turns":3.0},{"damage":8.0,"enemies":"3 Louse","floor":7.0,"turns":3.0},{"damage":20.0,"enemies":"Gremlin Nob","floor":8.0,"turns":4.0},{"damage":0.0,"enemies":"Exordium Wildlife","floor":12.0,"turns":1.0},{"damage":20.0,"enemies":"Lagavulin","floor":14.0,"turns":4.0},{"damage":1.0,"enemies":"Slime Boss","floor":16.0,"turns":6.0},{"damage":6.0,"enemies":"Chosen","floor":18.0,"turns":3.0},{"damage":34.0,"enemies":"Slavers","floor":23.0,"turns":3.0},{"damage":25.0,"enemies":"Book of Stabbing","floor":25.0,"turns":3.0},{"damage":6.0,"enemies":"2 Thieves","floor":28.0,"turns":2.0},{"damage":2.0,"enemies":"Slavers","floor":29.0,"turns":2.0},{"damage":20.0,"enemies":"Champ","floor":33.0,"turns":6.0},{"damage":14.0,"enemies":"3 Shapes","floor":35.0,"turns":4.0},{"damage":5.0,"enemies":"3 Darklings","floor":36.0,"turns":3.0},{"damage":12,"enemies":"Spire Growth","floor":37,"turns":5},{"damage":18,"enemies":"2 Orb Walkers","floor":39,"turns":3},{"damage":15,"enemies":"Reptomancer","floor":41,"turns":3},{"damage":6,"enemies":"Giant Head","floor":44,"turns":3},{"damage":0,"enemies":"Sphere and 2 Shapes","floor":46,"turns":3},{"damage":6,"enemies":"Jaw Worm Horde","floor":47,"turns":3},{"damage":27,"enemies":"Time Eater","floor":50,"turns":4},{"damage":45,"enemies":"Shield and Spear","floor":54,"turns":5},{"damage":56,"enemies":"The Heart","floor":55,"turns":3}],"seed_played":"1506142311307726451","potions_obtained":[{"floor":3.0,"key":"EntropicBrew"},{"floor":3.0,"key":"PowerPotion"},{"floor":3.0,"key":"Block Potion"},{"floor":16.0,"key":"Regen Potion"},{"floor":23.0,"key":"GamblersBrew"},{"floor":29.0,"key":"Poison Potion"},{"floor":35.0,"key":"Block Potion"},{"floor":41,"key":"Explosive Potion"},{"floor":46,"key":"Dexterity Potion"},{"floor":47,"key":"Dexterity Potion"},{"floor":54,"key":"Strength Potion"}],"is_trial":false,"path_per_floor":["M","M","?","M","M","R","M","E","T","R","?","M","$","E","R","B",null,"M","$","?","?","$","E","R","E","T","?","M","E","T","T","R","B",null,"M","M","M","$","?","R","E","T","T","E","R","M","M","T","R","B",null,"R","$","E","B"],"character_chosen":"IRONCLAD","items_purchased":["Warcry","Red Skull","Battle Trance","Limit Break","DollysMirror","Vajra","Strength Potion","Dexterity Potion","Chrysalis","Block Potion","Dexterity Potion"],"campfire_rested":0,"item_purchase_floors":[13,13,19,19,38,38,38,53,53,53,53],"current_hp_per_floor":[78,80,80,80,76,76,74,60,60,60,49,55,55,41,41,58,75,75,75,75,59,59,43,43,45,45,45,66,73,73,73,73,62,76,71,75,72,72,63,63,57,57,57,60,60,69,72,72,72,54,74,74,74,56,0],"gold":59,"neow_bonus":"RANDOM_COMMON_RELIC","is_prod":false,"is_daily":false,"chose_seed":false,"campfire_upgraded":6,"win_rate":0,"timestamp":1556547326,"path_taken":["M","?","?","M","?","R","M","E","T","R","?","M","$","E","R","BOSS","M","$","?","?","$","E","R","E","T","?","?","E","?","?","R","BOSS","M","M","M","$","?","R","E","?","T","E","R","?","?","?","R","BOSS","R","$","E","BOSS"],"build_version":"2019-01-23","purchased_purges":1,"victory":false,"max_hp_per_floor":[80,80,80,80,80,80,80,80,80,80,80,80,80,80,80,80,80,80,80,80,80,80,80,80,80,80,80,80,80,80,80,80,80,80,80,80,80,80,80,80,80,80,80,80,80,80,80,80,80,80,80,80,80,80,80],"card_choices":[{"not_picked":["Dropkick","Havoc"],"picked":"Sword Boomerang","floor":1.0},{"not_picked":["Infernal Blade","Warcry"],"picked":"Headbutt","floor":2.0},{"not_picked":["Perfected Strike","Heavy Blade"],"picked":"Immolate","floor":4.0},{"not_picked":["Sword Boomerang","Warcry","Intimidate"],"picked":"SKIP","floor":5.0},{"not_picked":["Warcry","Ghostly Armor"],"picked":"Headbutt","floor":7.0},{"not_picked":["Clash","Hemokinesis"],"picked":"Pommel Strike","floor":8.0},{"not_picked":["Havoc","Armaments"],"picked":"Flame Barrier","floor":12.0},{"not_picked":["Infernal Blade","Clash","Power Through"],"picked":"SKIP","floor":14.0},{"not_picked":["Reaper","Brutality"],"picked":"Offering","floor":16.0},{"not_picked":["Wild Strike+1","Anger","Second Wind"],"picked":"SKIP","floor":18.0},{"not_picked":["Burning Pact","Body Slam","Havoc"],"picked":"SKIP","floor":23.0},{"not_picked":["Clash","Cleave","Thunderclap"],"picked":"SKIP","floor":25.0},{"not_picked":["Shrug It Off","True Grit"],"picked":"Spot Weakness","floor":28.0},{"not_picked":["Body Slam","Anger"],"picked":"Inflame","floor":29.0},{"not_picked":["Double Tap","Impervious"],"picked":"Barricade","floor":33.0},{"not_picked":["Seeing Red","Intimidate"],"picked":"Rage+1","floor":35.0},{"not_picked":["Searing Blow","Power Through"],"picked":"Inflame","floor":36.0},{"not_picked":["Warcry","Cleave+1","Clash"],"picked":"SKIP","floor":37},{"not_picked":["Rupture","Headbutt"],"picked":"Battle Trance","floor":41},{"not_picked":["Thunderclap+1","Feel No Pain","Rampage+1"],"picked":"SKIP","floor":44},{"not_picked":["Anger","Thunderclap+1"],"picked":"Burning Pact+1","floor":46},{"not_picked":["Ghostly Armor","Twin Strike","Clash"],"picked":"SKIP","floor":47},{"not_picked":["Burning Pact+1","Barricade"],"picked":"Pommel Strike+1","floor":54}],"player_experience":688361,"relics_obtained":[{"floor":8.0,"key":"Anchor"},{"floor":9.0,"key":"Pocketwatch"},{"floor":14.0,"key":"Meat on the Bone"},{"floor":21.0,"key":"Nilry\u0027s Codex"},{"floor":23.0,"key":"Magic Flower"},{"floor":25.0,"key":"Shovel"},{"floor":26.0,"key":"Tiny Chest"},{"floor":29.0,"key":"Happy Flower"},{"floor":30.0,"key":"Ancient Tea Set"},{"floor":31.0,"key":"Matryoshka"},{"floor":32.0,"key":"Potion Belt"},{"floor":39,"key":"Unceasing Top"},{"floor":41,"key":"Sundial"},{"floor":42,"key":"Pen Nib"},{"floor":43,"key":"PreservedInsect"},{"floor":43,"key":"Bronze Scales"},{"floor":44,"key":"Centennial Puzzle"},{"floor":48,"key":"The Courier"},{"floor":52,"key":"Bottled Lightning"},{"floor":54,"key":"Lantern"}],"event_choices":[{"damage_healed":0.0,"max_hp_gain":0.0,"max_hp_loss":0.0,"gold_gain":0.0,"event_name":"Lab","player_choice":"Got Potions","floor":3.0,"gold_loss":0.0,"damage_taken":0.0},{"damage_healed":0.0,"max_hp_gain":0.0,"max_hp_loss":0.0,"gold_gain":75.0,"event_name":"World of Goop","player_choice":"Gather Gold","floor":11.0,"gold_loss":0.0,"damage_taken":11.0},{"damage_healed":0.0,"max_hp_gain":0.0,"max_hp_loss":0.0,"gold_gain":0.0,"event_name":"Vampires","player_choice":"Ignored","floor":20.0,"gold_loss":0.0,"damage_taken":0.0},{"damage_healed":0.0,"max_hp_gain":0.0,"max_hp_loss":0.0,"gold_gain":0.0,"event_name":"Cursed Tome","player_choice":"Obtained Book","floor":21.0,"gold_loss":0.0,"damage_taken":16.0},{"damage_healed":0.0,"max_hp_gain":0.0,"max_hp_loss":0.0,"gold_gain":0.0,"event_name":"The Library","player_choice":"Read","floor":27.0,"gold_loss":0.0,"damage_taken":0.0,"cards_obtained":["Impervious"]},{"damage_healed":0,"gold_gain":0,"player_choice":"Fight","damage_taken":0,"max_hp_gain":0,"max_hp_loss":0,"event_name":"Mysterious Sphere","floor":39,"gold_loss":0}],"is_beta":false,"boss_relics":[{"not_picked":["Runic Pyramid","Calling Bell"],"picked":"Velvet Choker"},{"not_picked":["Black Blood","Mark of Pain"],"picked":"Coffee Dripper"}],"items_purged_floors":[53],"is_endless":false,"potions_floor_spawned":[4,5,7,8,16,23,25,29,35,41,46,47,54],"killed_by":"The Heart","ascension_level":13}