{"gold_per_floor":[116,136,149,45,45,45,61,61,61,61,79,115,128,143,143,268,268,193,193,208,36,49,49,73,73,147,147,147],"floor_reached":28,"playtime":3332,"items_purged":[],"score":222,"play_id":"4568c2ac-47bd-44a0-aeb4-602984cd0dab","local_time":"20180720182858","is_ascension_mode":false,"campfire_choices":[{"data":"Anger","floor":6,"key":"SMITH"},{"data":"Inflame","floor":15,"key":"SMITH"},{"floor":23,"key":"REST"},{"floor":27,"key":"REST"}],"neow_cost":"","seed_source_timestamp":223941530734353,"circlet_count":0,"master_deck":["Strike_R","Strike_R","Strike_R","Strike_R","Strike_R","Defend_R","Defend_R","Defend_R","Defend_R","Bash+1","Anger+1","Ghostly Armor","Cleave+1","Flex","Metallicize","Fire Breathing","Shrug It Off","Inflame+1","Clash","Flex","Barricade","Doubt","Normality","Injury","Armaments+1","Pommel Strike","Sever Soul","Shrug It Off","Ghostly Armor","Clothesline+1","Inflame+1"],"relics":["Burning Blood","Golden Idol","Bottled Flame","Magic Flower","Calling Bell","Bag of Preparation","Dodecahedron","Incense Burner","Kunai"],"potions_floor_usage":[16,25,28,28],"damage_taken":[{"damage":1,"enemies":"Cultist","floor":1,"turns":4},{"damage":7,"enemies":"Small Slimes","floor":2,"turns":4},{"damage":1,"enemies":"Jaw Worm","floor":3,"turns":3},{"damage":3,"enemies":"3 Louse","floor":7,"turns":3},{"damage":0,"enemies":"Large Slime","floor":11,"turns":5},{"damage":5,"enemies":"3 Sentries","floor":12,"turns":8},{"damage":9,"enemies":"2 Fungi Beasts","floor":13,"turns":4},{"damage":6,"enemies":"3 Louse","floor":14,"turns":3},{"damage":14,"enemies":"Hexaghost","floor":16,"turns":9},{"damage":31,"enemies":"2 Thieves","floor":18,"turns":5},{"damage":22,"enemies":"Shell Parasite","floor":20,"turns":9},{"damage":26,"enemies":"Snecko","floor":22,"turns":7},{"damage":48,"enemies":"Cultist and Chosen","floor":24,"turns":10},{"damage":0,"enemies":"Snake Plant","floor":25,"turns":1},{"damage":46,"enemies":"Sentry and Sphere","floor":28,"turns":7}],"seed_played":"-3758275829556876611","potions_obtained":[{"floor":1,"key":"LiquidBronze"},{"floor":3,"key":"SmokeBomb"},{"floor":12,"key":"Energy Potion"},{"floor":20,"key":"PowerPotion"},{"floor":24,"key":"LiquidBronze"}],"is_trial":false,"path_per_floor":["M","M","M","$","?","R","M","?","T","?","M","E","M","M","R","B",null,"M","?","M","$","M","R","M","M","T","R"],"character_chosen":"IRONCLAD","items_purchased":["Flex","Metallicize","Sever Soul","Shrug It Off","Ghostly Armor"],"campfire_rested":2,"item_purchase_floors":[4,4,21,21,21],"current_hp_per_floor":[80,79,80,80,60,60,63,47,47,47,53,54,54,57,57,52,80,58,58,45,45,28,52,13,22,22,46,0],"gold":147,"neow_bonus":"","is_prod":false,"is_daily":false,"chose_seed":false,"campfire_upgraded":2,"win_rate":0.0,"timestamp":1532104138,"path_taken":["M","M","M","$","?","R","M","?","T","?","M","E","M","?","R","BOSS","M","?","M","$","M","R","M","M","T","R","M"],"build_version":"2018-07-19v2","purchased_purges":0,"victory":false,"max_hp_per_floor":[80,80,80,80,80,80,80,80,80,80,80,80,80,80,80,80,80,80,80,80,80,80,80,80,80,80,80,80],"card_choices":[{"not_picked":["Uppercut","Hemokinesis"],"picked":"Anger","floor":1},{"not_picked":["Thunderclap","Pommel Strike"],"picked":"Ghostly Armor","floor":2},{"not_picked":["Sever Soul","Twin Strike"],"picked":"Cleave","floor":3},{"not_picked":["Disarm","Headbutt"],"picked":"Fire Breathing","floor":7},{"not_picked":["Headbutt","True Grit"],"picked":"Shrug It Off","floor":11},{"not_picked":["Rupture","Armaments"],"picked":"Inflame","floor":12},{"not_picked":["Clothesline","Cleave"],"picked":"Clash","floor":13},{"not_picked":["Headbutt","Shrug It Off"],"picked":"Flex","floor":14},{"not_picked":["Double Tap","Dark Embrace"],"picked":"Barricade","floor":16},{"not_picked":["Sword Boomerang","Sever Soul"],"picked":"Armaments+1","floor":18},{"not_picked":["Warcry","Metallicize"],"picked":"Pommel Strike","floor":20},{"not_picked":["Brutality","True Grit"],"picked":"Clothesline+1","floor":22},{"not_picked":["Shrug It Off+1","True Grit+1"],"picked":"Inflame+1","floor":24}],"player_experience":11773,"relics_obtained":[{"floor":9,"key":"Bottled Flame"},{"floor":12,"key":"Magic Flower"},{"floor":17,"key":"Bag of Preparation"},{"floor":17,"key":"Dodecahedron"},{"floor":17,"key":"Incense Burner"},{"floor":26,"key":"Kunai"}],"event_choices":[{"event_name":"Golden Idol","player_choice":"Take Damage","floor":5,"damage_taken":0},{"event_name":"Shining Light","player_choice":"Entered Light","floor":8,"damage_taken":0},{"event_name":"Liars Game","player_choice":"disagreed","floor":10,"damage_taken":0},{"event_name":"Vampires","player_choice":"Ignored","floor":19,"damage_taken":0}],"is_beta":false,"boss_relics":[{"not_picked":["Snecko Eye","Tiny House"],"picked":"Calling Bell"}],"items_purged_floors":[],"is_endless":false,"potions_floor_spawned":[1,3,12,13,14,20,24],"killed_by":"Sentry and Sphere","ascension_level":0}