{"gold_per_floor":[117,117,141,141,55,95,95,129,129,129,149,173,173,173,173,302,302,302,76,100,119,135,135,135],"floor_reached":24,"playtime":1458,"items_purged":["Strike_R"],"score":288,"play_id":"980d84e1-491a-47b9-8abd-acba97a8c4a3","local_time":"20190131233112","is_ascension_mode":true,"campfire_choices":[{"floor":7,"key":"REST"},{"data":"1","floor":10,"key":"LIFT"},{"data":"Armaments","floor":13,"key":"SMITH"},{"data":"Armaments","floor":15,"key":"SMITH"},{"data":"2","floor":23,"key":"LIFT"}],"neow_cost":"NONE","seed_source_timestamp":251473046451036,"circlet_count":0,"master_deck":["Strike_R","Strike_R","Strike_R","Defend_R","Defend_R","Defend_R","Defend_R","Bash+1","Inflame","Shrug It Off","Armaments+1","Rampage","Searing Blow","Battle Trance","Armaments+1"],"relics":["Burning Blood","Golden Idol","Pear","Pantograph","Girya","Regal Pillow","Busted Crown","Potion Belt"],"potions_floor_usage":[8,24],"damage_taken":[{"damage":4,"enemies":"2 Louse","floor":1,"turns":4},{"damage":7,"enemies":"Jaw Worm","floor":3,"turns":3},{"damage":44,"enemies":"3 Sentries","floor":6,"turns":11},{"damage":22,"enemies":"Lagavulin","floor":8,"turns":7},{"damage":1,"enemies":"Cultist","floor":11,"turns":3},{"damage":4,"enemies":"Large Slime","floor":12,"turns":5},{"damage":36,"enemies":"Slime Boss","floor":16,"turns":12},{"damage":16,"enemies":"Chosen","floor":18,"turns":5},{"damage":15,"enemies":"3 Byrds","floor":20,"turns":6},{"damage":20,"enemies":"Snake Plant","floor":21,"turns":4},{"damage":29,"enemies":"Cultist and Chosen","floor":22,"turns":7},{"damage":33,"enemies":"3 Cultists","floor":24,"turns":5}],"seed_played":"2098021487816138264","potions_obtained":[{"floor":3,"key":"Poison Potion"},{"floor":6,"key":"BloodPotion"},{"floor":21,"key":"SteroidPotion"}],"is_trial":false,"path_per_floor":["M","?","M","?","$","E","R","E","T","R","M","M","R","?","R","B",null,"M","$","M","M","M","R","M"],"character_chosen":"IRONCLAD","items_purchased":["Armaments","Rampage","Potion Belt"],"campfire_rested":1,"item_purchase_floors":[5,5,19],"current_hp_per_floor":[74,54,53,56,56,18,45,29,29,29,34,36,36,36,36,31,75,65,65,56,42,19,19,0],"gold":135,"neow_bonus":"UPGRADE_CARD","is_prod":false,"is_daily":false,"chose_seed":false,"campfire_upgraded":2,"win_rate":0,"timestamp":1548973872,"path_taken":["M","?","M","?","?","E","R","E","T","R","?","M","R","?","R","BOSS","M","$","M","M","M","R","M"],"build_version":"2019-01-23","purchased_purges":1,"victory":false,"max_hp_per_floor":[80,80,80,90,90,90,90,90,90,90,90,90,90,90,90,90,90,90,90,90,90,90,90,90],"card_choices":[{"not_picked":["Headbutt","Perfected Strike"],"picked":"Inflame","floor":1},{"not_picked":["Disarm","Havoc"],"picked":"Shrug It Off","floor":3},{"not_picked":["Fiend Fire","Sword Boomerang"],"picked":"Searing Blow","floor":6},{"not_picked":["Anger","Combust","Havoc"],"picked":"SKIP","floor":8},{"not_picked":["Wild Strike","Second Wind"],"picked":"Battle Trance","floor":11},{"not_picked":["Thunderclap","Shockwave"],"picked":"Armaments","floor":12},{"not_picked":["Flex"],"picked":"SKIP","floor":18},{"not_picked":["Twin Strike"],"picked":"SKIP","floor":20},{"not_picked":["Thunderclap"],"picked":"SKIP","floor":21},{"not_picked":["Evolve+1"],"picked":"SKIP","floor":22}],"player_experience":544134,"relics_obtained":[{"floor":6,"key":"Pantograph"},{"floor":8,"key":"Girya"},{"floor":9,"key":"Regal Pillow"}],"event_choices":[{"damage_healed":0,"gold_gain":0,"player_choice":"Take Damage","damage_taken":20,"relics_obtained":["Golden Idol"],"max_hp_gain":0,"max_hp_loss":0,"event_name":"Golden Idol","floor":2,"gold_loss":0},{"damage_healed":0,"gold_gain":0,"player_choice":"Success","damage_taken":7,"relics_obtained":["Pear"],"max_hp_gain":0,"max_hp_loss":0,"event_name":"Scrap Ooze","floor":4,"gold_loss":0},{"cards_removed":["Strike_R"],"damage_healed":0,"gold_gain":0,"player_choice":"Purged","damage_taken":0,"max_hp_gain":0,"max_hp_loss":0,"event_name":"Purifier","floor":14,"gold_loss":0}],"is_beta":false,"boss_relics":[{"not_picked":["Black Star","Runic Dome"],"picked":"Busted Crown"}],"items_purged_floors":[19],"is_endless":false,"potions_floor_spawned":[3,6,21],"killed_by":"3 Cultists","ascension_level":8}