{"gold_per_floor":[119,119,119,119,144,144,164,177,202,218,231,201,201,225,225,318,318,311,226,226,246,209,228,228,249,249,263,282,282,294,306,318,424,436,464,476,212,231,160,160,184,184,209,32,32,157,178,178,178,178],"floor_reached":50,"playtime":2464,"items_purged":["Writhe","Strike_G"],"score":716,"play_id":"901fc766-5bb6-4910-b536-0fce606b7eaa","local_time":"20190430150954","is_ascension_mode":true,"campfire_choices":[{"data":"Noxious Fumes","floor":6,"key":"SMITH"},{"floor":15,"key":"REST"},{"data":"After Image","floor":24,"key":"SMITH"},{"data":"Footwork","floor":30,"key":"SMITH"},{"floor":32,"key":"REST"},{"data":"Noxious Fumes","floor":40,"key":"SMITH"},{"floor":42,"key":"REST"},{"data":"Footwork","floor":45,"key":"SMITH"},{"floor":49,"key":"REST"}],"neow_cost":"NONE","seed_source_timestamp":296400921806908,"circlet_count":0,"master_deck":["AscendersBane","Defend_G","Defend_G","Defend_G","Defend_G+1","Strike_G","Strike_G","Strike_G","Survivor","Neutralize","Cloak And Dagger+1","Noxious Fumes+1","Cloak And Dagger+1","After Image+1","Backflip","Prepared","Dagger Spray","Dagger Spray","Leg Sweep","Footwork+1","Infinite Blades","A Thousand Cuts","Crippling Poison+1","Noxious Fumes+1","Footwork+1"],"relics":["Ring of the Snake","Golden Idol","Blood Vial","Sozu","Anchor","Singing Bowl","MawBank","Lizard Tail","TwistedFunnel","War Paint","Torii"],"potions_floor_usage":[16,28,33],"damage_taken":[{"damage":0,"enemies":"Cultist","floor":1,"turns":5},{"damage":1,"enemies":"Jaw Worm","floor":5,"turns":4},{"damage":0,"enemies":"Small Slimes","floor":7,"turns":4},{"damage":0,"enemies":"Exordium Wildlife","floor":8,"turns":4},{"damage":1,"enemies":"Large Slime","floor":10,"turns":7},{"damage":2,"enemies":"Blue Slaver","floor":11,"turns":5},{"damage":0,"enemies":"Looter","floor":12,"turns":4},{"damage":0,"enemies":"3 Louse","floor":14,"turns":4},{"damage":6,"enemies":"The Guardian","floor":16,"turns":14},{"damage":8,"enemies":"2 Thieves","floor":18,"turns":4},{"damage":9,"enemies":"Spheric Guardian","floor":21,"turns":8},{"damage":15,"enemies":"Snecko","floor":23,"turns":7},{"damage":7,"enemies":"Snake Plant","floor":25,"turns":8},{"damage":2,"enemies":"Centurion and Healer","floor":27,"turns":8},{"damage":3,"enemies":"Cultist and Chosen","floor":28,"turns":8},{"damage":33,"enemies":"Automaton","floor":33,"turns":14},{"damage":18,"enemies":"3 Shapes","floor":35,"turns":6},{"damage":24,"enemies":"3 Darklings","floor":38,"turns":4},{"damage":55,"enemies":"Transient","floor":41,"turns":5},{"damage":20,"enemies":"Mind Bloom Boss Battle","floor":46,"turns":9},{"damage":1,"enemies":"4 Shapes","floor":47,"turns":3},{"damage":69,"enemies":"Time Eater","floor":50,"turns":12}],"seed_played":"6129426735129069252","potions_obtained":[{"floor":1,"key":"Weak Potion"},{"floor":7,"key":"Block Potion"},{"floor":16,"key":"AttackPotion"}],"is_trial":false,"path_per_floor":["M","$","?","?","M","R","M","M","T","M","M","M","?","M","R","B",null,"M","?","?","M","$","M","R","M","T","M","M","?","R","?","R","B",null,"M","?","$","M","$","R","M","R","T","$","R","?","M","?","R","B"],"character_chosen":"THE_SILENT","items_purchased":["Leg Sweep","TwistedFunnel","Noxious Fumes","Footwork"],"campfire_rested":4,"item_purchase_floors":[22,37,39,44],"current_hp_per_floor":[63,63,49,32,31,31,31,31,31,32,32,34,27,29,50,46,64,58,58,70,61,61,48,48,43,43,43,44,44,44,31,54,23,64,48,48,48,28,28,28,23,47,47,47,47,31,34,34,58,0],"gold":178,"neow_bonus":"REMOVE_CARD","is_prod":false,"is_daily":false,"chose_seed":false,"campfire_upgraded":5,"win_rate":0,"timestamp":1556608194,"path_taken":["M","?","?","?","M","R","M","M","T","M","?","M","?","M","R","BOSS","M","?","?","M","$","M","R","M","T","M","M","?","R","?","R","BOSS","M","?","$","M","?","R","M","R","T","$","R","?","M","?","R","BOSS"],"build_version":"2019-01-23","purchased_purges":2,"victory":false,"max_hp_per_floor":[70,70,70,70,70,70,70,70,70,70,70,70,70,70,70,70,70,70,70,70,70,70,70,70,70,70,70,72,72,72,77,77,77,77,77,77,77,79,79,79,81,81,81,81,81,83,85,81,81,81],"card_choices":[{"not_picked":["Eviscerate","Sucker Punch"],"picked":"Cloak And Dagger","floor":1},{"not_picked":["Distraction","Bane"],"picked":"Noxious Fumes","floor":5},{"not_picked":["Acrobatics","Dodge and Roll"],"picked":"Cloak And Dagger","floor":7},{"not_picked":["Caltrops","Cloak And Dagger"],"picked":"After Image","floor":8},{"not_picked":["Underhanded Strike","Deadly Poison"],"picked":"Backflip","floor":10},{"not_picked":["Blade Dance","Outmaneuver"],"picked":"Prepared","floor":11},{"not_picked":["Blade Dance","Eviscerate","Distraction"],"picked":"SKIP","floor":12},{"not_picked":["Backflip","Deflect"],"picked":"Dagger Spray","floor":14},{"not_picked":["Deflect","Masterful Stab","Concentrate"],"picked":"SKIP","floor":18},{"not_picked":["Concentrate","Blade Dance"],"picked":"Dagger Spray","floor":21},{"not_picked":["Prepared","Bane","Deflect"],"picked":"SKIP","floor":23},{"not_picked":["Flying Knee","Backflip+1"],"picked":"Footwork","floor":25},{"not_picked":["Outmaneuver","Choke"],"picked":"Infinite Blades","floor":27},{"not_picked":["Setup","Doppelganger","Quick Slash"],"picked":"Singing Bowl","floor":28},{"not_picked":["Night Terror","Glass Knife"],"picked":"A Thousand Cuts","floor":33},{"not_picked":["Sucker Punch+1","Quick Slash"],"picked":"Crippling Poison","floor":35},{"not_picked":["Caltrops+1","Setup+1","Sucker Punch"],"picked":"Singing Bowl","floor":38},{"not_picked":["Prepared","Deflect","Quick Slash"],"picked":"Singing Bowl","floor":41},{"not_picked":["Underhanded Strike","Acrobatics+1","Poisoned Stab+1"],"picked":"Singing Bowl","floor":46},{"not_picked":["Masterful Stab","Dodge and Roll","Finisher"],"picked":"Singing Bowl","floor":47}],"player_experience":451506,"relics_obtained":[{"floor":9,"key":"Blood Vial"},{"floor":26,"key":"Singing Bowl"},{"floor":43,"key":"War Paint"},{"floor":46,"key":"Torii"}],"event_choices":[{"damage_healed":0,"gold_gain":0,"player_choice":"Entered Light","damage_taken":14,"max_hp_gain":0,"max_hp_loss":0,"event_name":"Shining Light","floor":3,"gold_loss":0,"cards_upgraded":["Cloak And Dagger","Defend_G"]},{"damage_healed":0,"gold_gain":0,"player_choice":"Take Damage","damage_taken":17,"relics_obtained":["Golden Idol"],"max_hp_gain":0,"max_hp_loss":0,"event_name":"Golden Idol","floor":4,"gold_loss":0},{"cards_removed":["Defend_G"],"damage_healed":0,"gold_gain":0,"player_choice":"Card Removal","damage_taken":7,"max_hp_gain":0,"max_hp_loss":0,"event_name":"Golden Wing","floor":13,"gold_loss":0},{"damage_healed":0,"gold_gain":0,"player_choice":"Obtained Relic","damage_taken":0,"relics_obtained":["Anchor"],"max_hp_gain":0,"max_hp_loss":0,"event_name":"Addict","floor":19,"gold_loss":85},{"damage_healed":23,"gold_gain":0,"player_choice":"Heal","damage_taken":0,"max_hp_gain":0,"max_hp_loss":0,"event_name":"The Library","floor":20,"gold_loss":0},{"damage_healed":0,"gold_gain":0,"player_choice":"Opened","damage_taken":0,"relics_obtained":["MawBank"],"max_hp_gain":0,"max_hp_loss":0,"event_name":"The Mausoleum","floor":29,"gold_loss":0,"cards_obtained":["Writhe"]},{"damage_healed":0,"gold_gain":0,"player_choice":"Shed Blood","damage_taken":18,"max_hp_gain":5,"max_hp_loss":0,"event_name":"Forgotten Altar","floor":31,"gold_loss":0},{"damage_healed":0,"gold_gain":0,"player_choice":"Got Potions","damage_taken":0,"max_hp_gain":0,"max_hp_loss":0,"event_name":"Lab","floor":36,"gold_loss":0},{"damage_healed":0,"gold_gain":0,"player_choice":"Fight","damage_taken":0,"max_hp_gain":0,"max_hp_loss":0,"event_name":"MindBloom","floor":46,"gold_loss":0},{"damage_healed":0,"gold_gain":0,"player_choice":"Max HP","damage_taken":0,"max_hp_gain":0,"max_hp_loss":4,"event_name":"Winding Halls","floor":48,"gold_loss":0}],"is_beta":false,"boss_relics":[{"not_picked":["Runic Pyramid","Busted Crown"],"picked":"Sozu"},{"not_picked":["Cursed Key","Eternal Feather"],"picked":"Lizard Tail"}],"items_purged_floors":[37,44],"is_endless":false,"potions_floor_spawned":[1,7,14,16,18,21,33,38],"killed_by":"Time Eater","ascension_level":13}