{"gold_per_floor":[119,30,46,62,75,75,105,105,105,117,150,170,170,170,170,244,244,260,276,286,41,60,95,95,110,133,149,109,126,143,176,176,176],"floor_reached":33,"playtime":1432,"items_purged":[],"score":566,"play_id":"983afb0a-4ef5-465f-ae37-dc02ade7b68e","local_time":"20190501130017","is_ascension_mode":true,"campfire_choices":[{"data":"Go for the Eyes","floor":6,"key":"SMITH"},{"data":"Conserve Battery","floor":8,"key":"SMITH"},{"data":"Machine Learning","floor":13,"key":"SMITH"},{"data":"Zap","floor":15,"key":"SMITH"},{"floor":24,"key":"REST"},{"floor":32,"key":"REST"}],"neow_cost":"NONE","seed_source_timestamp":3801339780769949,"circlet_count":0,"master_deck":["AscendersBane","Strike_B","Strike_B","Strike_B","Strike_B","Defend_B","Defend_B","Defend_B","Defend_B","Zap+1","Dualcast","Biased Cognition","Ball Lightning","FTL","Chill","Go for the Eyes+1","Conserve Battery+1","Machine Learning+1","Core Surge","Defragment","Undo","Steam","Cold Snap","Auto Shields","Leap","Loop+1","Capacitor","Cold Snap","Force Field+1","Redo+1","Loop+1","Turbo+1","Compile Driver","Fusion+1"],"relics":["Cracked Core","Dodecahedron","Mercury Hourglass","Smiling Mask","Orrery","Orichalcum","Toxic Egg 2","Oddly Smooth Stone","Red Mask"],"potions_floor_usage":[12,16,19,22,23,23,31,33],"damage_taken":[{"damage":0,"enemies":"Cultist","floor":1,"turns":3},{"damage":0,"enemies":"Small Slimes","floor":3,"turns":2},{"damage":2,"enemies":"Jaw Worm","floor":4,"turns":2},{"damage":3,"enemies":"3 Louse","floor":5,"turns":4},{"damage":20,"enemies":"Gremlin Nob","floor":7,"turns":4},{"damage":4,"enemies":"Looter","floor":10,"turns":3},{"damage":11,"enemies":"Lagavulin","floor":11,"turns":5},{"damage":0,"enemies":"2 Fungi Beasts","floor":12,"turns":2},{"damage":8,"enemies":"The Guardian","floor":16,"turns":9},{"damage":12,"enemies":"Shell Parasite","floor":18,"turns":6},{"damage":5,"enemies":"2 Thieves","floor":19,"turns":4},{"damage":0,"enemies":"3 Cultists","floor":20,"turns":6},{"damage":5,"enemies":"Chosen and Byrds","floor":22,"turns":5},{"damage":9,"enemies":"Gremlin Leader","floor":23,"turns":9},{"damage":11,"enemies":"Snake Plant","floor":25,"turns":6},{"damage":11,"enemies":"Shelled Parasite and Fungi","floor":27,"turns":5},{"damage":7,"enemies":"Sentry and Sphere","floor":29,"turns":6},{"damage":3,"enemies":"Centurion and Healer","floor":30,"turns":5},{"damage":1,"enemies":"Masked Bandits","floor":31,"turns":4},{"damage":54,"enemies":"Champ","floor":33,"turns":8}],"seed_played":"2189917860488062800","potions_obtained":[{"floor":7,"key":"FocusPotion"},{"floor":10,"key":"Block Potion"},{"floor":12,"key":"Explosive Potion"},{"floor":16,"key":"Explosive Potion"},{"floor":19,"key":"Weak Potion"},{"floor":22,"key":"Poison Potion"},{"floor":28,"key":"PowerPotion"},{"floor":28,"key":"SteroidPotion"},{"floor":29,"key":"Strength Potion"},{"floor":30,"key":"PowerPotion"}],"is_trial":false,"path_per_floor":["M","$","M","M","M","R","E","R","T","M","E","M","R","?","R","B",null,"M","M","M","$","M","E","R","M","T","M","?","M","M","?","R","B"],"character_chosen":"DEFECT","items_purchased":["FTL","Capacitor","Orichalcum"],"campfire_rested":2,"item_purchase_floors":[2,21,21],"current_hp_per_floor":[64,64,64,62,59,59,39,39,39,35,24,24,24,71,71,63,69,57,52,52,52,47,38,59,48,48,37,37,30,27,26,47,0],"gold":176,"neow_bonus":"ONE_RANDOM_RARE_CARD","is_prod":false,"is_daily":false,"chose_seed":false,"campfire_upgraded":4,"win_rate":0,"timestamp":1556712017,"path_taken":["M","$","M","M","M","R","E","R","T","M","E","?","R","?","R","BOSS","M","M","M","$","M","E","R","M","T","M","?","M","?","?","R","BOSS"],"build_version":"2019-01-23","purchased_purges":0,"victory":false,"max_hp_per_floor":[71,71,71,71,71,71,71,71,71,71,71,71,71,71,71,71,71,71,71,71,71,71,71,71,71,71,71,71,71,71,71,71,71],"card_choices":[{"not_picked":["Scrape","Blizzard"],"picked":"Ball Lightning","floor":1},{"not_picked":["Double Energy","Streamline"],"picked":"Chill","floor":3},{"not_picked":["Beam Cell","Streamline"],"picked":"Go for the Eyes","floor":4},{"not_picked":["Compile Driver","Redo"],"picked":"Conserve Battery","floor":5},{"not_picked":["Hologram","Streamline","Storm"],"picked":"SKIP","floor":7},{"not_picked":["Amplify","Streamline","Go for the Eyes"],"picked":"SKIP","floor":10},{"not_picked":["Sweeping Beam","White Noise"],"picked":"Machine Learning","floor":11},{"not_picked":["Barrage","Hologram","Reprogram"],"picked":"SKIP","floor":12},{"not_picked":["Barrage","Hologram","Reprogram"],"picked":"SKIP","floor":12},{"not_picked":["Thunder Strike","Reboot"],"picked":"Core Surge","floor":16},{"not_picked":["Cold Snap","White Noise"],"picked":"Defragment","floor":17},{"not_picked":["Gash","Streamline"],"picked":"Undo","floor":17},{"not_picked":["Recycle","Go for the Eyes"],"picked":"Steam","floor":17},{"not_picked":["Sweeping Beam","FTL"],"picked":"Cold Snap","floor":17},{"not_picked":["Coolheaded","Gash"],"picked":"Auto Shields","floor":17},{"not_picked":["Blizzard","Consume"],"picked":"Leap","floor":18},{"not_picked":["Leap","Biased Cognition"],"picked":"Loop+1","floor":19},{"not_picked":["Go for the Eyes","Hologram","Sweeping Beam"],"picked":"SKIP","floor":20},{"not_picked":["Leap","Steam Power"],"picked":"Cold Snap","floor":22},{"not_picked":["Auto Shields","Melter"],"picked":"Force Field","floor":23},{"not_picked":["Cold Snap","Compile Driver"],"picked":"Redo+1","floor":25},{"not_picked":["Hologram+1","Heatsinks"],"picked":"Loop+1","floor":27},{"not_picked":["Steam Power+1","Reprogram+1"],"picked":"Turbo+1","floor":29},{"not_picked":["Go for the Eyes","Beam Cell"],"picked":"Compile Driver","floor":30},{"not_picked":["Leap+1","Ball Lightning"],"picked":"Fusion+1","floor":31}],"player_experience":767120,"relics_obtained":[{"floor":7,"key":"Dodecahedron"},{"floor":9,"key":"Mercury Hourglass"},{"floor":11,"key":"Smiling Mask"},{"floor":23,"key":"Toxic Egg 2"},{"floor":26,"key":"Oddly Smooth Stone"},{"floor":31,"key":"Red Mask"}],"event_choices":[{"damage_healed":47,"gold_gain":0,"player_choice":"Full Heal","damage_taken":0,"max_hp_gain":0,"max_hp_loss":0,"event_name":"Wheel of Change","floor":14,"gold_loss":0},{"damage_healed":0,"gold_gain":0,"player_choice":"Bought 3 Potions","damage_taken":0,"max_hp_gain":0,"max_hp_loss":0,"event_name":"The Woman in Blue","floor":28,"gold_loss":0},{"damage_healed":0,"gold_gain":0,"player_choice":"Fought Bandits","damage_taken":0,"max_hp_gain":0,"max_hp_loss":0,"event_name":"Masked Bandits","floor":31,"gold_loss":0}],"is_beta":false,"boss_relics":[{"not_picked":["Empty Cage","Lizard Tail"],"picked":"Orrery"}],"items_purged_floors":[],"is_endless":false,"potions_floor_spawned":[7,10,12,16,19,22,29,30],"killed_by":"Champ","ascension_level":20}