{"gold_per_floor":[118,118,129,16,26,26,56,56,56,56,69,144,14,14,14,89,89,106,106,117,137,150,150,150],"floor_reached":24,"playtime":757,"items_purged":[],"score":392,"play_id":"7e794eed-0159-4ddc-beba-b6bde163e9db","local_time":"20190501131308","is_ascension_mode":true,"campfire_choices":[{"data":"Thunderclap","floor":6,"key":"SMITH"},{"data":"Double Tap","floor":8,"key":"SMITH"},{"data":"Cleave","floor":10,"key":"SMITH"},{"floor":15,"key":"REST"},{"floor":23,"key":"REST"}],"neow_cost":"PERCENT_DAMAGE","seed_source_timestamp":3802785208435715,"circlet_count":0,"master_deck":["AscendersBane","Strike_R","Strike_R","Strike_R","Defend_R","Defend_R","Defend_R","Bash","Double Tap+1","Flame Barrier","Cleave+1","Thunderclap+1","Iron Wave","Iron Wave","Headbutt","Metallicize","Immolate+1","Cleave","Intimidate","Armaments"],"relics":["Burning Blood","Pocketwatch","Paper Frog","Empty Cage"],"potions_floor_usage":[7,16,16],"damage_taken":[{"damage":1,"enemies":"2 Louse","floor":1,"turns":3},{"damage":6,"enemies":"Cultist","floor":3,"turns":4},{"damage":1,"enemies":"Small Slimes","floor":5,"turns":3},{"damage":25,"enemies":"3 Sentries","floor":7,"turns":5},{"damage":13,"enemies":"3 Louse","floor":11,"turns":2},{"damage":35,"enemies":"Slime Boss","floor":16,"turns":6},{"damage":24,"enemies":"3 Byrds","floor":18,"turns":3},{"damage":0,"enemies":"Chosen","floor":20,"turns":2},{"damage":4,"enemies":"Centurion and Healer","floor":21,"turns":4},{"damage":22,"enemies":"Snecko","floor":22,"turns":4},{"damage":37,"enemies":"Colosseum Slavers","floor":24,"turns":4},{"damage":44,"enemies":"Colosseum Nobs","floor":24,"turns":3}],"seed_played":"6483823057718857822","potions_obtained":[{"floor":7,"key":"Fire Potion"},{"floor":11,"key":"Weak Potion"}],"is_trial":false,"path_per_floor":["M","?","M","$","M","R","E","R","T","R","M","?","$","?","R","B",null,"M","?","M","M","M","R","?"],"character_chosen":"IRONCLAD","items_purchased":["Thunderclap","PowerPotion","Metallicize","PowerPotion"],"campfire_rested":2,"item_purchase_floors":[4,4,13,13],"current_hp_per_floor":[55,55,55,55,60,60,41,41,41,41,34,23,23,23,45,16,60,42,42,48,50,34,56,0],"gold":150,"neow_bonus":"THREE_RARE_CARDS","is_prod":false,"is_daily":false,"chose_seed":false,"campfire_upgraded":3,"win_rate":0,"timestamp":1556712788,"path_taken":["M","?","?","$","M","R","E","R","T","R","M","?","$","?","R","BOSS","M","?","M","?","M","R","?"],"build_version":"2019-01-23","purchased_purges":0,"victory":false,"max_hp_per_floor":[75,75,75,75,75,75,75,75,75,75,75,75,75,75,75,75,75,75,75,75,75,75,75,75],"card_choices":[{"not_picked":["Limit Break","Dark Embrace"],"picked":"Double Tap","floor":0},{"not_picked":["Warcry","Flex"],"picked":"Flame Barrier","floor":1},{"not_picked":["Infernal Blade","Iron Wave"],"picked":"Cleave","floor":3},{"not_picked":["True Grit","Armaments"],"picked":"Iron Wave","floor":5},{"not_picked":["Blood for Blood","Infernal Blade"],"picked":"Iron Wave","floor":7},{"not_picked":["Heavy Blade","Clash"],"picked":"Headbutt","floor":11},{"not_picked":["Fiend Fire","Demon Form"],"picked":"Immolate","floor":16},{"not_picked":["Carnage","Rupture"],"picked":"Cleave","floor":18},{"not_picked":["Cleave","Carnage"],"picked":"Intimidate","floor":20},{"not_picked":["Iron Wave","Sentinel"],"picked":"Armaments","floor":21},{"not_picked":["Pommel Strike","Clothesline","Sever Soul"],"picked":"SKIP","floor":22}],"player_experience":768552,"relics_obtained":[{"floor":7,"key":"Pocketwatch"},{"floor":9,"key":"Paper Frog"}],"event_choices":[{"cards_removed":["Defend_R"],"damage_healed":0,"gold_gain":0,"player_choice":"Purged","damage_taken":0,"max_hp_gain":0,"max_hp_loss":0,"event_name":"Purifier","floor":2,"gold_loss":0},{"damage_healed":0,"gold_gain":75,"player_choice":"Gather Gold","damage_taken":11,"max_hp_gain":0,"max_hp_loss":0,"event_name":"World of Goop","floor":12,"gold_loss":0},{"damage_healed":0,"gold_gain":0,"player_choice":"Ignored","damage_taken":0,"max_hp_gain":0,"max_hp_loss":0,"event_name":"Golden Idol","floor":14,"gold_loss":0},{"damage_healed":0,"gold_gain":0,"player_choice":"Upgraded","damage_taken":0,"max_hp_gain":0,"max_hp_loss":0,"event_name":"Upgrade Shrine","floor":19,"gold_loss":0,"cards_upgraded":["Immolate"]},{"damage_healed":0,"gold_gain":0,"player_choice":"Fight","damage_taken":0,"max_hp_gain":0,"max_hp_loss":0,"event_name":"Colosseum","floor":24,"gold_loss":0},{"damage_healed":0,"gold_gain":0,"player_choice":"Fought Nobs","damage_taken":0,"max_hp_gain":0,"max_hp_loss":0,"event_name":"Colosseum","floor":24,"gold_loss":0}],"is_beta":false,"boss_relics":[{"not_picked":["Runic Pyramid","Coffee Dripper"],"picked":"Empty Cage"}],"items_purged_floors":[],"is_endless":false,"potions_floor_spawned":[7,11,24],"killed_by":"Colosseum Nobs","ascension_level":20}