{"gold_per_floor":[111,122,5,21,36,66,66,99,146,179,26,41,216,216,216,321,321,341,351,363,376,67,95,95,127,127,127,158,158,184,194,194,291,291,302,317,7,19,19,19,19,19,19,19,34,62,35,66,66,66,66,66,66,100,100],"floor_reached":55,"playtime":4408,"items_purged":["Defend_R","Strike_R"],"score":1063,"play_id":"db3cb811-82ca-4618-b8b0-6938bd1324a2","local_time":"20181209202116","is_ascension_mode":true,"campfire_choices":[{"data":"Impervious","floor":7,"key":"SMITH"},{"data":"Spot Weakness","floor":15,"key":"SMITH"},{"data":"Inflame","floor":27,"key":"SMITH"},{"data":"Pummel","floor":29,"key":"SMITH"},{"data":"Body Slam","floor":32,"key":"SMITH"},{"floor":40,"key":"REST"},{"floor":42,"key":"REST"},{"floor":44,"key":"RECALL"},{"data":"Heavy Blade","floor":49,"key":"SMITH"},{"data":"Battle Trance","floor":52,"key":"SMITH"}],"neow_cost":"PERCENT_DAMAGE","seed_source_timestamp":14088655775855,"circlet_count":0,"master_deck":["Strike_R","Strike_R","Defend_R+1","Defend_R","Defend_R+1","Bash","Pummel+1","Searing Blow","Spot Weakness+1","Pommel Strike","Sword Boomerang+1","PanicButton","Battle Trance+1","Power Through","Impervious+1","Exhume+1","Shrug It Off+1","Power Through+1","Second Wind+1","Limit Break+1","Headbutt+1","Flex+1","Disarm+1","Metallicize","Ghostly Armor+1","Inflame+1","Metallicize","Spot Weakness+1","Seeing Red+1","Body Slam+1","Double Tap+1","Headbutt+1","Cleave+1","Madness+1","Madness+1","Heavy Blade+1","Headbutt","Heavy Blade+1","Inflame+1"],"relics":["Burning Blood","Mercury Hourglass","Toxic Egg 2","Centennial Puzzle","Juzu Bracelet","Sozu","Vajra","Du-Vu Doll","Pantograph","Pen Nib","Nunchaku","Black Star","Strange Spoon","Shuriken","Dead Branch","Potion Belt","Darkstone Periapt","Bronze Scales","Bottled Tornado","War Paint"],"potions_floor_usage":[8,16,50,50],"damage_taken":[{"damage":7,"enemies":"Small Slimes","floor":1,"turns":3},{"damage":4,"enemies":"Jaw Worm","floor":2,"turns":4},{"damage":1,"enemies":"Cultist","floor":4,"turns":3},{"damage":14,"enemies":"Lots of Slimes","floor":5,"turns":3},{"damage":20,"enemies":"Lagavulin","floor":6,"turns":6},{"damage":20,"enemies":"3 Sentries","floor":8,"turns":6},{"damage":0,"enemies":"Lagavulin","floor":10,"turns":6},{"damage":6,"enemies":"Looter","floor":12,"turns":3},{"damage":25,"enemies":"The Guardian","floor":16,"turns":11},{"damage":10,"enemies":"Shell Parasite","floor":18,"turns":5},{"damage":11,"enemies":"Spheric Guardian","floor":19,"turns":4},{"damage":10,"enemies":"Centurion and Healer","floor":20,"turns":4},{"damage":4,"enemies":"Snake Plant","floor":21,"turns":4},{"damage":0,"enemies":"Book of Stabbing","floor":23,"turns":5},{"damage":5,"enemies":"Gremlin Leader","floor":25,"turns":6},{"damage":21,"enemies":"Book of Stabbing","floor":28,"turns":4},{"damage":23,"enemies":"Slavers","floor":30,"turns":2},{"damage":15,"enemies":"3 Cultists","floor":31,"turns":4},{"damage":44,"enemies":"Collector","floor":33,"turns":9},{"damage":7,"enemies":"3 Darklings","floor":35,"turns":4},{"damage":3,"enemies":"3 Shapes","floor":36,"turns":4},{"damage":47,"enemies":"Spire Growth","floor":38,"turns":5},{"damage":20,"enemies":"Transient","floor":45,"turns":5},{"damage":4,"enemies":"Nemesis","floor":46,"turns":3},{"damage":0,"enemies":"Giant Head","floor":48,"turns":5},{"damage":68,"enemies":"Awakened One","floor":50,"turns":8},{"damage":70,"enemies":"Shield and Spear","floor":54,"turns":4},{"damage":68,"enemies":"The Heart","floor":55,"turns":5}],"seed_played":"-1981837370054866131","potions_obtained":[{"floor":1,"key":"SteroidPotion"},{"floor":6,"key":"Regen Potion"},{"floor":10,"key":"Fire Potion"},{"floor":12,"key":"SteroidPotion"}],"is_trial":false,"path_per_floor":["M","M","$","M","M","E","R","E","T","E","$","M","?","?","R","B",null,"M","M","M","M","$","E","?","E","T","R","E","R","E","M","R","B",null,"M","M","$","M","?","R","?","R","T","R","M","E","$","E","R","B",null,"R","$","E","B"],"character_chosen":"IRONCLAD","items_purchased":["Sword Boomerang","PanicButton","Power Through+1","Ghostly Armor+1","Inflame","Vajra","Strange Spoon","Heavy Blade"],"campfire_rested":2,"item_purchase_floors":[3,3,11,22,22,22,37,47],"current_hp_per_floor":[55,57,57,62,54,40,40,41,41,47,47,47,47,47,47,28,80,76,71,67,69,69,75,75,76,76,76,61,61,44,35,35,22,80,79,80,80,39,39,63,53,77,77,77,63,65,65,71,71,18,80,80,80,16,0],"gold":100,"neow_bonus":"TRANSFORM_TWO_CARDS","is_prod":false,"is_daily":false,"chose_seed":false,"campfire_upgraded":7,"win_rate":0,"timestamp":1544383276,"path_taken":["M","M","$","M","M","E","R","E","T","E","$","M","?","?","R","BOSS","M","M","M","M","$","E","?","E","T","R","E","R","E","M","R","BOSS","M","M","$","M","?","R","?","R","T","R","M","E","$","E","R","BOSS","R","$","E","BOSS"],"build_version":"2018-12-06","purchased_purges":2,"victory":false,"max_hp_per_floor":[80,80,80,80,80,80,80,80,80,80,80,80,80,80,80,80,80,80,80,80,80,80,80,80,80,80,80,80,80,80,80,80,80,80,80,80,80,80,80,80,80,80,80,80,80,80,80,80,80,80,80,80,80,80,80],"card_choices":[{"not_picked":["Wild Strike","Flame Barrier"],"picked":"Spot Weakness","floor":1},{"not_picked":["Clothesline","True Grit"],"picked":"Pommel Strike","floor":2},{"not_picked":["Havoc","Thunderclap"],"picked":"Battle Trance","floor":4},{"not_picked":["Sentinel","Burning Pact"],"picked":"Power Through","floor":5},{"not_picked":["Anger","Clothesline"],"picked":"Impervious","floor":6},{"not_picked":["Thunderclap","Infernal Blade"],"picked":"Exhume","floor":8},{"not_picked":["Hemokinesis","Searing Blow"],"picked":"Shrug It Off+1","floor":10},{"not_picked":["Rage+1","Perfected Strike"],"picked":"Second Wind+1","floor":12},{"not_picked":["Dark Embrace","Demon Form"],"picked":"Limit Break+1","floor":16},{"not_picked":["Blood for Blood+1","Iron Wave+1"],"picked":"Headbutt+1","floor":18},{"not_picked":["Wild Strike+1","Clash+1"],"picked":"Flex+1","floor":19},{"not_picked":["Shrug It Off+1","Flame Barrier+1"],"picked":"Disarm+1","floor":20},{"not_picked":["Bloodletting+1","Wild Strike"],"picked":"Metallicize","floor":21},{"not_picked":["Dark Embrace","Clash"],"picked":"Metallicize","floor":23},{"not_picked":["Wild Strike","Thunderclap+1"],"picked":"Spot Weakness+1","floor":25},{"not_picked":["Thunderclap+1","Armaments+1","Havoc+1"],"picked":"SKIP","floor":28},{"not_picked":["Metallicize","Immolate"],"picked":"Seeing Red+1","floor":30},{"not_picked":["Ghostly Armor+1","Havoc+1"],"picked":"Body Slam","floor":31},{"not_picked":["Exhume+1","Dark Embrace"],"picked":"Double Tap+1","floor":33},{"not_picked":["Carnage","Armaments+1"],"picked":"Headbutt+1","floor":35},{"not_picked":["Perfected Strike+1","Feed"],"picked":"Cleave+1","floor":36},{"not_picked":["Anger","Clothesline","Perfected Strike+1"],"picked":"SKIP","floor":38},{"not_picked":["Sword Boomerang","Fire Breathing"],"picked":"Heavy Blade+1","floor":45},{"not_picked":["Second Wind+1","Clothesline"],"picked":"Headbutt","floor":46},{"not_picked":["Searing Blow","Corruption","Blood for Blood"],"picked":"SKIP","floor":48},{"not_picked":["Searing Blow","Uppercut"],"picked":"Inflame+1","floor":54}],"player_experience":260092,"relics_obtained":[{"floor":6,"key":"Mercury Hourglass"},{"floor":8,"key":"Toxic Egg 2"},{"floor":9,"key":"Centennial Puzzle"},{"floor":10,"key":"Juzu Bracelet"},{"floor":23,"key":"Du-Vu Doll"},{"floor":25,"key":"Pantograph"},{"floor":28,"key":"Pen Nib"},{"floor":30,"key":"Nunchaku"},{"floor":43,"key":"Shuriken"},{"floor":46,"key":"Dead Branch"},{"floor":46,"key":"Potion Belt"},{"floor":48,"key":"Darkstone Periapt"},{"floor":48,"key":"Bronze Scales"},{"floor":54,"key":"Bottled Tornado"},{"floor":54,"key":"War Paint"}],"event_choices":[{"damage_healed":0,"gold_gain":175,"player_choice":"AGREE","damage_taken":0,"max_hp_gain":0,"max_hp_loss":0,"event_name":"Liars Game","floor":13,"gold_loss":0,"cards_obtained":["Doubt"]},{"cards_removed":["Doubt"],"damage_healed":0,"gold_gain":0,"player_choice":"Forget","damage_taken":0,"max_hp_gain":0,"max_hp_loss":0,"event_name":"Living Wall","floor":14,"gold_loss":0},{"damage_healed":0,"gold_gain":0,"player_choice":"0 cards matched","damage_taken":0,"max_hp_gain":0,"max_hp_loss":0,"event_name":"Match and Keep!","floor":24,"gold_loss":0,"cards_obtained":[]},{"damage_healed":0,"gold_gain":0,"player_choice":"Forge","damage_taken":0,"max_hp_gain":0,"max_hp_loss":0,"event_name":"Accursed Blacksmith","floor":39,"gold_loss":0,"cards_upgraded":["Sword Boomerang"]},{"damage_healed":0,"gold_gain":0,"player_choice":"Embrace Madness","damage_taken":10,"max_hp_gain":0,"max_hp_loss":0,"event_name":"Winding Halls","floor":41,"gold_loss":0,"cards_obtained":["Madness","Madness"]}],"is_beta":false,"boss_relics":[{"not_picked":["Coffee Dripper","Runic Pyramid"],"picked":"Sozu"},{"not_picked":["Snecko Eye","Runic Cube"],"picked":"Black Star"}],"items_purged_floors":[11,37],"is_endless":false,"potions_floor_spawned":[1,6,10,12,18,21,23,25,33,45,48],"killed_by":"The Heart","ascension_level":3}