{"gold_per_floor":[114,130,34,48,63,63,92,92,92,92,109,143,45,75,75,179,179,190,190,217,243,243,275,275,290,313,326,326,360,377,377,377,476,476,496,508,17,34,52,52,86,86,86,86,308,308],"floor_reached":46,"playtime":2965,"items_purged":["Strike_R","Bash"],"score":683,"play_id":"5bc28908-1c7d-4549-9259-bcf946cdbfd5","local_time":"20181217200006","is_ascension_mode":true,"campfire_choices":[{"data":"Whirlwind","floor":6.0,"key":"SMITH"},{"data":"Flame Barrier","floor":10.0,"key":"SMITH"},{"floor":15.0,"key":"REST"},{"data":"Barricade","floor":24,"key":"SMITH"},{"data":"Fiend Fire","floor":28,"key":"SMITH"},{"floor":32,"key":"REST"},{"data":"Battle Trance","floor":40,"key":"SMITH"},{"data":"Warcry","floor":42,"key":"SMITH"},{"floor":44,"key":"RECALL"}],"neow_cost":"NONE","seed_source_timestamp":0,"circlet_count":0,"master_deck":["Strike_R+1","Strike_R+1","Strike_R+1","Strike_R+1","Defend_R+1","Defend_R+1","Defend_R+1","Defend_R+1","Shockwave+1","Whirlwind+1","Shrug It Off","Shrug It Off","Flame Barrier+1","Flame Barrier","Ghostly Armor","Flex","Fiend Fire+1","Barricade+1","Flex+1","True Grit+1","Metallicize","Battle Trance+1","Body Slam+1","Seeing Red+1","Warcry+1","Decay"],"special_seed":0,"relics":["Burning Blood","Ancient Tea Set","Pear","Champion Belt","Unceasing Top","Cursed Key","Bag of Preparation","Red Mask","Turnip","Art of War","Paper Frog","Empty Cage","Bottled Tornado","Oddly Smooth Stone","Orichalcum"],"potions_floor_usage":[23,29,41,46],"damage_taken":[{"damage":6.0,"enemies":"Cultist","floor":1.0,"turns":3.0},{"damage":7.0,"enemies":"Jaw Worm","floor":2.0,"turns":3.0},{"damage":9.0,"enemies":"2 Louse","floor":4.0,"turns":2.0},{"damage":24.0,"enemies":"Exordium Wildlife","floor":5.0,"turns":5.0},{"damage":34.0,"enemies":"Gremlin Nob","floor":7.0,"turns":5.0},{"damage":0.0,"enemies":"2 Fungi Beasts","floor":11.0,"turns":3.0},{"damage":22.0,"enemies":"3 Sentries","floor":12.0,"turns":5.0},{"damage":32.0,"enemies":"Lagavulin","floor":14.0,"turns":10.0},{"damage":20.0,"enemies":"Hexaghost","floor":16.0,"turns":8.0},{"damage":0,"enemies":"3 Byrds","floor":18,"turns":4},{"damage":0,"enemies":"Masked Bandits","floor":21,"turns":1},{"damage":34,"enemies":"Slavers","floor":23,"turns":6},{"damage":0,"enemies":"2 Thieves","floor":25,"turns":3},{"damage":13,"enemies":"Snecko","floor":27,"turns":7},{"damage":53,"enemies":"Gremlin Leader","floor":29,"turns":7},{"damage":6,"enemies":"Sentry and Sphere","floor":30,"turns":6},{"damage":0,"enemies":"Colosseum Slavers","floor":31,"turns":1},{"damage":27,"enemies":"Automaton","floor":33,"turns":14},{"damage":28,"enemies":"3 Darklings","floor":35,"turns":7},{"damage":0,"enemies":"Orb Walker","floor":36,"turns":6},{"damage":10,"enemies":"Jaw Worm Horde","floor":38,"turns":4},{"damage":8,"enemies":"Spire Growth","floor":39,"turns":6},{"damage":2,"enemies":"Nemesis","floor":41,"turns":9},{"damage":94,"enemies":"2 Orb Walkers","floor":46,"turns":8}],"seed_played":"5681660877946357083","potions_obtained":[{"floor":2.0,"key":"Ancient Potion"},{"floor":4.0,"key":"Regen Potion"},{"floor":7.0,"key":"Ancient Potion"},{"floor":14.0,"key":"Strength Potion"},{"floor":18,"key":"Dexterity Potion"},{"floor":25,"key":"SteroidPotion"},{"floor":29,"key":"GamblersBrew"},{"floor":30,"key":"FairyPotion"},{"floor":36,"key":"Weak Potion"},{"floor":38,"key":"Block Potion"}],"is_trial":false,"path_per_floor":["M","M","$","M","M","R","E","?","T","R","M","E","$","E","R","B",null,"M","?","T","?","?","E","R","M","T","M","R","E","M","?","R","B",null,"M","M","$","M","M","R","E","R","T","R","?","?"],"character_chosen":"IRONCLAD","items_purchased":["Whirlwind","Shrug It Off","Flex","Bottled Tornado","Oddly Smooth Stone"],"campfire_rested":2,"item_purchase_floors":[3,3,13,37,37],"current_hp_per_floor":[80,79,79,76,58,58,44,44,54,54,60,44,44,18,47,33,82,88,88,88,94,94,66,66,72,72,65,65,18,18,24,53,32,82,60,66,66,62,60,60,64,64,64,64,64,0],"gold":308,"neow_bonus":"TEN_PERCENT_HP_BONUS","is_prod":false,"is_daily":false,"chose_seed":false,"campfire_upgraded":6,"win_rate":0,"timestamp":1545073206,"path_taken":["M","?","$","M","M","R","E","?","T","R","M","E","?","E","R","BOSS","M","?","?","?","?","E","R","M","T","?","R","E","M","?","R","BOSS","M","M","$","M","M","R","E","R","T","R","?","?"],"build_version":"2018-12-13","purchased_purges":2,"victory":false,"max_hp_per_floor":[88,88,88,88,88,88,88,88,98,98,98,98,98,98,98,98,98,98,98,98,98,98,98,98,98,98,98,98,98,98,98,98,98,98,98,98,98,98,98,98,98,98,98,98,98,98],"card_choices":[{"not_picked":["Cleave","Anger","Sword Boomerang"],"picked":"SKIP","floor":1.0},{"not_picked":["Pummel","Spot Weakness"],"picked":"Shockwave","floor":2.0},{"not_picked":["Sword Boomerang","Body Slam"],"picked":"Shrug It Off","floor":4.0},{"not_picked":["Dropkick","Twin Strike","Clash"],"picked":"SKIP","floor":5.0},{"not_picked":["Whirlwind","Pommel Strike"],"picked":"Flame Barrier","floor":7.0},{"not_picked":["Warcry","Burning Pact"],"picked":"Flame Barrier","floor":11.0},{"not_picked":["Flex","Clash"],"picked":"Ghostly Armor","floor":12.0},{"not_picked":["Sword Boomerang","Shrug It Off"],"picked":"Fiend Fire","floor":14.0},{"not_picked":["Bludgeon","Reaper"],"picked":"Barricade","floor":16.0},{"not_picked":["Warcry","Wild Strike"],"picked":"Flex+1","floor":18},{"not_picked":["Pommel Strike","Armaments","Ghostly Armor"],"picked":"SKIP","floor":23},{"not_picked":["Rupture","Dropkick","Pommel Strike+1"],"picked":"SKIP","floor":25},{"not_picked":["Pommel Strike+1","True Grit","Iron Wave+1"],"picked":"SKIP","floor":27},{"not_picked":["Immolate","Blood for Blood+1"],"picked":"True Grit+1","floor":29},{"not_picked":["Disarm","Sword Boomerang"],"picked":"Metallicize","floor":30},{"not_picked":["Shockwave+1","Intimidate"],"picked":"Battle Trance","floor":35},{"not_picked":["Cleave+1","Havoc+1"],"picked":"Body Slam+1","floor":36},{"not_picked":["Twin Strike+1","Body Slam"],"picked":"Seeing Red+1","floor":38},{"not_picked":["Iron Wave+1","Wild Strike+1","Feel No Pain"],"picked":"SKIP","floor":39},{"not_picked":["Power Through+1","Wild Strike+1"],"picked":"Warcry","floor":41}],"player_experience":387403,"relics_obtained":[{"floor":7.0,"key":"Ancient Tea Set"},{"floor":9.0,"key":"Pear"},{"floor":12.0,"key":"Champion Belt"},{"floor":14.0,"key":"Unceasing Top"},{"floor":20,"key":"Bag of Preparation"},{"floor":21,"key":"Red Mask"},{"floor":23,"key":"Turnip"},{"floor":26,"key":"Art of War"},{"floor":29,"key":"Paper Frog"},{"floor":41,"key":"Orichalcum"}],"event_choices":[{"damage_healed":0.0,"max_hp_gain":0.0,"max_hp_loss":0.0,"gold_gain":0.0,"event_name":"Upgrade Shrine","player_choice":"Upgraded","floor":8.0,"gold_loss":0.0,"damage_taken":0.0,"cards_upgraded":["Shockwave"]},{"damage_healed":0,"gold_gain":0,"player_choice":"Simplicity","damage_taken":0,"max_hp_gain":0,"max_hp_loss":0,"event_name":"Back to Basics","floor":19,"gold_loss":0,"cards_upgraded":["Strike_R","Strike_R","Strike_R","Strike_R","Defend_R","Defend_R","Defend_R","Defend_R"]},{"damage_healed":0,"gold_gain":0,"player_choice":"Fought Bandits","damage_taken":0,"max_hp_gain":0,"max_hp_loss":0,"event_name":"Masked Bandits","floor":21,"gold_loss":0},{"damage_healed":0,"gold_gain":0,"player_choice":"Ignored","damage_taken":0,"max_hp_gain":0,"max_hp_loss":0,"event_name":"The Mausoleum","floor":22,"gold_loss":0},{"damage_healed":0,"gold_gain":0,"player_choice":"Fight","damage_taken":0,"max_hp_gain":0,"max_hp_loss":0,"event_name":"Colosseum","floor":31,"gold_loss":0},{"damage_healed":0,"gold_gain":0,"player_choice":"Fled From Nobs","damage_taken":0,"max_hp_gain":0,"max_hp_loss":0,"event_name":"Colosseum","floor":31,"gold_loss":0},{"damage_healed":0,"gold_gain":222,"player_choice":"Wore Mask","damage_taken":0,"max_hp_gain":0,"max_hp_loss":0,"event_name":"Tomb of Lord Red Mask","floor":45,"gold_loss":0},{"damage_healed":0,"gold_gain":0,"player_choice":"Fight","damage_taken":0,"max_hp_gain":0,"max_hp_loss":0,"event_name":"Mysterious Sphere","floor":46,"gold_loss":0}],"is_beta":false,"boss_relics":[{"not_picked":["Orrery","Ectoplasm"],"picked":"Cursed Key"},{"not_picked":["Velvet Choker","Runic Dome"],"picked":"Empty Cage"}],"items_purged_floors":[13,37],"is_endless":false,"potions_floor_spawned":[2,4,7,14,18,25,29,30,36,38,39],"killed_by":"2 Orb Walkers","ascension_level":6}