{"gold_per_floor":[112,126,138,192,192,192,219,219,219,231,250,265,299,318,318,413,413,428,445,134,134,149,149,149,178,178,188,288,288,203,219,219,316,316,328,328,341,361,379,404,329,329,411,480,530,36,36,63,63,63],"floor_reached":51,"playtime":2531,"items_purged":["Parasite"],"score":764,"play_id":"a2c9df1a-e14e-42ed-9bf1-33cb059b6a7d","local_time":"20190227173841","is_ascension_mode":false,"campfire_choices":[{"data":"Uppercut","floor":6,"key":"SMITH"},{"data":"Armaments","floor":15,"key":"SMITH"},{"data":"Limit Break","floor":23,"key":"SMITH"},{"data":"True Grit","floor":29,"key":"SMITH"},{"data":"Intimidate","floor":32,"key":"SMITH"},{"data":"Limit Break","floor":47,"key":"SMITH"},{"data":"Dual Wield","floor":49,"key":"SMITH"}],"neow_cost":"NONE","seed_source_timestamp":965860858960885,"circlet_count":0,"master_deck":["Bash","Shrug It Off","Uppercut+1","Flex","Feel No Pain+1","Twin Strike+1","Heavy Blade+1","Armaments+1","Inflame+1","Limit Break+1","Twin Strike+1","Body Slam+1","Intimidate+1","True Grit+1","Sword Boomerang+1","Berserk+1","Brutality+1","Dual Wield+1","Warcry+1","Feel No Pain+1","Demon Form+1","Necronomicurse","Evolve+1","Flex","Whirlwind+1","Rage+1","Limit Break+1","Pommel Strike+1"],"relics":["Burning Blood","Regal Pillow","Self Forming Clay","Frozen Egg 2","Meat on the Bone","Molten Egg 2","Centennial Puzzle","Pandora\u0027s Box","Mummified Hand","Necronomicon","Bag of Marbles","Sundial","WingedGreaves","Paper Frog","Mercury Hourglass","Busted Crown","Omamori","SsserpentHead","Shuriken","Chemical X","Torii","Toxic Egg 2"],"potions_floor_usage":[28,28],"damage_taken":[{"damage":0,"enemies":"Small Slimes","floor":1,"turns":3},{"damage":16,"enemies":"Jaw Worm","floor":2,"turns":4},{"damage":1,"enemies":"Cultist","floor":3,"turns":3},{"damage":15,"enemies":"Gremlin Nob","floor":7,"turns":4},{"damage":0,"enemies":"Large Slime","floor":10,"turns":4},{"damage":5,"enemies":"Blue Slaver","floor":11,"turns":3},{"damage":5,"enemies":"Looter","floor":12,"turns":2},{"damage":28,"enemies":"3 Sentries","floor":13,"turns":10},{"damage":0,"enemies":"2 Fungi Beasts","floor":14,"turns":2},{"damage":43,"enemies":"Hexaghost","floor":16,"turns":9},{"damage":11,"enemies":"Chosen","floor":18,"turns":2},{"damage":13,"enemies":"3 Byrds","floor":19,"turns":4},{"damage":10,"enemies":"Snake Plant","floor":22,"turns":4},{"damage":31,"enemies":"Slavers","floor":25,"turns":4},{"damage":13,"enemies":"Sentry and Sphere","floor":27,"turns":4},{"damage":16,"enemies":"Colosseum Slavers","floor":28,"turns":4},{"damage":1,"enemies":"Colosseum Nobs","floor":28,"turns":2},{"damage":20,"enemies":"Centurion and Healer","floor":31,"turns":2},{"damage":24,"enemies":"Automaton","floor":33,"turns":5},{"damage":13,"enemies":"3 Darklings","floor":35,"turns":4},{"damage":20,"enemies":"3 Shapes","floor":37,"turns":2},{"damage":4,"enemies":"Writhing Mass","floor":38,"turns":3},{"damage":21,"enemies":"Maw","floor":39,"turns":7},{"damage":13,"enemies":"Giant Head","floor":40,"turns":5},{"damage":26,"enemies":"Transient","floor":44,"turns":5},{"damage":11,"enemies":"Reptomancer","floor":48,"turns":2},{"damage":31,"enemies":"Time Eater","floor":50,"turns":4}],"seed_played":"-7032732421583655207","potions_obtained":[{"floor":2,"key":"Dexterity Potion"},{"floor":10,"key":"SpeedPotion"},{"floor":12,"key":"BloodPotion"},{"floor":28,"key":"SteroidPotion"},{"floor":31,"key":"SpeedPotion"}],"is_trial":false,"path_per_floor":["M","M","M","?","?","R","E","T","T","M","M","M","E","M","R","B",null,"M","M","$","?","M","R","?","E","T","M","?","R","?","M","R","B",null,"M","?","M","M","M","E","$","?","T","M","?","$","R","E","R","B",null],"character_chosen":"IRONCLAD","items_purchased":["Mummified Hand","Feel No Pain+1","Chemical X","Torii"],"campfire_rested":0,"item_purchase_floors":[20,20,46,46],"current_hp_per_floor":[80,70,75,75,68,68,59,59,59,65,66,67,57,63,63,38,80,75,68,68,68,64,64,48,35,35,40,55,55,55,53,53,47,80,73,73,59,61,58,51,51,51,51,43,43,43,43,50,50,37],"gold":63,"neow_bonus":"RANDOM_COMMON_RELIC","is_prod":false,"is_daily":false,"chose_seed":false,"campfire_upgraded":7,"win_rate":0,"timestamp":1551285521,"path_taken":["M","M","M","?","?","R","E","?","T","M","M","?","E","M","R","BOSS","M","M","$","?","M","R","?","E","T","M","?","R","?","M","R","BOSS","M","?","M","M","M","E","$","?","T","?","?","$","R","E","R","BOSS"],"build_version":"2019-01-23","purchased_purges":1,"victory":true,"max_hp_per_floor":[80,80,80,80,80,80,80,80,80,80,80,80,80,80,80,80,80,80,80,80,80,80,80,80,80,80,80,80,80,80,80,80,80,80,80,80,80,80,80,80,77,77,77,77,77,77,77,77,77,77],"card_choices":[{"not_picked":["Wild Strike","Pommel Strike"],"picked":"Shrug It Off","floor":1},{"not_picked":["Shockwave","Perfected Strike"],"picked":"Uppercut","floor":2},{"not_picked":["Twin Strike","Anger"],"picked":"Flex","floor":3},{"not_picked":["Offering","Carnage"],"picked":"Feel No Pain","floor":7},{"not_picked":["Body Slam+1","Metallicize+1"],"picked":"Twin Strike+1","floor":10},{"not_picked":["Rupture+1","Sword Boomerang+1"],"picked":"Heavy Blade+1","floor":11},{"not_picked":["Anger+1","Sever Soul+1"],"picked":"Armaments","floor":12},{"not_picked":["Reckless Charge+1","Headbutt+1"],"picked":"Inflame+1","floor":13},{"not_picked":["Juggernaut+1","Sever Soul+1","Heavy Blade+1"],"picked":"SKIP","floor":14},{"not_picked":["Brutality+1","Immolate+1"],"picked":"Limit Break","floor":16},{"not_picked":["Anger+1","Clothesline+1"],"picked":"Warcry+1","floor":18},{"not_picked":["Havoc","Dual Wield","Disarm"],"picked":"SKIP","floor":19},{"not_picked":["Anger+1","Armaments"],"picked":"Demon Form+1","floor":22},{"not_picked":["Body Slam+1","Clash+1"],"picked":"Evolve+1","floor":25},{"not_picked":["Body Slam+1","Cleave+1"],"picked":"Flex","floor":27},{"not_picked":["Rage+1","Flex"],"picked":"Whirlwind+1","floor":28},{"not_picked":["Cleave+1","Shrug It Off+1"],"picked":"Rage+1","floor":31},{"not_picked":["Immolate+1","Juggernaut+1"],"picked":"Limit Break","floor":33},{"not_picked":["Armaments+1"],"picked":"SKIP","floor":35},{"not_picked":["Cleave+1"],"picked":"SKIP","floor":37},{"not_picked":["Shockwave"],"picked":"SKIP","floor":38},{"not_picked":["Combust+1"],"picked":"SKIP","floor":39},{"not_picked":["Burning Pact"],"picked":"SKIP","floor":40},{"not_picked":[],"picked":"Pommel Strike+1","floor":44},{"not_picked":["Cleave+1"],"picked":"SKIP","floor":48}],"player_experience":236759,"relics_obtained":[{"floor":7,"key":"Frozen Egg 2"},{"floor":8,"key":"Meat on the Bone"},{"floor":9,"key":"Molten Egg 2"},{"floor":13,"key":"Centennial Puzzle"},{"floor":24,"key":"Necronomicon"},{"floor":25,"key":"Bag of Marbles"},{"floor":26,"key":"Sundial"},{"floor":28,"key":"WingedGreaves"},{"floor":28,"key":"Paper Frog"},{"floor":40,"key":"Omamori"},{"floor":43,"key":"Shuriken"},{"floor":48,"key":"Toxic Egg 2"}],"event_choices":[{"damage_healed":0,"gold_gain":54,"player_choice":"Gained Gold","damage_taken":0,"max_hp_gain":0,"max_hp_loss":0,"event_name":"Golden Wing","floor":4,"gold_loss":0},{"damage_healed":0,"gold_gain":0,"player_choice":"Success","damage_taken":7,"relics_obtained":["Self Forming Clay"],"max_hp_gain":0,"max_hp_loss":0,"event_name":"Scrap Ooze","floor":5,"gold_loss":0},{"cards_removed":["Bludgeon"],"damage_healed":0,"gold_gain":0,"player_choice":"Elegance","damage_taken":0,"max_hp_gain":0,"max_hp_loss":0,"event_name":"Back to Basics","floor":21,"gold_loss":0},{"damage_healed":0,"gold_gain":0,"player_choice":"Obtained Book","damage_taken":16,"max_hp_gain":0,"max_hp_loss":0,"event_name":"Cursed Tome","floor":24,"gold_loss":0},{"damage_healed":0,"gold_gain":0,"player_choice":"Fight","damage_taken":0,"max_hp_gain":0,"max_hp_loss":0,"event_name":"Colosseum","floor":28,"gold_loss":0},{"damage_healed":0,"gold_gain":0,"player_choice":"Fought Nobs","damage_taken":0,"max_hp_gain":0,"max_hp_loss":0,"event_name":"Colosseum","floor":28,"gold_loss":0},{"damage_healed":0,"gold_gain":0,"player_choice":"Obtained Relic","damage_taken":0,"relics_obtained":["Mercury Hourglass"],"max_hp_gain":0,"max_hp_loss":0,"event_name":"Addict","floor":30,"gold_loss":85},{"damage_healed":0,"gold_gain":0,"player_choice":"Memory 1","damage_taken":0,"max_hp_gain":0,"max_hp_loss":0,"event_name":"SensoryStone","floor":36,"gold_loss":0},{"damage_healed":0,"gold_gain":0,"player_choice":"Trade","damage_taken":0,"relics_obtained":["SsserpentHead"],"max_hp_gain":0,"max_hp_loss":0,"event_name":"FaceTrader","floor":42,"gold_loss":0},{"damage_healed":0,"gold_gain":0,"player_choice":"Ignored","damage_taken":0,"max_hp_gain":0,"max_hp_loss":0,"event_name":"Tomb of Lord Red Mask","floor":45,"gold_loss":0}],"is_beta":false,"boss_relics":[{"not_picked":["Velvet Choker","White Beast Statue"],"picked":"Pandora\u0027s Box"},{"not_picked":["Philosopher\u0027s Stone","Eternal Feather"],"picked":"Busted Crown"}],"items_purged_floors":[41],"is_endless":false,"potions_floor_spawned":[2,10,12,16,22,28,31,38,39,48],"ascension_level":0}