{"gold_per_floor":[118,193,12,12,12,12,69,98,98,130,145,170,42,75,75,170,170,188,207,107,122,54,54,54],"floor_reached":24,"playtime":1781,"items_purged":["Strike_R","Strike_R"],"score":356,"play_id":"4635d696-8cbd-4c37-b059-a491b60f163b","local_time":"20190109183903","is_ascension_mode":true,"campfire_choices":[{"data":"Metallicize","floor":6.0,"key":"SMITH"},{"data":"Barricade","floor":15.0,"key":"SMITH"},{"data":"Entrench","floor":23,"key":"SMITH"}],"neow_cost":"NONE","seed_source_timestamp":0,"circlet_count":0,"master_deck":["Strike_R","Strike_R","Strike_R","Defend_R","Defend_R","Defend_R","Defend_R","Bash+1","Metallicize+1","hubris:SharpeningStone","Blood for Blood","Shrug It Off","Entrench","LockedAnchor","Body Slam","Barricade+1","Feed","ExoVibe","Entrench+1","Accelerando"],"special_seed":0,"relics":["Black Blood","Vajra","Meat on the Bone","Centennial Puzzle","hubris:TenFootPole","hubris:DisguiseKit","Anchor","Pear"],"potions_floor_usage":[],"damage_taken":[{"damage":1.0,"enemies":"Cultist","floor":1.0,"turns":3.0},{"damage":45.0,"enemies":"3 Sentries","floor":7.0,"turns":10.0},{"damage":24.0,"enemies":"Gremlin Nob","floor":8.0,"turns":4.0},{"damage":15.0,"enemies":"3 Sentries","floor":10.0,"turns":8.0},{"damage":0.0,"enemies":"2 Louse","floor":11.0,"turns":3.0},{"damage":16.0,"enemies":"Gremlin Nob","floor":12.0,"turns":4.0},{"damage":33.0,"enemies":"Lagavulin","floor":14.0,"turns":11.0},{"damage":21.0,"enemies":"Hexaghost","floor":16.0,"turns":7.0},{"damage":19.0,"enemies":"Chosen","floor":18.0,"turns":11.0},{"damage":0.0,"enemies":"Shell Parasite","floor":19.0,"turns":13.0},{"damage":43.0,"enemies":"Sentry and Sphere","floor":21.0,"turns":26.0},{"damage":72,"enemies":"Chosen and Byrds","floor":24,"turns":9}],"seed_played":"-6513217039975832747","potions_obtained":[{"floor":7.0,"key":"Regen Potion"},{"floor":8.0,"key":"Block Potion"},{"floor":11.0,"key":"SteroidPotion"},{"floor":14.0,"key":"PowerPotion"},{"floor":18.0,"key":"Ancient Potion"},{"floor":19.0,"key":"Ancient Potion"}],"is_trial":false,"path_per_floor":["M","?","$","?","?","R","?","E","T","E","M","E","$","E","R","B",null,"M","M","$","M","$","R","M"],"character_chosen":"IRONCLAD","items_purchased":["Vajra","hubris:SharpeningStone","Body Slam","Entrench"],"campfire_rested":0,"item_purchase_floors":[3,3,13,22],"current_hp_per_floor":[77,66,66,66,66,66,27,33,33,36,54,56,56,51,51,48,80,74,87,87,69,69,69,0],"gold":54,"neow_bonus":"UPGRADE_CARD","is_prod":false,"is_daily":false,"chose_seed":false,"campfire_upgraded":3,"win_rate":0,"timestamp":1547055543,"path_taken":["M","?","$","?","?","R","?","E","T","E","M","E","$","E","R","BOSS","M","M","$","M","$","R","M"],"build_version":"2019-01-03v4","purchased_purges":2,"victory":false,"max_hp_per_floor":[80,80,80,80,80,80,80,80,80,80,80,80,80,90,90,90,90,93,96,96,99,99,99,99],"card_choices":[{"not_picked":["Cleave","Thunderclap"],"picked":"Metallicize","floor":1.0},{"not_picked":["Burning Pact","Iron Wave"],"picked":"Blood for Blood","floor":7.0},{"not_picked":["Hemokinesis","Corruption","Searing Blow"],"picked":"SKIP","floor":8.0},{"not_picked":["Rampage","Havoc"],"picked":"Shrug It Off","floor":10.0},{"not_picked":["Infernal Blade","Perfected Strike","BiteCommand"],"picked":"Entrench","floor":11.0},{"not_picked":["Sword Boomerang","Reaper","Twin Strike"],"picked":"LockedAnchor","floor":12.0},{"not_picked":["Rampage","Corruption","HandsUp"],"picked":"Barricade","floor":14.0},{"not_picked":["Dark Embrace","Brutality","Echonomics"],"picked":"Feed","floor":16.0},{"not_picked":["Thunderclap+1","Sentinel","Sword Boomerang"],"picked":"ExoVibe","floor":18.0},{"not_picked":["Iron Wave","Disarm","Perfected Strike","Cuckoo"],"picked":"SKIP","floor":19.0},{"not_picked":["Dark Embrace","Warcry+1","Heavy Blade"],"picked":"Tempo","floor":21.0}],"player_experience":500055,"relics_obtained":[{"floor":7.0,"key":"Meat on the Bone"},{"floor":8.0,"key":"Centennial Puzzle"},{"floor":9.0,"key":"hubris:TenFootPole"},{"floor":10.0,"key":"hubris:DisguiseKit"},{"floor":12.0,"key":"Anchor"},{"floor":14.0,"key":"Pear"}],"event_choices":[{"damage_healed":0.0,"max_hp_gain":0.0,"max_hp_loss":0.0,"gold_gain":75.0,"event_name":"World of Goop","player_choice":"Gather Gold","floor":2.0,"gold_loss":0.0,"damage_taken":11.0},{"damage_healed":0.0,"max_hp_gain":0.0,"max_hp_loss":0.0,"gold_gain":0.0,"event_name":"The Cleric","player_choice":"Leave","floor":4.0,"gold_loss":0.0,"damage_taken":0.0},{"damage_healed":0.0,"max_hp_gain":0.0,"max_hp_loss":0.0,"gold_gain":0.0,"event_name":"Liars Game","player_choice":"Ignored","floor":5.0,"gold_loss":0.0,"damage_taken":0.0},{"damage_healed":0.0,"max_hp_gain":0.0,"max_hp_loss":0.0,"gold_gain":0.0,"event_name":"Dead Adventurer","player_choice":"Searched \u00271\u0027 times","floor":7.0,"gold_loss":0.0,"damage_taken":0.0}],"is_beta":false,"boss_relics":[{"not_picked":["hubris:ScarierMask","hubris:BlackHole"],"picked":"Black Blood"}],"items_purged_floors":[13,20],"is_endless":false,"potions_floor_spawned":[7,8,11,14,18,19],"killed_by":"Chosen and Byrds","ascension_level":7}