{"gold_per_floor":[10,10,25,37,57,87,87,53,105,105],"floor_reached":10,"playtime":551,"items_purged":[],"score":96,"play_id":"b0479226-0d52-4ff2-950f-8db6168ae922","local_time":"20181207184822","is_ascension_mode":true,"campfire_choices":[{"floor":7,"key":"RECALL"}],"neow_cost":"NO_GOLD","seed_source_timestamp":201112097693365,"circlet_count":0,"master_deck":["Strike_R","Strike_R","Strike_R","Strike_R","Defend_R","Defend_R","Defend_R","Defend_R","Bash","Feed","Cleave","Offering","Iron Wave","Bloodletting","Impervious","Rampage"],"relics":["Burning Blood","Frozen Egg 2"],"potions_floor_usage":[6,6],"damage_taken":[{"damage":0,"enemies":"Small Slimes","floor":1,"turns":4},{"damage":1,"enemies":"Cultist","floor":3,"turns":3},{"damage":11,"enemies":"Jaw Worm","floor":4,"turns":5},{"damage":27,"enemies":"Large Slime","floor":5,"turns":12},{"damage":58,"enemies":"Lagavulin","floor":6,"turns":7},{"damage":17,"enemies":"3 Sentries","floor":10,"turns":2}],"seed_played":"6676017640187405897","potions_obtained":[{"floor":3,"key":"LiquidBronze"},{"floor":4,"key":"FearPotion"}],"is_trial":false,"path_per_floor":["M","?","M","M","M","E","R","$","T","E"],"character_chosen":"IRONCLAD","items_purchased":["Rampage"],"campfire_rested":0,"item_purchase_floors":[8],"current_hp_per_floor":[83,83,86,84,66,17,17,17,17,0],"gold":105,"neow_bonus":"THREE_RARE_CARDS","is_prod":false,"is_daily":false,"chose_seed":false,"campfire_upgraded":0,"win_rate":0,"timestamp":1544204902,"path_taken":["M","?","?","M","M","E","R","$","T","E"],"build_version":"2018-12-06","purchased_purges":0,"victory":false,"max_hp_per_floor":[83,83,86,89,92,95,95,95,95,95],"card_choices":[{"not_picked":["Bludgeon","Brutality"],"picked":"Feed","floor":0},{"not_picked":["Pommel Strike","Shrug It Off"],"picked":"Cleave","floor":1},{"not_picked":["Clothesline","Uppercut"],"picked":"Iron Wave","floor":3},{"not_picked":["Wild Strike","Disarm"],"picked":"Bloodletting","floor":4},{"not_picked":["Power Through","Twin Strike","Wild Strike"],"picked":"SKIP","floor":5},{"not_picked":["Second Wind","Rampage"],"picked":"Impervious","floor":6}],"player_experience":219678,"relics_obtained":[{"floor":6,"key":"Frozen Egg 2"}],"event_choices":[{"damage_healed":0,"gold_gain":0,"cards_transformed":["Strike_R"],"player_choice":"Transformed","damage_taken":0,"max_hp_gain":0,"max_hp_loss":0,"event_name":"Transmorgrifier","floor":2,"gold_loss":0,"cards_obtained":["Offering"]}],"is_beta":false,"boss_relics":[],"items_purged_floors":[],"is_endless":false,"potions_floor_spawned":[3,4],"killed_by":"3 Sentries","ascension_level":1}