{"gold_per_floor":[10,85,100,100,114,154,154,154,154,175,206,206,226,240,240,361,361,380,394,136,261,276,276,315,315,395,485,258,281,301,332,332,461,461,479,479,604,125,458,458,493,493,519,531,18,29,29,60,60,60],"floor_reached":51,"playtime":4470,"items_purged":["Defend_R","Defend_R"],"score":787,"play_id":"c0ff5f03-e411-4150-ae36-95d83858258f","local_time":"20190215193035","is_ascension_mode":true,"campfire_choices":[{"data":"Double Tap","floor":7,"key":"SMITH"},{"data":"Rampage","floor":12,"key":"SMITH"},{"data":"Bash","floor":15,"key":"SMITH"},{"data":"Armaments","floor":23,"key":"SMITH"},{"data":"Reaper","floor":25,"key":"SMITH"},{"data":"Magnetism","floor":32,"key":"SMITH"},{"data":"1","floor":40,"key":"LIFT"},{"data":"2","floor":42,"key":"LIFT"},{"data":"3","floor":44,"key":"LIFT"},{"data":"Corruption","floor":47,"key":"SMITH"},{"data":"Feel No Pain","floor":49,"key":"SMITH"}],"neow_cost":"NO_GOLD","seed_source_timestamp":92196476895996,"circlet_count":0,"master_deck":["Strike_R","Strike_R","Strike_R","Strike_R","Defend_R","Bash+1","Perfected Strike","Double Tap+1","Infernal Blade+1","Rampage+1","Headbutt","Shrug It Off","Perfected Strike","Reaper+1","Shockwave","Dropkick+1","Ghostly Armor","Armaments+1","Twin Strike+1","True Grit+1","Magnetism+1","Twin Strike","Reaper","Bandage Up","Enlightenment","Warcry","Corruption+1","Seeing Red","Feel No Pain+1","Bloodletting","Metallicize","Feel No Pain","Rage","Bloodletting+1"],"relics":["Black Blood","Magic Flower","Ornamental Fan","Pear","Sozu","Blood Vial","Ice Cream","The Courier","Anchor","Mummified Hand","Dream Catcher","Dead Branch","Girya","Bag of Preparation","MawBank","Happy Flower","ClockworkSouvenir","Vajra","Blue Candle"],"potions_floor_usage":[16,50,50,50],"damage_taken":[{"damage":1,"enemies":"Cultist","floor":1,"turns":3},{"damage":0,"enemies":"Small Slimes","floor":3,"turns":2},{"damage":6,"enemies":"Jaw Worm","floor":5,"turns":2},{"damage":31,"enemies":"Lagavulin","floor":6,"turns":6},{"damage":7,"enemies":"Blue Slaver","floor":10,"turns":3},{"damage":13,"enemies":"3 Sentries","floor":11,"turns":6},{"damage":13,"enemies":"Red Slaver","floor":13,"turns":2},{"damage":6,"enemies":"2 Fungi Beasts","floor":14,"turns":3},{"damage":16,"enemies":"Slime Boss","floor":16,"turns":6},{"damage":0,"enemies":"Spheric Guardian","floor":18,"turns":2},{"damage":10,"enemies":"Chosen","floor":19,"turns":3},{"damage":23,"enemies":"Colosseum Slavers","floor":21,"turns":4},{"damage":17,"enemies":"Colosseum Nobs","floor":21,"turns":4},{"damage":0,"enemies":"Snecko","floor":22,"turns":3},{"damage":47,"enemies":"Slavers","floor":24,"turns":5},{"damage":17,"enemies":"Snake Plant","floor":29,"turns":4},{"damage":2,"enemies":"Centurion and Healer","floor":30,"turns":4},{"damage":20,"enemies":"Gremlin Leader","floor":31,"turns":7},{"damage":79,"enemies":"Collector","floor":33,"turns":10},{"damage":6,"enemies":"3 Darklings","floor":35,"turns":7},{"damage":0,"enemies":"Mind Bloom Boss Battle","floor":37,"turns":4},{"damage":16,"enemies":"Nemesis","floor":41,"turns":3},{"damage":0,"enemies":"3 Shapes","floor":46,"turns":3},{"damage":6,"enemies":"Reptomancer","floor":48,"turns":4},{"damage":73,"enemies":"Time Eater","floor":50,"turns":10}],"seed_played":"8112658155752455085","potions_obtained":[{"floor":3,"key":"Poison Potion"},{"floor":10,"key":"Weak Potion"},{"floor":11,"key":"Energy Potion"},{"floor":16,"key":"Strength Potion"}],"is_trial":false,"path_per_floor":["M","?","M","?","M","E","R","?","T","M","E","R","M","M","R","B",null,"M","M","$","?","M","R","E","R","T","?","$","M","M","E","R","B",null,"M","?","?","$","?","R","E","R","T","R","$","M","R","E","R","B",null],"character_chosen":"IRONCLAD","items_purchased":["Blood Vial","Ghostly Armor","Magnetism","Corruption","Seeing Red","Girya","Feel No Pain","Bloodletting","Happy Flower","ClockworkSouvenir","Vajra","Metallicize","Feel No Pain"],"campfire_rested":0,"item_purchase_floors":[20,20,28,38,38,38,38,38,45,45,45,45,45],"current_hp_per_floor":[80,69,75,74,74,49,49,49,49,51,57,57,53,56,56,49,84,84,84,84,76,84,84,64,64,64,48,48,43,64,82,82,14,84,84,74,84,84,84,84,84,84,84,84,84,84,84,84,84,84],"gold":60,"neow_bonus":"TRANSFORM_TWO_CARDS","is_prod":false,"is_daily":false,"chose_seed":false,"campfire_upgraded":8,"win_rate":0,"timestamp":1550255435,"path_taken":["M","?","M","?","M","E","R","?","T","?","E","R","M","M","R","BOSS","M","M","$","?","M","R","E","R","T","?","$","M","M","E","R","BOSS","M","?","?","$","?","R","E","R","T","R","?","M","R","E","R","BOSS"],"build_version":"2019-01-23","purchased_purges":2,"victory":true,"max_hp_per_floor":[80,80,80,74,74,74,74,74,74,74,84,84,84,84,84,84,84,84,84,84,84,84,84,84,84,84,84,84,84,84,84,84,84,84,84,84,84,84,84,84,84,84,84,84,84,84,84,84,84,84],"card_choices":[{"not_picked":["Clothesline","Havoc","Perfected Strike"],"picked":"SKIP","floor":1},{"not_picked":["Combust","Sword Boomerang"],"picked":"Infernal Blade","floor":3},{"not_picked":["Shockwave","Fire Breathing","Anger"],"picked":"SKIP","floor":5},{"not_picked":["Rupture","Reckless Charge","Uppercut"],"picked":"SKIP","floor":6},{"not_picked":["Wild Strike","Havoc"],"picked":"Rampage","floor":10},{"not_picked":["Carnage","Heavy Blade"],"picked":"Headbutt","floor":11},{"not_picked":["Pummel","Heavy Blade"],"picked":"Shrug It Off","floor":13},{"not_picked":["Shrug It Off","Burning Pact"],"picked":"Perfected Strike","floor":14},{"not_picked":["Barricade","Dark Embrace"],"picked":"Reaper","floor":16},{"not_picked":["Rupture","Clothesline"],"picked":"Shockwave","floor":18},{"not_picked":["Evolve","Clothesline+1"],"picked":"Dropkick+1","floor":19},{"not_picked":["Burning Pact","True Grit"],"picked":"Armaments","floor":21},{"not_picked":["Cleave","Juggernaut"],"picked":"Twin Strike+1","floor":22},{"not_picked":["Juggernaut","Ghostly Armor+1"],"picked":"True Grit+1","floor":24},{"not_picked":["Iron Wave","Warcry+1"],"picked":"Twin Strike","floor":29},{"not_picked":["Clash","Body Slam","Cleave"],"picked":"SKIP","floor":30},{"not_picked":["Heavy Blade","Rampage","Second Wind+1"],"picked":"SKIP","floor":31},{"not_picked":["Bludgeon","Limit Break"],"picked":"Reaper","floor":33},{"not_picked":["Second Wind","Heavy Blade","Rupture+1"],"picked":"SKIP","floor":35},{"not_picked":["Good Instincts","Trip"],"picked":"Bandage Up","floor":36},{"not_picked":["Forethought","Swift Strike"],"picked":"Enlightenment","floor":36},{"not_picked":["True Grit","Clothesline"],"picked":"Warcry","floor":37},{"not_picked":["Anger","Second Wind","Armaments+1"],"picked":"SKIP","floor":41},{"not_picked":["Clothesline+1","Burning Pact"],"picked":"Rage","floor":46},{"not_picked":["Double Tap","Rampage"],"picked":"Bloodletting+1","floor":48}],"player_experience":148294,"relics_obtained":[{"floor":6,"key":"Magic Flower"},{"floor":9,"key":"Ornamental Fan"},{"floor":11,"key":"Pear"},{"floor":21,"key":"Ice Cream"},{"floor":21,"key":"The Courier"},{"floor":24,"key":"Anchor"},{"floor":26,"key":"Mummified Hand"},{"floor":31,"key":"Dream Catcher"},{"floor":37,"key":"Dead Branch"},{"floor":41,"key":"Bag of Preparation"},{"floor":43,"key":"MawBank"},{"floor":48,"key":"Blue Candle"}],"event_choices":[{"damage_healed":0,"gold_gain":75,"player_choice":"Gather Gold","damage_taken":11,"max_hp_gain":0,"max_hp_loss":0,"event_name":"World of Goop","floor":2,"gold_loss":0},{"damage_healed":0,"gold_gain":0,"player_choice":"Lose Max HP","damage_taken":0,"relics_obtained":["Golden Idol"],"max_hp_gain":0,"max_hp_loss":6,"event_name":"Golden Idol","floor":4,"gold_loss":0},{"damage_healed":0,"gold_gain":0,"player_choice":"Upgraded","damage_taken":0,"max_hp_gain":0,"max_hp_loss":0,"event_name":"Upgrade Shrine","floor":8,"gold_loss":0,"cards_upgraded":["Infernal Blade"]},{"damage_healed":0,"gold_gain":0,"player_choice":"Fight","damage_taken":0,"max_hp_gain":0,"max_hp_loss":0,"event_name":"Colosseum","floor":21,"gold_loss":0},{"damage_healed":0,"gold_gain":0,"player_choice":"Fought Nobs","damage_taken":0,"max_hp_gain":0,"max_hp_loss":0,"event_name":"Colosseum","floor":21,"gold_loss":0},{"damage_healed":0,"gold_gain":90,"player_choice":"GOLD ","damage_taken":16,"max_hp_gain":0,"max_hp_loss":0,"event_name":"Knowing Skull","floor":27,"potions_obtained":[],"gold_loss":0,"cards_obtained":[]},{"damage_healed":0,"gold_gain":0,"player_choice":"Memory 3","damage_taken":10,"max_hp_gain":0,"max_hp_loss":0,"event_name":"SensoryStone","floor":36,"gold_loss":0},{"damage_healed":0,"gold_gain":0,"player_choice":"Fight","damage_taken":0,"max_hp_gain":0,"max_hp_loss":0,"event_name":"MindBloom","floor":37,"gold_loss":0},{"damage_healed":0,"gold_gain":333,"player_choice":"Gave Idol","damage_taken":0,"max_hp_gain":0,"max_hp_loss":0,"event_name":"The Moai Head","floor":39,"relics_lost":["Golden Idol"],"gold_loss":0}],"is_beta":false,"boss_relics":[{"not_picked":["Mark of Pain","Velvet Choker"],"picked":"Sozu"},{"not_picked":["Eternal Feather","Black Star"],"picked":"Black Blood"}],"items_purged_floors":[20,28],"is_endless":false,"potions_floor_spawned":[3,10,11,14,16,19,22,30,37,41],"ascension_level":1}