{"gold_per_floor":[116,132,142,159,159,159,159,214,269,301,301,314,63,75,75,75],"floor_reached":16,"playtime":562,"items_purged":[],"score":128,"play_id":"989d2ec9-0212-4b9e-ac6b-55bc39b3ad1a","local_time":"20190410175828","is_ascension_mode":true,"campfire_choices":[{"data":"Rampage","floor":6,"key":"SMITH"},{"data":"Double Tap","floor":11,"key":"SMITH"},{"data":"Headbutt","floor":15,"key":"SMITH"}],"neow_cost":"NONE","seed_source_timestamp":2664445875217702,"circlet_count":0,"master_deck":["Strike_R","Strike_R","Strike_R","Strike_R","Strike_R","Defend_R","Defend_R","Defend_R","Defend_R","Bash","Rampage+1","Cleave","Headbutt+1","Double Tap+1","Rampage"],"relics":["Burning Blood","NeowsBlessing","Dream Catcher","Strawberry","Tiny Chest","Anchor","Bottled Flame"],"potions_floor_usage":[10,16,16],"damage_taken":[{"damage":0,"enemies":"Small Slimes","floor":1,"turns":1},{"damage":0,"enemies":"2 Louse","floor":2,"turns":1},{"damage":0,"enemies":"Cultist","floor":3,"turns":1},{"damage":12,"enemies":"Looter","floor":4,"turns":3},{"damage":40,"enemies":"Lagavulin Event","floor":8,"turns":5},{"damage":20,"enemies":"3 Sentries","floor":10,"turns":5},{"damage":3,"enemies":"Exordium Wildlife","floor":12,"turns":3},{"damage":15,"enemies":"Gremlin Gang","floor":14,"turns":4},{"damage":42,"enemies":"Hexaghost","floor":16,"turns":8}],"seed_played":"-6936531530785135099","potions_obtained":[{"floor":1,"key":"Ancient Potion"},{"floor":3,"key":"SpeedPotion"},{"floor":4,"key":"Fire Potion"},{"floor":10,"key":"SkillPotion"},{"floor":14,"key":"BloodPotion"}],"is_trial":false,"path_per_floor":["M","M","M","M","?","R","?","?","T","E","R","M","$","M","R","B"],"character_chosen":"IRONCLAD","items_purchased":["Bottled Flame"],"campfire_rested":0,"item_purchase_floors":[13],"current_hp_per_floor":[80,80,80,74,79,79,76,49,49,35,35,38,38,29,29,0],"gold":75,"neow_bonus":"THREE_ENEMY_KILL","is_prod":false,"is_daily":false,"chose_seed":false,"campfire_upgraded":3,"win_rate":0,"timestamp":1554911908,"path_taken":["M","M","M","M","?","R","?","?","T","E","R","M","$","M","R","BOSS"],"build_version":"2019-01-23","purchased_purges":0,"victory":false,"max_hp_per_floor":[80,80,80,80,85,85,85,92,92,92,92,92,92,92,92,92],"card_choices":[{"not_picked":["Pummel","Spot Weakness"],"picked":"Rampage","floor":1},{"not_picked":["Flame Barrier","Anger"],"picked":"Cleave","floor":2},{"not_picked":["Twin Strike","Anger"],"picked":"Headbutt","floor":3},{"not_picked":["Warcry","Carnage","Clothesline"],"picked":"SKIP","floor":4},{"not_picked":["Shrug It Off","Thunderclap"],"picked":"Double Tap","floor":10},{"not_picked":["Warcry","Wild Strike"],"picked":"Rampage","floor":12},{"not_picked":["Sword Boomerang","Dual Wield","Iron Wave"],"picked":"SKIP","floor":14}],"player_experience":164178,"relics_obtained":[{"floor":9,"key":"Tiny Chest"},{"floor":10,"key":"Anchor"}],"event_choices":[{"damage_healed":0,"gold_gain":0,"player_choice":"Donut","damage_taken":0,"max_hp_gain":5,"max_hp_loss":0,"event_name":"Big Fish","floor":5,"gold_loss":0},{"damage_healed":0,"gold_gain":0,"player_choice":"Success","damage_taken":3,"relics_obtained":["Dream Catcher"],"max_hp_gain":0,"max_hp_loss":0,"event_name":"Scrap Ooze","floor":7,"gold_loss":0},{"damage_healed":0,"gold_gain":0,"player_choice":"Searched \u00273\u0027 times","damage_taken":0,"relics_obtained":["Strawberry"],"max_hp_gain":0,"max_hp_loss":0,"event_name":"Dead Adventurer","floor":8,"gold_loss":0}],"is_beta":false,"boss_relics":[],"items_purged_floors":[],"is_endless":false,"potions_floor_spawned":[1,3,4,10,14],"killed_by":"Hexaghost","ascension_level":5}