{"gold_per_floor":[117,117,42,59,59,59,90,90,117,133,133,133,151,166,166,166],"floor_reached":16,"playtime":516,"items_purged":["Normality"],"score":100,"play_id":"46f31dde-065d-44d2-94a0-64e3d15f294b","local_time":"20180722180715","is_ascension_mode":false,"campfire_choices":[{"data":"Bash","floor":6,"key":"SMITH"},{"floor":12,"key":"REST"},{"floor":15,"key":"REST"}],"neow_cost":"NONE","seed_source_timestamp":352934946480781,"circlet_count":0,"master_deck":["Strike_R","Strike_R","Strike_R","Strike_R","Defend_R","Defend_R","Defend_R","Defend_R","Bash+1"],"relics":["Philosopher\u0027s Stone","Ancient Tea Set","Anchor","Lantern"],"potions_floor_usage":[16,16],"damage_taken":[{"damage":12,"enemies":"2 Louse","floor":1,"turns":3},{"damage":3,"enemies":"Cultist","floor":4,"turns":3},{"damage":49,"enemies":"Lagavulin","floor":7,"turns":7},{"damage":7,"enemies":"Small Slimes","floor":10,"turns":4},{"damage":0,"enemies":"3 Louse","floor":13,"turns":3},{"damage":14,"enemies":"Blue Slaver","floor":14,"turns":4},{"damage":48,"enemies":"Slime Boss","floor":16,"turns":7}],"seed_played":"-861232248969507894","potions_obtained":[{"floor":4,"key":"SkillPotion"},{"floor":7,"key":"Swift Potion"},{"floor":10,"key":"LiquidBronze"}],"is_trial":false,"path_per_floor":["M","?","$","M","$","R","E","?","T","M","?","R","M","M","R"],"character_chosen":"IRONCLAD","items_purchased":[],"campfire_rested":2,"item_purchase_floors":[],"current_hp_per_floor":[68,68,68,65,65,65,16,16,16,9,9,33,33,19,43,0],"gold":166,"neow_bonus":"BOSS_RELIC","is_prod":false,"is_daily":false,"chose_seed":false,"campfire_upgraded":1,"win_rate":0.0,"timestamp":1532275635,"path_taken":["M","?","$","M","$","R","E","?","T","M","?","R","?","M","R","BOSS"],"build_version":"2018-07-19v2","purchased_purges":1,"victory":false,"max_hp_per_floor":[80,80,80,80,80,80,80,80,80,80,80,80,80,80,80,80],"card_choices":[{"not_picked":["Twin Strike","Searing Blow","Heavy Blade"],"picked":"SKIP","floor":1},{"not_picked":["Armaments","Twin Strike","Body Slam"],"picked":"SKIP","floor":4},{"not_picked":["Havoc","Flex","Corruption"],"picked":"SKIP","floor":7},{"not_picked":["Evolve","Exhume","Rampage"],"picked":"SKIP","floor":10},{"not_picked":["Sword Boomerang","Corruption","Reckless Charge"],"picked":"SKIP","floor":13},{"not_picked":["Iron Wave","Disarm","Warcry"],"picked":"SKIP","floor":14}],"player_experience":90346,"relics_obtained":[{"floor":7,"key":"Anchor"},{"floor":9,"key":"Lantern"}],"event_choices":[{"event_name":"Accursed Blacksmith","player_choice":"Rummage","floor":2,"damage_taken":0},{"event_name":"Living Wall","player_choice":"Forget","floor":8,"damage_taken":0},{"event_name":"Shining Light","player_choice":"Ignored","floor":11,"damage_taken":0}],"is_beta":false,"boss_relics":[],"items_purged_floors":[3],"is_endless":false,"potions_floor_spawned":[4,7,10],"killed_by":"Slime Boss","ascension_level":0}