{"gold_per_floor":[116,116,130,54,54,54,64,76,100,100,118,132,132,145,145,145],"floor_reached":16,"playtime":490,"items_purged":[],"score":141,"play_id":"d2e35271-3809-4c52-b119-dbcc75140693","local_time":"20180929173521","is_ascension_mode":true,"campfire_choices":[{"data":"Bash","floor":6,"key":"SMITH"},{"data":"Uppercut","floor":10,"key":"SMITH"},{"data":"True Grit","floor":13,"key":"SMITH"},{"floor":15,"key":"REST"}],"neow_cost":"","seed_source_timestamp":446431285476207,"circlet_count":0,"master_deck":["Strike_R","Strike_R","Strike_R","Strike_R","Strike_R","Defend_R","Defend_R","Defend_R","Defend_R","Bash+1","AscendersBane","Uppercut+1","Battle Trance","Ghostly Armor","Warcry","Shrug It Off","True Grit+1","Ghostly Armor"],"relics":["Burning Blood","Centennial Puzzle","Blood Vial"],"potions_floor_usage":[14,14,16],"damage_taken":[{"damage":1,"enemies":"Cultist","floor":1,"turns":3},{"damage":1,"enemies":"2 Louse","floor":3,"turns":3},{"damage":12,"enemies":"Jaw Worm","floor":7,"turns":2},{"damage":4,"enemies":"2 Fungi Beasts","floor":8,"turns":4},{"damage":27,"enemies":"Lots of Slimes","floor":11,"turns":6},{"damage":3,"enemies":"Looter","floor":12,"turns":3},{"damage":42,"enemies":"Gremlin Gang","floor":14,"turns":8},{"damage":58,"enemies":"Slime Boss","floor":16,"turns":10}],"seed_played":"-8254009890022955472","potions_obtained":[{"floor":1,"key":"Weak Potion"},{"floor":8,"key":"Weak Potion"},{"floor":11,"key":"Poison Potion"},{"floor":12,"key":"EssenceOfSteel"}],"is_trial":false,"path_per_floor":["M","T","M","$","?","R","M","M","T","R","M","M","R","M","R"],"character_chosen":"IRONCLAD","items_purchased":["Ghostly Armor"],"campfire_rested":1,"item_purchase_floors":[4],"current_hp_per_floor":[77,77,80,80,80,80,74,76,76,76,57,62,62,28,52,0],"gold":145,"neow_bonus":"","is_prod":false,"is_daily":false,"chose_seed":false,"campfire_upgraded":3,"win_rate":0,"timestamp":1538213721,"path_taken":["M","?","?","$","?","R","?","M","T","R","M","M","R","M","R","BOSS"],"build_version":"2018-09-27","purchased_purges":0,"victory":false,"max_hp_per_floor":[80,80,80,80,80,80,80,80,80,80,80,80,80,80,80,80],"card_choices":[{"not_picked":["Heavy Blade","Cleave"],"picked":"Uppercut","floor":1},{"not_picked":["Havoc","Clash"],"picked":"Battle Trance","floor":3},{"not_picked":["Sword Boomerang","Reckless Charge"],"picked":"Warcry","floor":7},{"not_picked":["Anger","Havoc"],"picked":"Shrug It Off","floor":8},{"not_picked":["Wild Strike","Power Through"],"picked":"True Grit","floor":11},{"not_picked":["Pommel Strike","Power Through"],"picked":"Ghostly Armor","floor":12},{"not_picked":["Burning Pact","Cleave","Dual Wield"],"picked":"SKIP","floor":14}],"player_experience":388519,"relics_obtained":[{"floor":2,"key":"Centennial Puzzle"},{"floor":9,"key":"Blood Vial"}],"event_choices":[{"event_name":"Liars Game","player_choice":"disagreed","floor":5,"damage_taken":0}],"is_beta":false,"boss_relics":[],"items_purged_floors":[],"is_endless":false,"potions_floor_spawned":[1,8,11,12],"killed_by":"Slime Boss","ascension_level":10}