{"gold_per_floor":[115,40,40,57,67,67,94,94,94,24,24,82,111,125,125,221,221,234,244,244,244,256,288,288,288,288,298,311,311,356,385,385,385],"floor_reached":33,"playtime":2464,"items_purged":["Shame"],"score":303,"play_id":"7cf40f6f-6d4d-441a-aef7-f5754d29dc71","local_time":"20181208012306","is_ascension_mode":true,"campfire_choices":[{"data":"Reaper","floor":6,"key":"SMITH"},{"data":"Spot Weakness","floor":11,"key":"SMITH"},{"data":"Dual Wield","floor":15,"key":"SMITH"},{"floor":25,"key":"REST"},{"data":"Fiend Fire","floor":29,"key":"SMITH"},{"floor":32,"key":"RECALL"}],"neow_cost":"CURSE","seed_source_timestamp":222881680248988,"circlet_count":0,"master_deck":["Strike_R","Strike_R","Defend_R","Defend_R","Defend_R","Defend_R","Bash","Reaper+1","Clash","Carnage","Spot Weakness+1","Headbutt","Dual Wield+1","Immolate","Shockwave+1","Anger+1","Pommel Strike+1","Clash","Infernal Blade","Battle Trance","Fiend Fire+1","Warcry+1"],"relics":["Burning Blood","Pocketwatch","Magic Flower","Bird Faced Urn","Champion Belt","Astrolabe","Dodecahedron","Bag of Preparation","PreservedInsect","Red Mask"],"potions_floor_usage":[7,12,14,22,23,33,33],"damage_taken":[{"damage":4,"enemies":"Cultist","floor":1,"turns":5},{"damage":8,"enemies":"Small Slimes","floor":4,"turns":4},{"damage":5,"enemies":"2 Louse","floor":5,"turns":4},{"damage":49,"enemies":"Lagavulin","floor":7,"turns":8},{"damage":6,"enemies":"Exordium Thugs","floor":8,"turns":5},{"damage":38,"enemies":"Lagavulin Event","floor":12,"turns":6},{"damage":21,"enemies":"3 Sentries","floor":13,"turns":6},{"damage":8,"enemies":"Exordium Wildlife","floor":14,"turns":4},{"damage":55,"enemies":"Slime Boss","floor":16,"turns":8},{"damage":30,"enemies":"Shell Parasite","floor":18,"turns":4},{"damage":28,"enemies":"Spheric Guardian","floor":19,"turns":5},{"damage":24,"enemies":"Centurion and Healer","floor":22,"turns":4},{"damage":61,"enemies":"Book of Stabbing","floor":23,"turns":6},{"damage":36,"enemies":"Sentry and Sphere","floor":27,"turns":4},{"damage":19,"enemies":"Chosen and Byrds","floor":28,"turns":4},{"damage":18,"enemies":"Masked Bandits","floor":31,"turns":3},{"damage":100,"enemies":"Collector","floor":33,"turns":9}],"seed_played":"-5948383422804060568","potions_obtained":[{"floor":4,"key":"FearPotion"},{"floor":7,"key":"SpeedPotion"},{"floor":13,"key":"SkillPotion"},{"floor":16,"key":"PowerPotion"},{"floor":18,"key":"Swift Potion"},{"floor":20,"key":"BloodPotion"},{"floor":23,"key":"LiquidBronze"},{"floor":27,"key":"SpeedPotion"}],"is_trial":false,"path_per_floor":["M","$","$","M","M","R","E","M","T","$","R","?","E","M","R","B",null,"M","M","?","$","M","E","T","R","T","M","M","R","T","?","R","B"],"character_chosen":"IRONCLAD","items_purchased":["Spot Weakness"],"campfire_rested":1,"item_purchase_floors":[10],"current_hp_per_floor":[80,80,80,80,80,80,37,47,47,47,47,26,55,65,65,80,80,73,54,54,54,75,46,46,70,70,51,70,70,70,79,79,0],"gold":385,"neow_bonus":"THREE_RARE_CARDS","is_prod":false,"is_daily":false,"chose_seed":false,"campfire_upgraded":4,"win_rate":0,"timestamp":1544228586,"path_taken":["M","?","$","M","M","R","E","M","T","$","R","?","E","M","R","BOSS","M","M","?","?","M","E","?","R","T","?","M","R","?","?","R","BOSS"],"build_version":"2018-12-06","purchased_purges":1,"victory":false,"max_hp_per_floor":[80,80,80,80,80,80,80,80,80,80,80,80,80,80,80,80,80,80,80,80,80,80,80,80,80,80,80,80,80,80,80,80,80],"card_choices":[{"not_picked":["Offering","Fiend Fire"],"picked":"Reaper","floor":0},{"not_picked":["Perfected Strike","Burning Pact","Armaments"],"picked":"SKIP","floor":1},{"not_picked":["Iron Wave","Twin Strike","Armaments"],"picked":"SKIP","floor":4},{"not_picked":["Second Wind","Thunderclap"],"picked":"Clash","floor":5},{"not_picked":["Armaments","Entrench"],"picked":"Carnage","floor":7},{"not_picked":["Intimidate","Heavy Blade","Brutality"],"picked":"SKIP","floor":8},{"not_picked":["Clothesline","Perfected Strike"],"picked":"Headbutt","floor":13},{"not_picked":["Thunderclap","Twin Strike"],"picked":"Dual Wield","floor":14},{"not_picked":["Dark Embrace","Brutality"],"picked":"Immolate","floor":16},{"not_picked":["Warcry","Armaments+1"],"picked":"Clash","floor":18},{"not_picked":["Pummel","Metallicize"],"picked":"Infernal Blade","floor":19},{"not_picked":["Twin Strike","Pommel Strike"],"picked":"Battle Trance","floor":22},{"not_picked":["Fire Breathing","Sword Boomerang","Iron Wave"],"picked":"SKIP","floor":23},{"not_picked":["Sever Soul","Wild Strike"],"picked":"Fiend Fire","floor":27},{"not_picked":["Heavy Blade","Rage+1"],"picked":"Warcry+1","floor":28}],"player_experience":240174,"relics_obtained":[{"floor":7,"key":"Pocketwatch"},{"floor":9,"key":"Magic Flower"},{"floor":13,"key":"Champion Belt"},{"floor":23,"key":"Dodecahedron"},{"floor":26,"key":"Bag of Preparation"},{"floor":30,"key":"PreservedInsect"},{"floor":31,"key":"Red Mask"}],"event_choices":[{"damage_healed":0,"gold_gain":0,"player_choice":"Searched \u00272\u0027 times","damage_taken":0,"relics_obtained":["Bird Faced Urn"],"max_hp_gain":0,"max_hp_loss":0,"event_name":"Dead Adventurer","floor":12,"gold_loss":0},{"damage_healed":0,"gold_gain":0,"player_choice":"Got Potions","damage_taken":0,"max_hp_gain":0,"max_hp_loss":0,"event_name":"Lab","floor":20,"gold_loss":0},{"damage_healed":0,"gold_gain":0,"player_choice":"Fought Bandits","damage_taken":0,"max_hp_gain":0,"max_hp_loss":0,"event_name":"Masked Bandits","floor":31,"gold_loss":0}],"is_beta":false,"boss_relics":[{"not_picked":["Black Blood","Runic Pyramid"],"picked":"Astrolabe"}],"items_purged_floors":[2],"is_endless":false,"potions_floor_spawned":[4,7,13,16,18,23,27,31],"killed_by":"Collector","ascension_level":2}