{"gold_per_floor":[114,134,148,148,148,148,163,174,174,174,236,256,256,274,274,372,372,372,372,31,31,31,31,31,31,31,31,31,31,31,31,31,31,31,31,31,31,31,31,31,31],"floor_reached":41,"playtime":4781,"items_purged":["Defend_G"],"score":437,"play_id":"aca3f8d6-98cf-49de-9e86-4800b196a5f8","local_time":"20180704181508","is_ascension_mode":false,"campfire_choices":[{"data":"Cloak And Dagger","floor":6,"key":"SMITH"},{"data":"Wraith Form v2","floor":10,"key":"SMITH"},{"data":"Choke","floor":13,"key":"SMITH"},{"floor":15,"key":"REST"},{"data":"Apotheosis","floor":25,"key":"SMITH"},{"floor":28,"key":"REST"},{"floor":32,"key":"REST"},{"floor":40,"key":"REST"}],"neow_cost":"NONE","seed_source_timestamp":316713691085362,"circlet_count":0,"master_deck":["Defend_G","Defend_G","Defend_G","Defend_G","Strike_G","Strike_G","Strike_G","Strike_G","Strike_G","Survivor","Neutralize","Cloak And Dagger+1","Poisoned Stab","Wraith Form v2+1","Quick Slash","Backflip","Choke+1","Flying Knee","Venomology","Well Laid Plans","Bouncing Flask","Apotheosis+1","Malaise","Footwork","Deflect","Terror+1","Decay","Burst","Distraction","Endless Agony","Madness","Madness"],"relics":["Ring of the Snake","Lantern","Tiny Chest","Ectoplasm","Mummified Hand","Nloth\u0027s Gift","Question Card","Tingsha","Fusion Hammer"],"potions_floor_usage":[7,8,16,18,19,21,21,22,22,23,29,29,29,33,33,33,33,36,41,41],"damage_taken":[{"damage":2,"enemies":"Cultist","floor":1,"turns":5},{"damage":0,"enemies":"Jaw Worm","floor":2,"turns":5},{"damage":0,"enemies":"2 Louse","floor":3,"turns":4},{"damage":0,"enemies":"Blue Slaver","floor":7,"turns":4},{"damage":11,"enemies":"Exordium Thugs","floor":8,"turns":5},{"damage":1,"enemies":"Gremlin Nob","floor":11,"turns":5},{"damage":1,"enemies":"Looter","floor":12,"turns":3},{"damage":1,"enemies":"Lots of Slimes","floor":14,"turns":5},{"damage":55,"enemies":"The Guardian","floor":16,"turns":13},{"damage":3,"enemies":"Spheric Guardian","floor":18,"turns":5},{"damage":1,"enemies":"Chosen","floor":19,"turns":4},{"damage":7,"enemies":"Snake Plant","floor":21,"turns":4},{"damage":11,"enemies":"Centurion and Healer","floor":22,"turns":4},{"damage":12,"enemies":"Slavers","floor":23,"turns":7},{"damage":25,"enemies":"Sentry and Sphere","floor":27,"turns":6},{"damage":12,"enemies":"Gremlin Leader","floor":29,"turns":6},{"damage":0,"enemies":"Snecko","floor":30,"turns":4},{"damage":18,"enemies":"Collector","floor":33,"turns":8},{"damage":5,"enemies":"3 Darklings","floor":35,"turns":5},{"damage":3,"enemies":"Orb Walker","floor":36,"turns":4},{"damage":13,"enemies":"3 Darklings","floor":37,"turns":8},{"damage":61,"enemies":"2 Orb Walkers","floor":41,"turns":8}],"seed_played":"6432966362991709255","potions_obtained":[{"floor":1,"key":"Strength Potion"},{"floor":4,"key":"Weak Potion"},{"floor":4,"key":"Fire Potion"},{"floor":8,"key":"Explosive Potion"},{"floor":12,"key":"Energy Potion"},{"floor":16,"key":"Strength Potion"},{"floor":19,"key":"AttackPotion"},{"floor":27,"key":"SteroidPotion"},{"floor":29,"key":"PowerPotion"},{"floor":30,"key":"PowerPotion"}],"is_trial":false,"path_per_floor":["M","M","M","?","?","R","M","M","T","R","E","M","R","M","R","B",null,"M","M","$","M","M","E","?","R","T","M","R","E","M","?","R","B",null,"M","M","M","?","$","R"],"character_chosen":"THE_SILENT","items_purchased":["Apotheosis","Malaise"],"campfire_rested":4,"item_purchase_floors":[20,20],"current_hp_per_floor":[68,68,68,68,68,68,68,57,57,57,56,55,55,54,70,15,70,67,66,66,59,48,36,36,36,36,11,32,20,20,20,41,23,70,65,62,49,40,40,61,0],"gold":31,"neow_bonus":"RANDOM_COMMON_RELIC","is_prod":false,"is_daily":false,"chose_seed":false,"campfire_upgraded":4,"win_rate":0,"timestamp":1530720908,"path_taken":["M","M","M","?","?","R","M","M","T","R","E","M","R","M","R","BOSS","M","M","$","M","M","E","?","R","T","?","R","E","M","?","R","BOSS","M","M","M","?","$","R","E"],"build_version":"2018-06-28","purchased_purges":1,"victory":false,"max_hp_per_floor":[70,70,70,70,70,70,70,70,70,70,70,70,70,70,70,70,70,70,70,70,70,70,70,70,70,70,70,70,70,70,70,70,70,70,70,70,70,70,70,70,70],"card_choices":[{"not_picked":["Footwork","Underhanded Strike"],"picked":"Cloak And Dagger","floor":1},{"not_picked":["Riddle With Holes","Leg Sweep","Reflex"],"picked":"SKIP","floor":2},{"not_picked":["Footwork","Expertise"],"picked":"Poisoned Stab","floor":3},{"not_picked":["Reflex","PiercingWail"],"picked":"Quick Slash","floor":7},{"not_picked":["Blur","Underhanded Strike"],"picked":"Backflip","floor":8},{"not_picked":["Acrobatics","Prepared","PiercingWail"],"picked":"SKIP","floor":11},{"not_picked":["Expertise","Deflect"],"picked":"Choke","floor":12},{"not_picked":["Deadly Poison","Dash"],"picked":"Flying Knee","floor":14},{"not_picked":["Envenom","Tactician"],"picked":"Venomology","floor":16},{"not_picked":["Flying Knee+1","Caltrops"],"picked":"Well Laid Plans","floor":18},{"not_picked":["All Out Attack","Underhanded Strike"],"picked":"Bouncing Flask","floor":19},{"not_picked":["Deflect","Acrobatics"],"picked":"Footwork","floor":21},{"not_picked":["Sucker Punch+1","Dagger Spray","Acrobatics"],"picked":"SKIP","floor":22},{"not_picked":["Reflex+1","Venomology"],"picked":"Deflect","floor":23},{"not_picked":["Finisher","Skewer","Escape Plan"],"picked":"Terror+1","floor":27},{"not_picked":["Deflect+1","Backflip","Dagger Throw","Eviscerate"],"picked":"SKIP","floor":29},{"not_picked":["Noxious Fumes","Bane","Masterful Stab","Outmaneuver"],"picked":"SKIP","floor":30},{"not_picked":["Wraith Form v2","Die Die Die","Doppelganger"],"picked":"Burst","floor":33},{"not_picked":["Flying Knee+1","Outmaneuver","Poisoned Stab+1"],"picked":"Distraction","floor":35},{"not_picked":["Terror+1","Underhanded Strike","Backflip"],"picked":"Endless Agony","floor":36},{"not_picked":["Prepared","Quick Slash+1","Acrobatics+1","Flying Knee+1"],"picked":"SKIP","floor":37}],"player_experience":34303,"relics_obtained":[{"floor":9,"key":"Bottled Tornado"},{"floor":11,"key":"Tiny Chest"},{"floor":23,"key":"Mummified Hand"},{"floor":26,"key":"Question Card"},{"floor":29,"key":"Tingsha"}],"event_choices":[{"event_name":"The Lab","player_choice":"Got Potions","floor":4,"damage_taken":0},{"event_name":"Match and Keep!","player_choice":"1 cards matched","floor":5,"damage_taken":0},{"event_name":"N\u0027loth","player_choice":"Traded a Bottled Tornado","floor":24,"damage_taken":0},{"event_name":"Forgotten Altar","player_choice":"Smashed Altar","floor":31,"damage_taken":0},{"event_name":"Winding Halls","player_choice":"Embrace Madness","floor":38,"damage_taken":0}],"boss_relics":[{"not_picked":["White Beast Statue","Lizard Tail"],"picked":"Ectoplasm"},{"not_picked":["Snecko Eye","Calling Bell"],"picked":"Fusion Hammer"}],"items_purged_floors":[20],"is_endless":false,"potions_floor_spawned":[1,8,12,16,19,27,29,30],"killed_by":"2 Orb Walkers","ascension_level":0}