{"gold_per_floor":[116,116,126,201,217,243,43,43,43,55,74,93,419,29,29,101,101,115,165,165,165,184,184,44,44,44,56,56,56,56,56,56,127,127,138,138,151,167,167,167,167,167,191,202,202,222,274,287,287,287,287],"floor_reached":51,"playtime":2528,"items_purged":["Defend_G","Writhe"],"score":1260,"play_id":"cc3f2b8d-05c2-46c7-a356-c6324b951d48","local_time":"20190430220111","is_ascension_mode":true,"campfire_choices":[{"data":"Footwork","floor":8.0,"key":"SMITH"},{"floor":15.0,"key":"REST"},{"data":"Glass Knife","floor":23.0,"key":"SMITH"},{"floor":25.0,"key":"REST"},{"floor":29.0,"key":"REST"},{"data":"Blade Dance","floor":32.0,"key":"SMITH"},{"floor":40.0,"key":"REST"},{"data":"Footwork","floor":45.0,"key":"SMITH"},{"floor":49.0,"key":"REST"}],"neow_cost":"NONE","seed_source_timestamp":3745886700894317,"circlet_count":0,"master_deck":["AscendersBane","Defend_G","Defend_G+1","Defend_G","Strike_G","Strike_G","Strike_G","Strike_G","Strike_G","Survivor","Neutralize","Cloak And Dagger","Quick Slash","Deflect","Dash","Footwork+1","Blade Dance+1","Blur","Glass Knife+1","Cloak And Dagger","Adrenaline","Blade Dance+1","Prepared+1","Footwork+1","Slice","Bullet Time","PiercingWail","Malaise","Catalyst","Sucker Punch+1","Noxious Fumes","Burst"],"special_seed":0,"relics":["Ring of the Snake","Du-Vu Doll","Oddly Smooth Stone","Kunai","Old Coin","Bottled Tornado","Runic Pyramid","MutagenicStrength","War Paint","Gremlin Horn","Blue Candle","WristBlade","Question Card","Bag of Preparation","Prayer Wheel"],"potions_floor_usage":[],"damage_taken":[{"damage":1.0,"enemies":"Small Slimes","floor":1.0,"turns":5.0},{"damage":3.0,"enemies":"Cultist","floor":3.0,"turns":4.0},{"damage":0.0,"enemies":"2 Louse","floor":5.0,"turns":2.0},{"damage":20.0,"enemies":"3 Sentries","floor":6.0,"turns":10.0},{"damage":0.0,"enemies":"Blue Slaver","floor":10.0,"turns":4.0},{"damage":0.0,"enemies":"3 Louse","floor":11.0,"turns":4.0},{"damage":0.0,"enemies":"Looter","floor":12.0,"turns":3.0},{"damage":8.0,"enemies":"Lagavulin","floor":13.0,"turns":12.0},{"damage":35.0,"enemies":"Slime Boss","floor":16.0,"turns":9.0},{"damage":0.0,"enemies":"Chosen","floor":18.0,"turns":5.0},{"damage":9.0,"enemies":"2 Thieves","floor":22.0,"turns":4.0},{"damage":12.0,"enemies":"3 Cultists","floor":27.0,"turns":5.0},{"damage":15.0,"enemies":"Automaton","floor":33.0,"turns":21.0},{"damage":1.0,"enemies":"Orb Walker","floor":35.0,"turns":4.0},{"damage":0.0,"enemies":"3 Shapes","floor":37.0,"turns":4.0},{"damage":23.0,"enemies":"Transient","floor":38.0,"turns":6.0},{"damage":0.0,"enemies":"Sphere and 2 Shapes","floor":44.0,"turns":7.0},{"damage":0.0,"enemies":"Spire Growth","floor":46.0,"turns":5.0},{"damage":22.0,"enemies":"2 Orb Walkers","floor":47.0,"turns":5.0},{"damage":7.0,"enemies":"Jaw Worm Horde","floor":48.0,"turns":6.0},{"damage":33,"enemies":"Donu and Deca","floor":50,"turns":15},{"damage":35,"enemies":"Time Eater","floor":51,"turns":11}],"seed_played":"7407981453042422386","potions_obtained":[{"floor":0.0,"key":"FairyPotion"},{"floor":0.0,"key":"SkillPotion"},{"floor":5.0,"key":"SkillPotion"},{"floor":10.0,"key":"Fire Potion"},{"floor":22.0,"key":"SteroidPotion"},{"floor":27.0,"key":"AttackPotion"},{"floor":38.0,"key":"SteroidPotion"}],"is_trial":false,"path_per_floor":["M","?","M","?","M","E","$","R","T","M","M","M","E","$","R","B",null,"M","?","?","?","M","R","$","R","T","M","?","R","T","?","R","B",null,"M","?","M","M","T","R","?","?","T","M","R","M","?","M","R","B","B"],"character_chosen":"THE_SILENT","items_purchased":["Footwork","Oddly Smooth Stone","Bottled Tornado","Cloak And Dagger","Footwork"],"campfire_rested":5,"item_purchase_floors":[7,7,14,14,24],"current_hp_per_floor":[58,58,55,44,44,24,24,24,24,24,24,24,16,16,35,6,51,51,51,51,51,42,42,42,61,61,49,49,66,66,66,66,51,62,61,61,61,38,38,57,57,57,57,57,57,57,35,28,47,14,0],"gold":287,"neow_bonus":"THREE_SMALL_POTIONS","is_prod":false,"is_daily":false,"chose_seed":false,"campfire_upgraded":4,"win_rate":0,"timestamp":1556658071,"path_taken":["M","?","?","?","M","E","$","R","T","M","M","M","E","$","R","BOSS","M","?","?","?","M","R","$","R","T","M","?","R","?","?","R","BOSS","M","?","M","?","?","R","?","?","T","M","R","?","?","M","R","BOSS","BOSS"],"build_version":"2019-01-23","purchased_purges":2,"victory":false,"max_hp_per_floor":[66,66,66,66,66,66,66,66,66,66,66,66,66,66,66,66,66,66,66,66,66,66,66,66,66,66,66,66,66,66,66,66,66,66,66,66,66,66,66,66,66,66,66,66,66,66,66,66,66,66,66],"card_choices":[{"not_picked":["Underhanded Strike","Infinite Blades"],"picked":"Cloak And Dagger","floor":1.0},{"not_picked":["Caltrops","Leg Sweep"],"picked":"Quick Slash","floor":3.0},{"not_picked":["Cloak And Dagger","Prepared"],"picked":"Deflect","floor":5.0},{"not_picked":["Choke","Blade Dance"],"picked":"Dash","floor":6.0},{"not_picked":["Dodge and Roll","Blur"],"picked":"Blade Dance","floor":10.0},{"not_picked":["Caltrops","Outmaneuver"],"picked":"Blur","floor":11.0},{"not_picked":["Deflect","Calculated Gamble","Setup"],"picked":"SKIP","floor":12.0},{"not_picked":["Phantasmal Killer","Acrobatics"],"picked":"Glass Knife","floor":13.0},{"not_picked":["Corpse Explosion","Venomology"],"picked":"Adrenaline","floor":16.0},{"not_picked":["Dash","All Out Attack"],"picked":"Blade Dance","floor":18.0},{"not_picked":["Poisoned Stab","Finisher+1"],"picked":"Prepared+1","floor":22.0},{"not_picked":["Slice","Terror","Acrobatics"],"picked":"SKIP","floor":27.0},{"not_picked":["Terror","Acrobatics"],"picked":"Slice","floor":27.0},{"not_picked":["Die Die Die","Venomology"],"picked":"Bullet Time","floor":33.0},{"not_picked":["Acrobatics+1","Sucker Punch"],"picked":"PiercingWail","floor":35.0},{"not_picked":["Backflip","Poisoned Stab","Predator"],"picked":"SKIP","floor":37.0},{"not_picked":["Predator","Backflip"],"picked":"Dash","floor":38.0},{"not_picked":["Dagger Spray","Caltrops+1","Acrobatics"],"picked":"Sucker Punch+1","floor":44.0},{"not_picked":["Masterful Stab","Quick Slash+1","Sucker Punch"],"picked":"Noxious Fumes","floor":46.0},{"not_picked":["Dagger Spray","Outmaneuver","Infinite Blades+1"],"picked":"Burst","floor":47.0},{"not_picked":["Slice","Poisoned Stab","Dagger Throw+1","PiercingWail"],"picked":"SKIP","floor":48.0},{"not_picked":["Bane","Skewer","Outmaneuver","Caltrops"],"picked":"SKIP","floor":48.0}],"player_experience":752897,"relics_obtained":[{"floor":6.0,"key":"Du-Vu Doll"},{"floor":9.0,"key":"Kunai"},{"floor":13.0,"key":"Old Coin"},{"floor":26.0,"key":"Gremlin Horn"},{"floor":30.0,"key":"Blue Candle"},{"floor":39.0,"key":"Question Card"},{"floor":43.0,"key":"Bag of Preparation"},{"floor":47.0,"key":"Prayer Wheel"}],"event_choices":[{"cards_removed":["Defend_G"],"damage_healed":0.0,"max_hp_gain":0.0,"max_hp_loss":0.0,"gold_gain":0.0,"event_name":"Bonfire Elementals","player_choice":"Offered Basic","floor":2.0,"gold_loss":0.0,"damage_taken":0.0},{"damage_healed":0.0,"max_hp_gain":0.0,"max_hp_loss":0.0,"gold_gain":75.0,"event_name":"World of Goop","player_choice":"Gather Gold","floor":4.0,"gold_loss":0.0,"damage_taken":11.0},{"damage_healed":0.0,"max_hp_gain":0.0,"max_hp_loss":0.0,"gold_gain":50.0,"event_name":"Nest","player_choice":"Stole From Cult","floor":19.0,"gold_loss":0.0,"damage_taken":0.0},{"damage_healed":0.0,"max_hp_gain":0.0,"max_hp_loss":0.0,"gold_gain":0.0,"event_name":"Drug Dealer","player_choice":"Inject Mutagens","floor":20.0,"gold_loss":0.0,"damage_taken":0.0,"relics_obtained":["MutagenicStrength"]},{"damage_healed":0.0,"max_hp_gain":0.0,"max_hp_loss":0.0,"gold_gain":0.0,"event_name":"The Mausoleum","player_choice":"Opened","floor":21.0,"gold_loss":0.0,"damage_taken":0.0,"relics_obtained":["War Paint"],"cards_obtained":["Writhe"]},{"damage_healed":0.0,"max_hp_gain":0.0,"max_hp_loss":0.0,"gold_gain":0.0,"event_name":"Ghosts","player_choice":"Ignored","floor":28.0,"gold_loss":0.0,"damage_taken":0.0},{"damage_healed":0.0,"max_hp_gain":0.0,"max_hp_loss":0.0,"gold_gain":0.0,"event_name":"Vampires","player_choice":"Ignored","floor":31.0,"gold_loss":0.0,"damage_taken":0.0},{"damage_healed":0.0,"max_hp_gain":0.0,"max_hp_loss":0.0,"gold_gain":0.0,"event_name":"Match and Keep!","player_choice":"2 cards matched","floor":36.0,"gold_loss":0.0,"damage_taken":0.0,"cards_obtained":["Malaise","Catalyst"]},{"cards_removed":["Dash"],"damage_healed":0.0,"max_hp_gain":0.0,"max_hp_loss":0.0,"gold_gain":0.0,"event_name":"Falling","player_choice":"Removed Attack","floor":41.0,"gold_loss":0.0,"damage_taken":0.0},{"damage_healed":0.0,"max_hp_gain":0.0,"max_hp_loss":0.0,"gold_gain":0.0,"event_name":"FaceTrader","player_choice":"Leave","floor":42.0,"gold_loss":0.0,"damage_taken":0.0},{"damage_healed":0.0,"max_hp_gain":0.0,"max_hp_loss":0.0,"gold_gain":0.0,"event_name":"Mysterious Sphere","player_choice":"Fight","floor":47.0,"gold_loss":0.0,"damage_taken":0.0}],"is_beta":false,"boss_relics":[{"not_picked":["Tiny House","Velvet Choker"],"picked":"Runic Pyramid"},{"not_picked":["Orrery","Sozu"],"picked":"WristBlade"}],"items_purged_floors":[14,24],"is_endless":false,"potions_floor_spawned":[1,5,10,12,13,22,27,37,38],"killed_by":"Time Eater","ascension_level":20}