{"gold_per_floor":[119,119,119,44,44,69,69,86,113,133,133,133,149,176,176,279,279,295,15,29,29,40,40,68,68,68,82,97,125,125,138,138,138],"floor_reached":33,"playtime":2234,"items_purged":["Defend_R"],"score":325,"play_id":"25f3b604-a95f-4815-b227-4f123eec2166","local_time":"20181208022844","is_ascension_mode":true,"campfire_choices":[{"data":"Impervious","floor":7,"key":"SMITH"},{"floor":15,"key":"REST"},{"data":"Anger","floor":23,"key":"SMITH"},{"data":"Double Tap","floor":25,"key":"SMITH"},{"floor":32,"key":"REST"}],"neow_cost":"NONE","seed_source_timestamp":227050173328678,"circlet_count":0,"master_deck":["Defend_R+1","Bash","Anger+1","Impervious+1","Offering","Dropkick+1","Body Slam+1","Rage+1","Anger+1","Headbutt","Anger","Double Tap+1","Dual Wield+1","Dual Wield","True Grit+1","Sever Soul","Combust"],"relics":["Burning Blood","Ancient Tea Set","Blood Vial","Potion Belt","Astrolabe","Kunai","Juzu Bracelet","Ice Cream"],"potions_floor_usage":[13,28,29,31,33,33],"damage_taken":[{"damage":1,"enemies":"Cultist","floor":1,"turns":4},{"damage":23,"enemies":"Lagavulin","floor":6,"turns":7},{"damage":0,"enemies":"Jaw Worm","floor":8,"turns":3},{"damage":0,"enemies":"2 Louse","floor":10,"turns":2},{"damage":6,"enemies":"Red Slaver","floor":13,"turns":4},{"damage":23,"enemies":"3 Sentries","floor":14,"turns":8},{"damage":62,"enemies":"Hexaghost","floor":16,"turns":11},{"damage":7,"enemies":"3 Byrds","floor":18,"turns":7},{"damage":10,"enemies":"Chosen","floor":20,"turns":4},{"damage":6,"enemies":"Snake Plant","floor":22,"turns":2},{"damage":9,"enemies":"Slavers","floor":24,"turns":6},{"damage":1,"enemies":"Cultist and Chosen","floor":27,"turns":4},{"damage":31,"enemies":"Sentry and Sphere","floor":28,"turns":6},{"damage":9,"enemies":"Gremlin Leader","floor":29,"turns":2},{"damage":41,"enemies":"Snake Plant","floor":31,"turns":6},{"damage":68,"enemies":"Collector","floor":33,"turns":7}],"seed_played":"184288613815597699","potions_obtained":[{"floor":6,"key":"SneckoOil"},{"floor":8,"key":"SneckoOil"},{"floor":13,"key":"Block Potion"},{"floor":22,"key":"LiquidBronze"},{"floor":28,"key":"SkillPotion"},{"floor":29,"key":"PowerPotion"},{"floor":31,"key":"Block Potion"}],"is_trial":false,"path_per_floor":["M","?","?","$","?","E","R","M","T","M","?","?","M","E","R","B",null,"M","$","M","?","M","R","E","R","T","M","M","E","?","M","R","B"],"character_chosen":"IRONCLAD","items_purchased":["Headbutt","Kunai"],"campfire_rested":2,"item_purchase_floors":[19,19],"current_hp_per_floor":[88,70,63,63,63,46,46,52,52,60,60,65,67,52,79,25,93,92,92,89,89,91,91,90,90,90,93,68,67,67,34,61,0],"gold":138,"neow_bonus":"TEN_PERCENT_HP_BONUS","is_prod":false,"is_daily":false,"chose_seed":false,"campfire_upgraded":3,"win_rate":0,"timestamp":1544232524,"path_taken":["M","?","?","$","?","E","R","?","T","M","?","?","M","E","R","BOSS","M","$","M","?","M","R","E","R","T","M","M","E","?","M","R","BOSS"],"build_version":"2018-12-06","purchased_purges":1,"victory":false,"max_hp_per_floor":[88,88,88,88,88,88,88,88,88,88,88,93,93,93,93,93,93,93,93,93,93,93,93,93,93,93,93,93,93,93,93,93,93],"card_choices":[{"not_picked":["True Grit","Twin Strike"],"picked":"Anger","floor":1},{"not_picked":["Rupture","Clash"],"picked":"Impervious","floor":6},{"not_picked":["Corruption","Twin Strike","Rampage"],"picked":"SKIP","floor":8},{"not_picked":["Rampage","Corruption","Bloodletting"],"picked":"SKIP","floor":10},{"not_picked":["Burning Pact","Armaments","Dropkick"],"picked":"SKIP","floor":13},{"not_picked":["Whirlwind","Second Wind","Pommel Strike"],"picked":"SKIP","floor":14},{"not_picked":["Dark Embrace","Bludgeon"],"picked":"Offering","floor":16},{"not_picked":["Iron Wave","Metallicize"],"picked":"Anger","floor":18},{"not_picked":["Sword Boomerang","Body Slam","Corruption"],"picked":"SKIP","floor":20},{"not_picked":["Blood for Blood+1","Wild Strike"],"picked":"Anger","floor":22},{"not_picked":["Corruption","Fire Breathing"],"picked":"Double Tap","floor":24},{"not_picked":["Feel No Pain+1","Twin Strike+1"],"picked":"Dual Wield+1","floor":27},{"not_picked":["Thunderclap","Clothesline"],"picked":"Dual Wield","floor":28},{"not_picked":["Hemokinesis","Cleave"],"picked":"True Grit+1","floor":29},{"not_picked":["Sword Boomerang","Body Slam+1","Havoc"],"picked":"SKIP","floor":31}],"player_experience":244205,"relics_obtained":[{"floor":6,"key":"Ancient Tea Set"},{"floor":9,"key":"Blood Vial"},{"floor":14,"key":"Potion Belt"},{"floor":24,"key":"Juzu Bracelet"},{"floor":29,"key":"Ice Cream"}],"event_choices":[{"damage_healed":0,"gold_gain":0,"player_choice":"Entered Light","damage_taken":18,"max_hp_gain":0,"max_hp_loss":0,"event_name":"Shining Light","floor":2,"gold_loss":0,"cards_upgraded":["Strike_R","Defend_R"]},{"cards_removed":["Strike_R"],"damage_healed":0,"gold_gain":0,"player_choice":"Card Removal","damage_taken":7,"max_hp_gain":0,"max_hp_loss":0,"event_name":"Golden Wing","floor":3,"gold_loss":0},{"damage_healed":0,"gold_gain":0,"player_choice":"Forge","damage_taken":0,"max_hp_gain":0,"max_hp_loss":0,"event_name":"Accursed Blacksmith","floor":5,"gold_loss":0,"cards_upgraded":["Anger"]},{"cards_removed":["Strike_R"],"damage_healed":0,"gold_gain":0,"player_choice":"Forget","damage_taken":0,"max_hp_gain":0,"max_hp_loss":0,"event_name":"Living Wall","floor":11,"gold_loss":0},{"damage_healed":0,"gold_gain":0,"player_choice":"Donut","damage_taken":0,"max_hp_gain":5,"max_hp_loss":0,"event_name":"Big Fish","floor":12,"gold_loss":0},{"damage_healed":0,"gold_gain":0,"player_choice":"Ignored","damage_taken":0,"max_hp_gain":0,"max_hp_loss":0,"event_name":"The Mausoleum","floor":21,"gold_loss":0},{"damage_healed":0,"gold_gain":0,"cards_transformed":["Defend_R","Strike_R"],"player_choice":"Became Test Subject","damage_taken":0,"max_hp_gain":0,"max_hp_loss":0,"event_name":"Drug Dealer","floor":30,"gold_loss":0,"cards_obtained":["Sever Soul","Combust"]}],"is_beta":false,"boss_relics":[{"not_picked":["Black Star","Black Blood"],"picked":"Astrolabe"}],"items_purged_floors":[4],"is_endless":false,"potions_floor_spawned":[6,8,13,22,28,29,31],"killed_by":"Collector","ascension_level":2}