{"gold_per_floor":[112,122,122,122,197,197,258,270,324,324,341,162,172,100,100,100],"floor_reached":16,"playtime":821,"items_purged":["Strike_R"],"score":100,"play_id":"2036de67-6b65-4046-8ee1-7bb7f6bbd626","local_time":"20180903135857","is_ascension_mode":false,"campfire_choices":[{"data":"True Grit","floor":6.0,"key":"SMITH"},{"data":"Bash","floor":10.0,"key":"SMITH"},{"data":"Flex","floor":15.0,"key":"SMITH"}],"neow_cost":"PERCENT_DAMAGE","seed_source_timestamp":150275738994980,"circlet_count":0,"master_deck":["Strike_R+1","Strike_R+1","Defend_R+1","Defend_R","Defend_R+1","Bash+1","True Grit+1","Cleave","Flex+1","Iron Wave","Inflame","Pummel"],"special_seed":0,"relics":["Burning Blood","Tiny Chest","War Paint"],"potions_floor_usage":[16],"damage_taken":[{"damage":6.0,"enemies":"Jaw Worm","floor":1.0,"turns":3.0},{"damage":2.0,"enemies":"Cultist","floor":2.0,"turns":4.0},{"damage":24.0,"enemies":"Gremlin Nob","floor":7.0,"turns":4.0},{"damage":0.0,"enemies":"Small Slimes","floor":8.0,"turns":3.0},{"damage":4.0,"enemies":"2 Fungi Beasts","floor":11.0,"turns":3.0},{"damage":0.0,"enemies":"Large Slime","floor":13.0,"turns":4.0},{"damage":29,"enemies":"Hexaghost","floor":16,"turns":10}],"seed_played":"-1176455452019457591","potions_obtained":[{"floor":1.0,"key":"SteroidPotion"},{"floor":7.0,"key":"Swift Potion"}],"is_trial":false,"path_per_floor":["M","M","?","?","?","R","E","M","T","R","M","$","M","$","R"],"character_chosen":"IRONCLAD","items_purchased":["Iron Wave","Inflame","Pummel"],"campfire_rested":0,"item_purchase_floors":[12,12,14],"current_hp_per_floor":[56,60,60,44,33,33,15,21,21,21,23,23,29,29,29,0],"gold":100,"neow_bonus":"REMOVE_TWO","is_prod":false,"is_daily":false,"chose_seed":false,"campfire_upgraded":3,"win_rate":0.0,"timestamp":1535975937,"path_taken":["M","M","?","?","?","R","E","M","T","R","?","?","M","$","R","BOSS"],"build_version":"2018-08-30","purchased_purges":1,"victory":false,"max_hp_per_floor":[80,80,80,80,80,80,80,80,80,80,80,80,80,80,80,80],"card_choices":[{"not_picked":["Corruption","Sentinel"],"picked":"True Grit","floor":1.0},{"not_picked":["Thunderclap","Shrug It Off"],"picked":"Cleave","floor":2.0},{"not_picked":["Berserk","Offering"],"picked":"Flex","floor":7.0},{"not_picked":["Whirlwind","Sentinel","Spot Weakness"],"picked":"SKIP","floor":8.0},{"not_picked":["Infernal Blade","Seeing Red","Dual Wield"],"picked":"SKIP","floor":11.0},{"not_picked":["Clash","Cleave","Perfected Strike"],"picked":"SKIP","floor":13.0}],"player_experience":88501,"relics_obtained":[{"floor":7.0,"key":"Tiny Chest"},{"floor":9.0,"key":"War Paint"}],"event_choices":[{"event_name":"Purifier","player_choice":"One Purge","floor":3.0,"damage_taken":0.0},{"event_name":"Shining Light","player_choice":"Entered Light","floor":4.0,"damage_taken":0.0},{"event_name":"World of Goop","player_choice":"Gather Gold","floor":5.0,"damage_taken":0.0}],"is_beta":false,"boss_relics":[],"items_purged_floors":[12],"is_endless":false,"potions_floor_spawned":[1,7],"killed_by":"Hexaghost","ascension_level":0}