{"gold_per_floor":[115,115,1,20,33,60,60,71,97,122,135,148,148,221,233,370,445,477,614,626,659,671,683,710,218,218,218,238,263,286,330,330,330],"floor_reached":33,"playtime":2194,"items_purged":["Strike_R","Searing Blow"],"score":279,"play_id":"dd47362e-5c53-46e1-9867-a6e6f4824155","local_time":"20180910122202","is_ascension_mode":false,"campfire_choices":[{"data":"True Grit","floor":15.0,"key":"SMITH"},{"data":"True Grit","floor":23,"key":"SMITH"},{"floor":27,"key":"REST"},{"data":"Headbutt","floor":32,"key":"SMITH"}],"neow_cost":"NONE","seed_source_timestamp":258572896090414,"circlet_count":0,"master_deck":["Strike_R","Strike_R+1","Strike_R","Defend_R","Defend_R","Defend_R","Defend_R","Bash","Wild Strike+1","Wild Strike+1","Evolve","Reckless Charge","Thunderclap","Ghostly Armor","True Grit+1","Feed","True Grit+1","Headbutt+1","Shrug It Off+1","Violence"],"special_seed":0,"relics":["Burning Blood","Bag of Marbles","Bronze Scales","Red Skull","Dream Catcher","Golden Idol","MawBank","Tiny House","Du-Vu Doll","Gremlin Horn","Sundial","Blood Vial","Paper Frog","The Courier"],"potions_floor_usage":[19,19,33,33],"damage_taken":[{"damage":3.0,"enemies":"2 Louse","floor":1.0,"turns":3.0},{"damage":5.0,"enemies":"Small Slimes","floor":4.0,"turns":3.0},{"damage":3.0,"enemies":"Jaw Worm","floor":5.0,"turns":3.0},{"damage":31.0,"enemies":"3 Sentries","floor":6.0,"turns":8.0},{"damage":0.0,"enemies":"3 Louse","floor":8.0,"turns":2.0},{"damage":14.0,"enemies":"Gremlin Nob","floor":10.0,"turns":3.0},{"damage":0.0,"enemies":"2 Fungi Beasts","floor":11.0,"turns":2.0},{"damage":5.0,"enemies":"Looter","floor":12.0,"turns":2.0},{"damage":14.0,"enemies":"Gremlin Nob","floor":14.0,"turns":3.0},{"damage":49.0,"enemies":"The Guardian","floor":16.0,"turns":9.0},{"damage":8.0,"enemies":"Shell Parasite","floor":18.0,"turns":5.0},{"damage":29,"enemies":"Colosseum Slavers","floor":19,"turns":6},{"damage":58,"enemies":"Colosseum Nobs","floor":19,"turns":6},{"damage":1,"enemies":"Chosen","floor":21,"turns":3},{"damage":15,"enemies":"Snake Plant","floor":24,"turns":3},{"damage":0,"enemies":"Cultist and Chosen","floor":28,"turns":4},{"damage":7,"enemies":"Centurion and Healer","floor":29,"turns":4},{"damage":18,"enemies":"Sentry and Sphere","floor":30,"turns":6},{"damage":5,"enemies":"Slavers","floor":31,"turns":3},{"damage":60,"enemies":"Automaton","floor":33,"turns":8}],"seed_played":"-4771711302042620632","potions_obtained":[{"floor":6.0,"key":"Regen Potion"},{"floor":10.0,"key":"Regen Potion"},{"floor":11.0,"key":"Dexterity Potion"},{"floor":12.0,"key":"EssenceOfSteel"},{"floor":17.0,"key":"Ancient Potion"},{"floor":18.0,"key":"Fire Potion"},{"floor":28,"key":"SpeedPotion"},{"floor":29,"key":"Fire Potion"},{"floor":30,"key":"Block Potion"}],"is_trial":false,"path_per_floor":["M","?","$","M","M","E","?","M","T","E","M","M","?","?","R","B",null,"M","?","?","M","T","R","M","$","T","R","M","M","M","E","R"],"character_chosen":"IRONCLAD","items_purchased":["Searing Blow","Blood Vial","Violence","Regen Potion"],"campfire_rested":1,"item_purchase_floors":[3,25,25,25],"current_hp_per_floor":[80,73,73,74,77,52,52,58,58,50,56,57,37,29,29,38,85,83,14,14,19,19,19,10,10,10,37,45,46,36,42,42,0],"gold":330,"neow_bonus":"REMOVE_CARD","is_prod":false,"is_daily":false,"chose_seed":false,"campfire_upgraded":3,"win_rate":0.0,"timestamp":1536574922,"path_taken":["M","?","$","M","M","E","?","M","T","E","M","M","?","?","R","BOSS","M","?","?","M","?","R","M","$","T","R","M","M","?","E","R","BOSS"],"build_version":"2018-09-06","purchased_purges":2,"victory":false,"max_hp_per_floor":[80,80,80,80,80,80,80,80,80,80,80,80,80,80,80,80,85,85,91,91,91,91,91,91,91,91,91,91,91,91,94,94,94],"card_choices":[{"not_picked":["Shrug It Off","Intimidate"],"picked":"Wild Strike","floor":1.0},{"not_picked":["Havoc","Flex"],"picked":"Wild Strike","floor":4.0},{"not_picked":["Cleave","Burning Pact"],"picked":"Evolve","floor":5.0},{"not_picked":["Havoc","Evolve","Clash"],"picked":"SKIP","floor":6.0},{"not_picked":["Body Slam","Sword Boomerang"],"picked":"Reckless Charge","floor":8.0},{"not_picked":["Pommel Strike","Fire Breathing","Clash"],"picked":"SKIP","floor":10.0},{"not_picked":["Barricade","Battle Trance"],"picked":"Thunderclap","floor":11.0},{"not_picked":["Iron Wave","Flex"],"picked":"Ghostly Armor","floor":12.0},{"not_picked":["Shrug It Off","Twin Strike"],"picked":"True Grit","floor":14.0},{"not_picked":["Offering","Impervious"],"picked":"Feed","floor":16.0},{"not_picked":["Havoc+1","Heavy Blade"],"picked":"True Grit","floor":18.0},{"not_picked":["Cleave+1","Thunderclap"],"picked":"Headbutt","floor":19},{"not_picked":["Headbutt","Cleave+1","Iron Wave"],"picked":"SKIP","floor":21},{"not_picked":["Pommel Strike","Second Wind"],"picked":"Shrug It Off+1","floor":24},{"not_picked":["Immolate","Clothesline","Flame Barrier"],"picked":"SKIP","floor":28},{"not_picked":["Clash","Perfected Strike","Havoc"],"picked":"SKIP","floor":29},{"not_picked":["Headbutt","Pummel+1","Combust+1"],"picked":"SKIP","floor":30},{"not_picked":["Rage","Fiend Fire","Anger"],"picked":"SKIP","floor":31}],"player_experience":103738,"relics_obtained":[{"floor":6.0,"key":"Bronze Scales"},{"floor":9.0,"key":"Red Skull"},{"floor":10.0,"key":"Dream Catcher"},{"floor":14.0,"key":"MawBank"},{"floor":19,"key":"Du-Vu Doll"},{"floor":19,"key":"Gremlin Horn"},{"floor":22,"key":"Sundial"},{"floor":26,"key":"Paper Frog"},{"floor":31,"key":"The Courier"}],"event_choices":[{"event_name":"Scrap Ooze","player_choice":"success","floor":2.0,"damage_taken":7.0},{"event_name":"Living Wall","player_choice":"Grow","floor":7.0,"damage_taken":0.0},{"event_name":"Golden Idol","player_choice":"Take Damage","floor":13.0,"damage_taken":0.0},{"event_name":"Dead Adventurer","player_choice":"Searched \u00273\u0027 times","floor":14.0,"damage_taken":0.0},{"event_name":"Colosseum","player_choice":"Fight","floor":19,"damage_taken":0},{"event_name":"Colosseum","player_choice":"Fought Nobs","floor":19,"damage_taken":0},{"event_name":"Accursed Blacksmith","player_choice":"Forge","floor":20,"damage_taken":0}],"is_beta":false,"boss_relics":[{"not_picked":["Runic Dome","Philosopher\u0027s Stone"],"picked":"Tiny House"}],"items_purged_floors":[3,25],"is_endless":false,"potions_floor_spawned":[6,10,11,12,14,18,28,29,30],"killed_by":"Automaton","ascension_level":0}