{"gold_per_floor":[122,84,116,145,171,215,240,266,324,351,363,396,408,432,444,555,567,597,641,578,578,597,597,613,613,613,630,630,649,649,666,666,764,764,775,788,788,798,818,818,838,838,838,838,838,852,463,474,474,474],"floor_reached":51,"playtime":4381,"items_purged":["Strike_G","Parasite"],"score":657,"play_id":"c719152e-91a2-4007-80f5-2f70835d1577","local_time":"20190428223448","is_ascension_mode":false,"campfire_choices":[{"floor":11.0,"key":"REST"},{"data":"After Image","floor":15.0,"key":"SMITH"},{"data":"Malaise","floor":23.0,"key":"SMITH"},{"data":"Dagger Spray","floor":25.0,"key":"SMITH"},{"data":"Adrenaline","floor":30.0,"key":"SMITH"},{"floor":32.0,"key":"REST"},{"data":"Neutralize","floor":40.0,"key":"SMITH"},{"data":"Swift Strike","floor":42.0,"key":"SMITH"},{"floor":49,"key":"REST"}],"neow_cost":"NONE","seed_source_timestamp":0,"circlet_count":0,"master_deck":["Defend_G+1","Defend_G+1","Defend_G+1","Defend_G+1","Strike_G+1","Strike_G+1","Strike_G+1","Survivor","Neutralize+1","Dagger Spray","Backflip","Slice","Backstab","Escape Plan","Escape Plan","Slice","Dagger Spray+1","After Image+1","Malaise+1","Cloak And Dagger+1","Blade Dance+1","Cloak And Dagger+1","Outmaneuver+1","Adrenaline+1","Die Die Die","Swift Strike+1","Finisher+1","Impatience"],"special_seed":0,"relics":["Ring of the Serpent","MawBank","Dodecahedron","Oddly Smooth Stone","Odd Mushroom","Red Mask","Ornamental Fan","Runic Pyramid","Thread and Needle","Happy Flower","HandDrill"],"potions_floor_usage":[50],"damage_taken":[{"damage":0.0,"enemies":"2 Louse","floor":1.0,"turns":2.0},{"damage":4.0,"enemies":"Jaw Worm","floor":3.0,"turns":5.0},{"damage":0.0,"enemies":"Cultist","floor":4.0,"turns":4.0},{"damage":6.0,"enemies":"Blue Slaver","floor":5.0,"turns":6.0},{"damage":58.0,"enemies":"3 Sentries","floor":6.0,"turns":17.0},{"damage":0.0,"enemies":"Exordium Wildlife","floor":7.0,"turns":4.0},{"damage":0.0,"enemies":"Lots of Slimes","floor":8.0,"turns":1.0},{"damage":0.0,"enemies":"2 Fungi Beasts","floor":10.0,"turns":4.0},{"damage":7.0,"enemies":"The Mushroom Lair","floor":12.0,"turns":4.0},{"damage":0.0,"enemies":"Red Slaver","floor":14.0,"turns":3.0},{"damage":8.0,"enemies":"Hexaghost","floor":16.0,"turns":11.0},{"damage":0.0,"enemies":"Chosen","floor":18.0,"turns":8.0},{"damage":0.0,"enemies":"Masked Bandits","floor":19.0,"turns":5.0},{"damage":0.0,"enemies":"3 Byrds","floor":22.0,"turns":4.0},{"damage":0.0,"enemies":"Snecko","floor":24.0,"turns":7.0},{"damage":3.0,"enemies":"Snake Plant","floor":27.0,"turns":7.0},{"damage":0.0,"enemies":"Centurion and Healer","floor":29.0,"turns":8.0},{"damage":0.0,"enemies":"Shelled Parasite and Fungi","floor":31.0,"turns":5.0},{"damage":38.0,"enemies":"Champ","floor":33.0,"turns":20.0},{"damage":0.0,"enemies":"3 Shapes","floor":35.0,"turns":5.0},{"damage":0.0,"enemies":"Orb Walker","floor":36.0,"turns":4.0},{"damage":0.0,"enemies":"Writhing Mass","floor":38.0,"turns":13.0},{"damage":0.0,"enemies":"Maw","floor":39.0,"turns":10.0},{"damage":0.0,"enemies":"Transient","floor":41.0,"turns":5.0},{"damage":0,"enemies":"4 Shapes","floor":46,"turns":3},{"damage":0,"enemies":"Spire Growth","floor":48,"turns":4},{"damage":0,"enemies":"Awakened One","floor":50,"turns":17}],"seed_played":"501488608324007031","potions_obtained":[{"floor":1.0,"key":"LiquidBronze"},{"floor":3.0,"key":"GhostInAJar"},{"floor":7.0,"key":"Strength Potion"},{"floor":12.0,"key":"Poison Potion"},{"floor":14.0,"key":"Regen Potion"},{"floor":18.0,"key":"Energy Potion"},{"floor":27.0,"key":"SpeedPotion"},{"floor":31.0,"key":"Energy Potion"},{"floor":33.0,"key":"Energy Potion"},{"floor":41.0,"key":"Swift Potion"},{"floor":48,"key":"GhostInAJar"}],"is_trial":false,"path_per_floor":["M","?","M","M","M","E","M","M","T","M","R","?","$","M","R","B",null,"M","?","$","?","M","R","M","R","T","M","?","M","R","M","R","B",null,"M","M","?","M","M","R","M","R","T","?","T","M","$","M","R","B",null],"character_chosen":"THE_SILENT","items_purchased":["HandDrill","Impatience"],"campfire_rested":3,"item_purchase_floors":[47,47],"current_hp_per_floor":[70,70,66,66,60,2,2,2,2,2,23,16,16,16,16,23,70,70,70,70,70,70,70,70,70,70,67,67,67,67,67,70,32,70,70,70,70,70,70,70,70,70,70,70,70,70,67,67,67,67],"gold":474,"neow_bonus":"RANDOM_COMMON_RELIC","is_prod":false,"is_daily":false,"chose_seed":false,"campfire_upgraded":6,"win_rate":0,"timestamp":1556483688,"path_taken":["M","?","M","M","M","E","M","M","T","M","R","?","$","M","R","BOSS","M","?","$","?","M","R","M","R","T","?","?","M","R","M","R","BOSS","M","M","?","M","M","R","M","R","T","?","?","M","$","?","R","BOSS"],"build_version":"2019-01-23","purchased_purges":2,"victory":true,"max_hp_per_floor":[70,70,70,70,70,70,70,70,70,70,70,70,70,70,70,70,70,70,70,70,70,70,70,70,70,70,70,70,70,70,70,70,70,70,70,70,70,70,70,70,70,70,70,70,70,70,67,67,67,67],"card_choices":[{"not_picked":["Predator","Deadly Poison"],"picked":"Dagger Spray","floor":1.0},{"not_picked":["Sucker Punch","Bane"],"picked":"Backflip","floor":3.0},{"not_picked":["PiercingWail","Bane"],"picked":"Slice","floor":4.0},{"not_picked":["Backflip","Dagger Throw"],"picked":"Backstab","floor":5.0},{"not_picked":["All Out Attack","Sucker Punch"],"picked":"Escape Plan","floor":6.0},{"not_picked":["Concentrate","Bane"],"picked":"Escape Plan","floor":7.0},{"not_picked":["Predator","Reflex","Dagger Throw"],"picked":"SKIP","floor":8.0},{"not_picked":["PiercingWail","Prepared"],"picked":"Slice","floor":10.0},{"not_picked":["Bane","Backflip"],"picked":"Dagger Spray","floor":12.0},{"not_picked":["Sucker Punch","Cloak And Dagger"],"picked":"After Image","floor":14.0},{"not_picked":["Glass Knife","Die Die Die"],"picked":"Malaise","floor":16.0},{"not_picked":["PiercingWail","Prepared"],"picked":"Cloak And Dagger+1","floor":18.0},{"not_picked":["Prepared","Riddle With Holes"],"picked":"Blade Dance+1","floor":19.0},{"not_picked":["PiercingWail","Dodge and Roll"],"picked":"Cloak And Dagger+1","floor":22.0},{"not_picked":["Heel Hook","Masterful Stab"],"picked":"Outmaneuver+1","floor":24.0},{"not_picked":["Cloak And Dagger","Escape Plan"],"picked":"Adrenaline","floor":27.0},{"not_picked":["Calculated Gamble","Slice","Dodge and Roll"],"picked":"SKIP","floor":29.0},{"not_picked":["Blade Dance","Concentrate+1"],"picked":"Well Laid Plans","floor":31.0},{"not_picked":["Grand Finale","Burst"],"picked":"Die Die Die","floor":33.0},{"not_picked":["Deflect","Flying Knee","Dash"],"picked":"SKIP","floor":35.0},{"not_picked":["Dagger Spray","Poisoned Stab+1","Dodge and Roll+1"],"picked":"SKIP","floor":36.0},{"not_picked":["Dramatic Entrance","Deep Breath"],"picked":"Swift Strike","floor":37.0},{"not_picked":["Poisoned Stab","Blade Dance","Underhanded Strike+1"],"picked":"SKIP","floor":38.0},{"not_picked":["Backstab+1","PiercingWail+1"],"picked":"Finisher+1","floor":39.0},{"not_picked":["Outmaneuver","Malaise","Riddle With Holes+1"],"picked":"SKIP","floor":41.0},{"not_picked":["Infinite Blades","Backflip+1","Bane+1"],"picked":"SKIP","floor":46},{"not_picked":["Quick Slash","Deflect","Acrobatics+1"],"picked":"SKIP","floor":48}],"player_experience":196318,"relics_obtained":[{"floor":6.0,"key":"Dodecahedron"},{"floor":9.0,"key":"Oddly Smooth Stone"},{"floor":12.0,"key":"Odd Mushroom"},{"floor":19.0,"key":"Red Mask"},{"floor":26.0,"key":"Ornamental Fan"},{"floor":43.0,"key":"Thread and Needle"},{"floor":45.0,"key":"Happy Flower"}],"event_choices":[{"cards_removed":["Strike_G"],"damage_healed":0.0,"max_hp_gain":0.0,"max_hp_loss":0.0,"gold_gain":0.0,"event_name":"The Cleric","player_choice":"Card Removal","floor":2.0,"gold_loss":50.0,"damage_taken":0.0},{"damage_healed":0.0,"max_hp_gain":0.0,"max_hp_loss":0.0,"gold_gain":0.0,"event_name":"Mushrooms","player_choice":"Fought Mushrooms","floor":12.0,"gold_loss":0.0,"damage_taken":0.0},{"damage_healed":0.0,"max_hp_gain":0.0,"max_hp_loss":0.0,"gold_gain":0.0,"event_name":"Masked Bandits","player_choice":"Fought Bandits","floor":19.0,"gold_loss":0.0,"damage_taken":0.0},{"cards_removed":["Defend_G"],"damage_healed":0.0,"max_hp_gain":0.0,"max_hp_loss":0.0,"gold_gain":0.0,"event_name":"Bonfire Elementals","player_choice":"Offered Basic","floor":21.0,"gold_loss":0.0,"damage_taken":0.0},{"damage_healed":0.0,"max_hp_gain":0.0,"max_hp_loss":0.0,"gold_gain":0.0,"event_name":"Back to Basics","player_choice":"Simplicity","floor":28.0,"gold_loss":0.0,"damage_taken":0.0,"cards_upgraded":["Defend_G","Defend_G","Defend_G","Defend_G","Strike_G","Strike_G","Strike_G"]},{"damage_healed":0.0,"max_hp_gain":0.0,"max_hp_loss":0.0,"gold_gain":0.0,"event_name":"SensoryStone","player_choice":"Memory 1","floor":37.0,"gold_loss":0.0,"damage_taken":0.0},{"cards_removed":["Well Laid Plans"],"damage_healed":0.0,"max_hp_gain":0.0,"max_hp_loss":0.0,"gold_gain":0.0,"event_name":"Falling","player_choice":"Removed Power","floor":44.0,"gold_loss":0.0,"damage_taken":0.0}],"is_beta":false,"boss_relics":[{"not_picked":["Astrolabe","Lizard Tail"],"picked":"Ring of the Serpent"},{"not_picked":["Fusion Hammer","Velvet Choker"],"picked":"Runic Pyramid"}],"items_purged_floors":[20,47],"is_endless":false,"potions_floor_spawned":[1,3,7,12,14,18,27,31,33,41,46,48],"ascension_level":0}