{"gold_per_floor":[113,113,123,133,133,133,166,29,55,74,101,101,119,44,44,142,142,142,5,5,5,5,5,5,5,5,5,5,5,5,5],"floor_reached":31,"playtime":1869,"items_purged":["Strike_B","Strike_B"],"score":329,"play_id":"2ceff068-3d76-4082-9605-df0e89c62fd8","local_time":"20190218134357","is_ascension_mode":true,"campfire_choices":[{"data":"Streamline","floor":6,"key":"SMITH"},{"data":"Beam Cell","floor":12,"key":"SMITH"},{"data":"White Noise","floor":15,"key":"SMITH"},{"data":"Genetic Algorithm","floor":23,"key":"SMITH"},{"floor":28,"key":"REST"},{"data":"Zap","floor":30,"key":"SMITH"}],"neow_cost":"NONE","seed_source_timestamp":174810533939519,"circlet_count":0,"master_deck":["Strike_B","Defend_B","Defend_B","Defend_B","Zap+1","Dualcast+1","White Noise+1","Streamline+1","Undo","Gash","All For One","Beam Cell+1","Genetic Algorithm+1","Glacier+1","Shame"],"relics":["Cracked Core","NeowsBlessing","Lantern","Pen Nib","Anchor","Ectoplasm","War Paint","Emotion Chip","Matryoshka","Potion Belt"],"potions_floor_usage":[11,24,25,31,31],"damage_taken":[{"damage":0,"enemies":"Small Slimes","floor":1,"turns":1},{"damage":0,"enemies":"Cultist","floor":3,"turns":1},{"damage":0,"enemies":"Jaw Worm","floor":4,"turns":1},{"damage":17,"enemies":"3 Sentries","floor":7,"turns":6},{"damage":9,"enemies":"Exordium Thugs","floor":10,"turns":3},{"damage":0,"enemies":"Gremlin Nob","floor":11,"turns":2},{"damage":0,"enemies":"3 Louse","floor":13,"turns":2},{"damage":40,"enemies":"The Guardian","floor":16,"turns":7},{"damage":0,"enemies":"3 Byrds","floor":18,"turns":3},{"damage":25,"enemies":"Shell Parasite","floor":20,"turns":4},{"damage":21,"enemies":"Book of Stabbing","floor":24,"turns":6},{"damage":11,"enemies":"3 Cultists","floor":25,"turns":5},{"damage":26,"enemies":"Gremlin Leader","floor":31,"turns":7}],"seed_played":"64490052647338083","potions_obtained":[{"floor":7,"key":"SkillPotion"},{"floor":10,"key":"Fire Potion"},{"floor":16,"key":"Dexterity Potion"},{"floor":24,"key":"SkillPotion"},{"floor":25,"key":"GamblersBrew"}],"is_trial":false,"path_per_floor":["M","?","M","M","?","R","E","$","T","M","E","R","M","$","R","B",null,"M","$","M","?","?","R","E","M","T","T","R","?","R","E"],"character_chosen":"DEFECT","items_purchased":["All For One","Genetic Algorithm"],"campfire_rested":1,"item_purchase_floors":[8,19],"current_hp_per_floor":[75,75,75,75,75,75,58,58,58,49,49,49,49,49,49,9,75,75,75,50,50,50,50,29,18,18,18,40,26,26,0],"gold":5,"neow_bonus":"THREE_ENEMY_KILL","is_prod":false,"is_daily":false,"chose_seed":false,"campfire_upgraded":5,"win_rate":0,"timestamp":1550493837,"path_taken":["M","?","M","?","?","R","E","?","T","M","E","R","?","$","R","BOSS","M","$","M","?","?","R","E","M","T","?","R","?","R","E"],"build_version":"2019-01-23","purchased_purges":2,"victory":false,"max_hp_per_floor":[75,75,75,75,75,75,75,75,75,75,75,75,75,75,75,75,75,75,75,75,75,75,75,75,75,75,75,75,80,80,80],"card_choices":[{"not_picked":["Beam Cell","Rebound"],"picked":"White Noise","floor":1},{"not_picked":["Doom and Gloom","Glacier"],"picked":"Streamline","floor":3},{"not_picked":["Glacier","Static Discharge"],"picked":"Undo","floor":4},{"not_picked":["Chaos","Sunder"],"picked":"Gash","floor":7},{"not_picked":["Turbo","Sweeping Beam"],"picked":"Beam Cell","floor":10},{"not_picked":["Cold Snap","Redo","Core Surge"],"picked":"SKIP","floor":11},{"not_picked":["Rebound","Stack","Force Field"],"picked":"SKIP","floor":13},{"not_picked":["Stack","Steam","Beam Cell+1"],"picked":"SKIP","floor":18},{"not_picked":["Leap","Reinforced Body"],"picked":"Glacier","floor":20},{"not_picked":["Beam Cell","Leap","Darkness"],"picked":"SKIP","floor":24},{"not_picked":["Darkness","Compile Driver","FTL"],"picked":"SKIP","floor":25}],"player_experience":168017,"relics_obtained":[{"floor":7,"key":"Lantern"},{"floor":9,"key":"Pen Nib"},{"floor":11,"key":"Anchor"},{"floor":24,"key":"Emotion Chip"},{"floor":26,"key":"Matryoshka"},{"floor":27,"key":"Potion Belt"}],"event_choices":[{"cards_removed":["Defend_B"],"damage_healed":0,"gold_gain":0,"player_choice":"Purged","damage_taken":0,"max_hp_gain":0,"max_hp_loss":0,"event_name":"Purifier","floor":2,"gold_loss":0},{"cards_removed":["Strike_B"],"damage_healed":0,"gold_gain":0,"player_choice":"Offered Basic","damage_taken":0,"max_hp_gain":0,"max_hp_loss":0,"event_name":"Bonfire Elementals","floor":5,"gold_loss":0},{"damage_healed":0,"gold_gain":0,"player_choice":"Stole Relic","damage_taken":0,"relics_obtained":["War Paint"],"max_hp_gain":0,"max_hp_loss":0,"event_name":"Addict","floor":21,"gold_loss":0,"cards_obtained":["Shame"]},{"damage_healed":0,"gold_gain":0,"player_choice":"Ignored","damage_taken":0,"max_hp_gain":0,"max_hp_loss":0,"event_name":"Beggar","floor":22,"gold_loss":0},{"damage_healed":0,"gold_gain":0,"player_choice":"Shed Blood","damage_taken":19,"max_hp_gain":5,"max_hp_loss":0,"event_name":"Forgotten Altar","floor":29,"gold_loss":0}],"is_beta":false,"boss_relics":[{"not_picked":["White Beast Statue","Coffee Dripper"],"picked":"Ectoplasm"}],"items_purged_floors":[14,19],"is_endless":false,"potions_floor_spawned":[7,10,16,24,25],"killed_by":"Gremlin Leader","ascension_level":3}