{"gold_per_floor":[109,123,141,155,169,169,47,47,95,20,34,63,63],"floor_reached":13,"playtime":321,"items_purged":["Defend_B"],"score":139,"play_id":"a01a7251-b659-469c-bbe4-bbc2e0de270d","local_time":"20181006122806","is_ascension_mode":true,"campfire_choices":[{"data":"Defragment","floor":6,"key":"SMITH"},{"data":"Zap","floor":8,"key":"SMITH"}],"neow_cost":"NONE","seed_source_timestamp":514592925349027,"circlet_count":0,"master_deck":["Strike_B","Strike_B","Strike_B","Defend_B","Defend_B","Defend_B","Zap+1","Dualcast","AscendersBane","Cold Snap","Reinforced Body","Defragment+1","Conserve Battery","Reinforced Body"],"relics":["Cracked Core","Tiny Chest","Strawberry","Molten Egg 2"],"potions_floor_usage":[12,12],"damage_taken":[{"damage":1,"enemies":"Cultist","floor":1,"turns":4},{"damage":1,"enemies":"2 Louse","floor":2,"turns":3},{"damage":0,"enemies":"Jaw Worm","floor":3,"turns":4},{"damage":12,"enemies":"Looter","floor":4,"turns":4},{"damage":15,"enemies":"Large Slime","floor":5,"turns":5},{"damage":23,"enemies":"3 Louse","floor":11,"turns":3},{"damage":18,"enemies":"Gremlin Nob","floor":12,"turns":4},{"damage":10,"enemies":"Exordium Thugs","floor":13,"turns":1}],"seed_played":"-682439901871099362","potions_obtained":[{"floor":4,"key":"Poison Potion"},{"floor":11,"key":"GamblersBrew"},{"floor":12,"key":"Energy Potion"}],"is_trial":false,"path_per_floor":["M","M","M","M","M","R","$","R","T","$","M","E"],"character_chosen":"DEFECT","items_purchased":["Tiny Chest"],"campfire_rested":0,"item_purchase_floors":[7],"current_hp_per_floor":[67,66,66,54,39,39,39,39,46,46,23,5,0],"gold":63,"neow_bonus":"REMOVE_CARD","is_prod":false,"is_daily":false,"chose_seed":false,"campfire_upgraded":2,"win_rate":0,"timestamp":1538800086,"path_taken":["M","M","?","M","M","R","$","R","T","$","M","E","M"],"build_version":"2018-10-04v2","purchased_purges":1,"victory":false,"max_hp_per_floor":[75,75,75,75,75,75,75,75,82,82,82,82,82],"card_choices":[{"not_picked":["Coolheaded","Gash"],"picked":"Cold Snap","floor":1},{"not_picked":["Aggregate","Barrage"],"picked":"Reinforced Body","floor":2},{"not_picked":["Double Energy","Leap","Darkness"],"picked":"SKIP","floor":3},{"not_picked":["Compile Driver","Chaos"],"picked":"Defragment","floor":4},{"not_picked":["Rainbow","Stack","Leap"],"picked":"SKIP","floor":5},{"not_picked":["Sweeping Beam","Hello World"],"picked":"Conserve Battery","floor":11},{"not_picked":["Turbo","Gash"],"picked":"Reinforced Body","floor":12}],"player_experience":425440,"relics_obtained":[{"floor":9,"key":"Strawberry"},{"floor":12,"key":"Molten Egg 2"}],"event_choices":[],"is_beta":false,"boss_relics":[],"items_purged_floors":[10],"is_endless":false,"potions_floor_spawned":[4,11,12],"killed_by":"Exordium Thugs","ascension_level":12}