{"gold_per_floor":[112,130,94,169,184,184,240,240,266,293,293,293,293,321,321,423,423,403,56,56,56,56,56],"floor_reached":23,"playtime":655,"items_purged":[],"score":305,"play_id":"9b34bfa0-6f1f-46df-a9fd-1b8c1d171fd7","local_time":"20180929121230","is_ascension_mode":true,"campfire_choices":[{"data":"Uppercut","floor":6.0,"key":"SMITH"},{"data":"Limit Break","floor":8.0,"key":"SMITH"},{"floor":13.0,"key":"REST"},{"data":"Bash","floor":15,"key":"SMITH"}],"neow_cost":"NONE","seed_source_timestamp":426880935297700,"circlet_count":0,"master_deck":["Strike_R","Strike_R","Strike_R","Strike_R","Defend_R","Defend_R","Defend_R","Defend_R","Bash+1","AscendersBane","Inflame","Uppercut+1","Feel No Pain","Seeing Red","Limit Break+1","Inflame","Battle Trance","Reaper","True Grit","Shockwave","Heavy Blade","RitualDagger"],"special_seed":0,"relics":["Burning Blood","Tiny Chest","Ancient Tea Set","Lantern","Boot","FossilizedHelix","White Beast Statue","Paper Frog"],"potions_floor_usage":[23,23],"damage_taken":[{"damage":0.0,"enemies":"Small Slimes","floor":1.0,"turns":3.0},{"damage":11.0,"enemies":"2 Louse","floor":2.0,"turns":4.0},{"damage":2.0,"enemies":"Jaw Worm","floor":5.0,"turns":3.0},{"damage":14.0,"enemies":"Gremlin Nob","floor":7.0,"turns":4.0},{"damage":27.0,"enemies":"3 Sentries","floor":10.0,"turns":7.0},{"damage":15,"enemies":"Lagavulin","floor":14,"turns":5},{"damage":38,"enemies":"Hexaghost","floor":16,"turns":7},{"damage":30,"enemies":"2 Thieves","floor":18,"turns":4},{"damage":41,"enemies":"Slavers","floor":23,"turns":3}],"seed_played":"-1202877462396672057","potions_obtained":[{"floor":5.0,"key":"Poison Potion"},{"floor":10.0,"key":"Energy Potion"},{"floor":16,"key":"Poison Potion"},{"floor":18,"key":"Strength Potion"}],"is_trial":false,"path_per_floor":["M","M","$","?","M","R","E","R","T","E","?","?","R","E","R","B",null,"M","$","?","$","?"],"character_chosen":"IRONCLAD","items_purchased":["Feel No Pain","Shockwave","Heavy Blade","Paper Frog"],"campfire_rested":1,"item_purchase_floors":[3,19,19,19],"current_hp_per_floor":[78,73,73,62,66,66,58,58,58,37,37,37,61,52,52,20,65,56,56,41,41,35,0],"gold":56,"neow_bonus":"REMOVE_CARD","is_prod":false,"is_daily":false,"chose_seed":false,"campfire_upgraded":3,"win_rate":0,"timestamp":1538194350,"path_taken":["M","M","$","?","M","R","E","R","T","E","?","?","R","E","R","BOSS","M","$","?","$","?","E"],"build_version":"2018-09-27","purchased_purges":0,"victory":false,"max_hp_per_floor":[80,80,80,80,80,80,80,80,80,80,80,80,80,80,80,80,80,80,80,85,85,85,85],"card_choices":[{"not_picked":["Pommel Strike","Shrug It Off"],"picked":"Inflame","floor":1.0},{"not_picked":["Searing Blow","Clothesline"],"picked":"Uppercut","floor":2.0},{"not_picked":["Flex","Berserk"],"picked":"Seeing Red","floor":5.0},{"not_picked":["Iron Wave","True Grit"],"picked":"Limit Break","floor":7.0},{"not_picked":["Fire Breathing","Dropkick"],"picked":"Inflame","floor":10.0},{"not_picked":["Twin Strike","Clash"],"picked":"Battle Trance","floor":14},{"not_picked":["Immolate","Barricade"],"picked":"Reaper","floor":16},{"not_picked":["Sentinel","Anger"],"picked":"True Grit","floor":18}],"player_experience":383229,"relics_obtained":[{"floor":7.0,"key":"Tiny Chest"},{"floor":9.0,"key":"Ancient Tea Set"},{"floor":10.0,"key":"Lantern"},{"floor":14,"key":"FossilizedHelix"}],"event_choices":[{"event_name":"World of Goop","player_choice":"Gather Gold","floor":4.0,"damage_taken":0.0},{"event_name":"Liars Game","player_choice":"disagreed","floor":11.0,"damage_taken":0.0},{"event_name":"WeMeetAgain","player_choice":"Potion","floor":12.0,"damage_taken":0.0},{"event_name":"Forgotten Altar","player_choice":"Shed Blood","floor":20,"damage_taken":0},{"event_name":"Nest","player_choice":"Joined the Cult","floor":22,"damage_taken":0}],"is_beta":false,"boss_relics":[{"not_picked":["Pandora\u0027s Box","Philosopher\u0027s Stone"],"picked":"White Beast Statue"}],"items_purged_floors":[],"is_endless":false,"potions_floor_spawned":[5,10,16,18],"killed_by":"Slavers","ascension_level":10}