{"gold_per_floor":[117,117,217,234,251,278,278,291,291,291,322,18,18,31,31,31],"floor_reached":16,"playtime":1300,"items_purged":["Shame"],"score":127,"play_id":"cfb0ee96-9c44-42c2-935a-083e51afbc5f","local_time":"20190214173840","is_ascension_mode":true,"campfire_choices":[{"data":"Dramatic Entrance","floor":7,"key":"SMITH"},{"floor":10,"key":"REST"},{"data":"Dash","floor":13,"key":"SMITH"},{"data":"Footwork","floor":15,"key":"SMITH"}],"neow_cost":"CURSE","seed_source_timestamp":2261762229214,"circlet_count":0,"master_deck":["Defend_G","Defend_G","Defend_G+1","Defend_G","Defend_G","Strike_G","Strike_G","Strike_G","Strike_G","Strike_G+1","Survivor","Neutralize","Dramatic Entrance+1","Violence","Sucker Punch","Heel Hook","Outmaneuver","Grand Finale","Dash+1","Setup","Footwork+1"],"relics":["Ring of the Snake","Pear","Matryoshka","Bottled Flame","Toolbox"],"potions_floor_usage":[6,11],"damage_taken":[{"damage":0,"enemies":"Small Slimes","floor":1,"turns":3},{"damage":0,"enemies":"Cultist","floor":4,"turns":4},{"damage":1,"enemies":"Jaw Worm","floor":5,"turns":3},{"damage":19,"enemies":"3 Sentries","floor":6,"turns":7},{"damage":17,"enemies":"Large Slime","floor":8,"turns":9},{"damage":12,"enemies":"Lagavulin","floor":11,"turns":5},{"damage":11,"enemies":"Looter","floor":14,"turns":3},{"damage":31,"enemies":"Hexaghost","floor":16,"turns":16}],"seed_played":"-515043206497313227","potions_obtained":[{"floor":4,"key":"SteroidPotion"},{"floor":5,"key":"Swift Potion"},{"floor":8,"key":"Dexterity Potion"}],"is_trial":false,"path_per_floor":["M","?","?","M","M","E","R","M","T","R","E","$","R","M","R","B"],"character_chosen":"THE_SILENT","items_purchased":["Footwork","Toolbox"],"campfire_rested":1,"item_purchase_floors":[12,12],"current_hp_per_floor":[70,56,56,56,55,46,46,29,29,53,41,41,41,30,30,0],"gold":31,"neow_bonus":"RANDOM_COLORLESS_2","is_prod":false,"is_daily":false,"chose_seed":false,"campfire_upgraded":3,"win_rate":0,"timestamp":1550162320,"path_taken":["M","?","?","?","M","E","R","M","T","R","E","$","R","M","R","BOSS"],"build_version":"2019-01-23","purchased_purges":1,"victory":false,"max_hp_per_floor":[70,70,70,70,70,80,80,80,80,80,80,80,80,80,80,80],"card_choices":[{"not_picked":["Underhanded Strike","Deflect"],"picked":"Sucker Punch","floor":1},{"not_picked":["Outmaneuver","Terror"],"picked":"Heel Hook","floor":4},{"not_picked":["Prepared","Deflect"],"picked":"Outmaneuver","floor":5},{"not_picked":["Masterful Stab","Choke"],"picked":"Grand Finale","floor":6},{"not_picked":["Sucker Punch","Terror"],"picked":"Dash","floor":8},{"not_picked":["Masterful Stab","Bane"],"picked":"Setup","floor":11},{"not_picked":["Eviscerate","Tactician","Outmaneuver"],"picked":"SKIP","floor":14}],"player_experience":143320,"relics_obtained":[{"floor":6,"key":"Pear"},{"floor":9,"key":"Matryoshka"},{"floor":11,"key":"Bottled Flame"}],"event_choices":[{"damage_healed":0,"gold_gain":0,"player_choice":"Entered Light","damage_taken":14,"max_hp_gain":0,"max_hp_loss":0,"event_name":"Shining Light","floor":2,"gold_loss":0,"cards_upgraded":["Strike_G","Defend_G"]},{"damage_healed":0,"gold_gain":100,"player_choice":"Pray","damage_taken":0,"max_hp_gain":0,"max_hp_loss":0,"event_name":"Golden Shrine","floor":3,"gold_loss":0}],"is_beta":false,"boss_relics":[],"items_purged_floors":[12],"is_endless":false,"potions_floor_spawned":[4,5,8],"killed_by":"Hexaghost","ascension_level":3}