{"gold_per_floor":[11,25,25,100,100,134,134,15,94,110,110,110,110,120,120,218,218,236,251,176,126,144,144,144],"floor_reached":24,"playtime":924,"items_purged":[],"score":281,"play_id":"22005b59-2722-43f1-ae9e-5004cb3162c3","local_time":"20180926005954","is_ascension_mode":true,"campfire_choices":[{"floor":7.0,"key":"REST"},{"data":"Zap","floor":11.0,"key":"SMITH"},{"data":"Dualcast","floor":13.0,"key":"SMITH"},{"data":"Zap","floor":15.0,"key":"SMITH"},{"data":"Creative AI","floor":23,"key":"SMITH"}],"neow_cost":"NO_GOLD","seed_source_timestamp":127007607687651,"circlet_count":0,"master_deck":["Strike_B","Strike_B","Strike_B","Strike_B","Defend_B","Defend_B","Defend_B","Defend_B","Zap+1","Dualcast+1","Core Surge+1","Self Repair+1","Zap+1","FTL","Conserve Battery","FTL","Compile Driver","Creative AI+1","Electrodynamics","Self Repair"],"special_seed":0,"relics":["Cracked Core","Regal Pillow","Question Card","Orichalcum","Runic Pyramid"],"potions_floor_usage":[16,18,24,24],"damage_taken":[{"damage":7.0,"enemies":"Jaw Worm","floor":1.0,"turns":4.0},{"damage":0.0,"enemies":"2 Louse","floor":2.0,"turns":2.0},{"damage":20.0,"enemies":"Gremlin Nob","floor":6.0,"turns":4.0},{"damage":3.0,"enemies":"Small Slimes","floor":10.0,"turns":5.0},{"damage":1.0,"enemies":"2 Fungi Beasts","floor":14.0,"turns":3.0},{"damage":31,"enemies":"Hexaghost","floor":16,"turns":7},{"damage":3,"enemies":"Spheric Guardian","floor":18,"turns":4},{"damage":7,"enemies":"Chosen","floor":19,"turns":4},{"damage":43,"enemies":"Snake Plant","floor":22,"turns":5},{"damage":62,"enemies":"Gremlin Leader","floor":24,"turns":5}],"seed_played":"644465778356325422","potions_obtained":[{"floor":1.0,"key":"SpeedPotion"},{"floor":2.0,"key":"SneckoOil"},{"floor":6.0,"key":"PowerPotion"},{"floor":16,"key":"EntropicBrew"},{"floor":22,"key":"Dexterity Potion"}],"is_trial":false,"path_per_floor":["M","M","?","?","?","E","R","$","T","M","R","?","R","M","R","B",null,"M","M","?","$","M","R"],"character_chosen":"DEFECT","items_purchased":["Conserve Battery","FTL","Dexterity Potion"],"campfire_rested":1,"item_purchase_floors":[8,8,21],"current_hp_per_floor":[61,61,46,35,35,25,62,62,62,69,69,51,51,60,60,39,66,73,75,75,75,49,49,0],"gold":144,"neow_bonus":"THREE_RARE_CARDS","is_prod":false,"is_daily":false,"chose_seed":false,"campfire_upgraded":4,"win_rate":0,"timestamp":1537894794,"path_taken":["M","M","?","?","?","E","R","$","T","?","R","?","R","?","R","BOSS","M","M","?","$","M","R","E"],"build_version":"2018-09-20","purchased_purges":0,"victory":false,"max_hp_per_floor":[75,75,75,75,75,75,75,75,75,75,75,75,75,75,75,75,75,75,75,75,75,75,75,75],"card_choices":[{"not_picked":["Machine Learning","Hyperbeam"],"picked":"Core Surge","floor":0.0},{"not_picked":["Aggregate","Scrape","Lockon"],"picked":"SKIP","floor":1.0},{"not_picked":["Blizzard","Aggregate"],"picked":"Self Repair","floor":2.0},{"not_picked":["Static Discharge","Steam"],"picked":"FTL","floor":6.0},{"not_picked":["Steam Power","Streamline","Barrage"],"picked":"Compile Driver","floor":10.0},{"not_picked":["Turbo","Sweeping Beam","Barrage"],"picked":"Creative AI","floor":14.0},{"not_picked":["Machine Learning","Amplify","Seek"],"picked":"Electrodynamics","floor":16},{"not_picked":["Barrage","Leap","Coolheaded"],"picked":"Self Repair","floor":18},{"not_picked":["Barrage","Sweeping Beam+1","Stack","Chaos"],"picked":"SKIP","floor":19},{"not_picked":["Stack","Rip and Tear","Barrage","Sweeping Beam"],"picked":"SKIP","floor":22}],"player_experience":326292,"relics_obtained":[{"floor":6.0,"key":"Regal Pillow"},{"floor":9.0,"key":"Question Card"}],"event_choices":[{"event_name":"Shining Light","player_choice":"Entered Light","floor":3.0,"damage_taken":0.0},{"event_name":"World of Goop","player_choice":"Gather Gold","floor":4.0,"damage_taken":0.0},{"event_name":"Match and Keep!","player_choice":"2 cards matched","floor":5.0,"damage_taken":0.0},{"event_name":"Scrap Ooze","player_choice":"success","floor":12.0,"damage_taken":18.0},{"event_name":"Beggar","player_choice":"Gave Gold","floor":20,"damage_taken":0}],"is_beta":false,"boss_relics":[{"not_picked":["Cursed Key","Empty Cage"],"picked":"Runic Pyramid"}],"items_purged_floors":[],"is_endless":false,"potions_floor_spawned":[1,2,6,16,22],"killed_by":"Gremlin Leader","ascension_level":9}