{"gold_per_floor":[113,132,57,68,68,68,85,114,160,178,152,170,183,194,194,294,294,309,309,209,179,179],"floor_reached":22,"playtime":1251,"items_purged":["Strike_R","Limit Break"],"score":228,"play_id":"1d515799-64c6-4eb2-aa1f-bc684810e93e","local_time":"20190406185032","is_ascension_mode":true,"campfire_choices":[{"data":"True Grit","floor":6,"key":"SMITH"},{"floor":15,"key":"REST"}],"neow_cost":"NONE","seed_source_timestamp":2321275392080335,"circlet_count":0,"master_deck":["Strike_R","Strike_R","Defend_R","Defend_R","Bash","True Grit+1","Twin Strike","Clothesline","True Grit+1"],"relics":["Burning Blood","NeowsBlessing","Darkstone Periapt","Ancient Tea Set","Empty Cage"],"potions_floor_usage":[16,16],"damage_taken":[{"damage":0,"enemies":"Cultist","floor":1,"turns":1},{"damage":0,"enemies":"Small Slimes","floor":2,"turns":1},{"damage":0,"enemies":"Jaw Worm","floor":4,"turns":1},{"damage":28,"enemies":"Exordium Thugs","floor":7,"turns":5},{"damage":38,"enemies":"Lagavulin","floor":8,"turns":10},{"damage":5,"enemies":"Red Slaver","floor":10,"turns":3},{"damage":23,"enemies":"Lots of Slimes","floor":12,"turns":6},{"damage":4,"enemies":"3 Louse","floor":13,"turns":4},{"damage":1,"enemies":"Blue Slaver","floor":14,"turns":5},{"damage":56,"enemies":"Slime Boss","floor":16,"turns":12},{"damage":15,"enemies":"Chosen","floor":18,"turns":6},{"damage":45,"enemies":"2 Thieves","floor":21,"turns":5},{"damage":36,"enemies":"Snake Plant","floor":22,"turns":5}],"seed_played":"3912217044265555796","potions_obtained":[{"floor":1,"key":"GamblersBrew"},{"floor":2,"key":"FairyPotion"},{"floor":8,"key":"EssenceOfSteel"},{"floor":10,"key":"Poison Potion"},{"floor":18,"key":"GamblersBrew"}],"is_trial":false,"path_per_floor":["M","M","$","M","?","R","M","E","T","M","?","M","M","M","R","B",null,"M","?","$","M","M"],"character_chosen":"IRONCLAD","items_purchased":[],"campfire_rested":1,"item_purchase_floors":[],"current_hp_per_floor":[80,80,80,80,80,80,58,26,26,27,27,10,12,17,41,8,80,71,71,71,32,0],"gold":179,"neow_bonus":"THREE_ENEMY_KILL","is_prod":false,"is_daily":false,"chose_seed":false,"campfire_upgraded":1,"win_rate":0,"timestamp":1554569432,"path_taken":["M","M","?","M","?","R","M","E","T","M","?","M","?","M","R","BOSS","M","?","?","M","?"],"build_version":"2019-01-23","purchased_purges":2,"victory":false,"max_hp_per_floor":[80,80,80,80,80,80,80,80,80,80,80,80,80,80,80,80,80,80,80,80,80,80],"card_choices":[{"not_picked":["Combust","Wild Strike"],"picked":"True Grit","floor":1},{"not_picked":["Second Wind","Fire Breathing"],"picked":"Twin Strike","floor":2},{"not_picked":["Feel No Pain","Spot Weakness"],"picked":"Clothesline","floor":4},{"not_picked":["Thunderclap","True Grit","Hemokinesis"],"picked":"SKIP","floor":7},{"not_picked":["Infernal Blade","Armaments","Clash"],"picked":"SKIP","floor":8},{"not_picked":["Pummel","Cleave","Body Slam"],"picked":"SKIP","floor":10},{"not_picked":["Pummel","Armaments","Shockwave"],"picked":"SKIP","floor":12},{"not_picked":["Clothesline","Bloodletting","Anger"],"picked":"SKIP","floor":13},{"not_picked":["Warcry","Clash","Flame Barrier"],"picked":"SKIP","floor":14},{"not_picked":["Whirlwind+1","Evolve","Flex"],"picked":"SKIP","floor":18},{"not_picked":["Heavy Blade","Cleave"],"picked":"True Grit+1","floor":21}],"player_experience":150826,"relics_obtained":[{"floor":8,"key":"Darkstone Periapt"},{"floor":9,"key":"Ancient Tea Set"}],"event_choices":[{"cards_removed":["Defend_R"],"damage_healed":0,"gold_gain":0,"player_choice":"Forget","damage_taken":0,"max_hp_gain":0,"max_hp_loss":0,"event_name":"Living Wall","floor":5,"gold_loss":0},{"damage_healed":0,"gold_gain":0,"player_choice":"Left Gold","damage_taken":0,"max_hp_gain":0,"max_hp_loss":0,"event_name":"World of Goop","floor":11,"gold_loss":26},{"damage_healed":0,"gold_gain":0,"cards_transformed":["Strike_R"],"player_choice":"Transformed","damage_taken":0,"max_hp_gain":0,"max_hp_loss":0,"event_name":"Transmorgrifier","floor":19,"gold_loss":0,"cards_obtained":["Limit Break"]}],"is_beta":false,"boss_relics":[{"not_picked":["Eternal Feather","Runic Dome"],"picked":"Empty Cage"}],"items_purged_floors":[3,20],"is_endless":false,"potions_floor_spawned":[1,2,8,10,18],"killed_by":"Snake Plant","ascension_level":4}