{"gold_per_floor":[118,138,153,172,122,154,154,188,188,188,113,113,124,24,24,124,124,144,158,170,170],"floor_reached":21,"playtime":1407,"items_purged":["Strike_B","Defend_B"],"score":191,"play_id":"ca77792f-8c06-45b2-9c57-2b98bec50631","local_time":"20190428211234","is_ascension_mode":false,"campfire_choices":[{"data":"Machine Learning","floor":10.0,"key":"SMITH"},{"floor":15.0,"key":"REST"}],"neow_cost":"NONE","seed_source_timestamp":773909440414481,"circlet_count":0,"master_deck":["Strike_B","Strike_B","Defend_B","Defend_B","Defend_B","Zap+1","Dualcast","BootSequence","Hologram+1","Defragment","Gash","Machine Learning+1","Echo Form","Stack","Sweeping Beam","Creative AI"],"special_seed":0,"relics":["Cracked Core","NeowsBlessing","War Paint","Letter Opener","Kunai","Matryoshka","Nuclear Battery"],"potions_floor_usage":[16,16],"damage_taken":[{"damage":0.0,"enemies":"Cultist","floor":1.0,"turns":1.0},{"damage":0.0,"enemies":"Small Slimes","floor":2.0,"turns":1.0},{"damage":0.0,"enemies":"2 Louse","floor":3.0,"turns":1.0},{"damage":4.0,"enemies":"Exordium Wildlife","floor":4.0,"turns":4.0},{"damage":61.0,"enemies":"3 Sentries","floor":6.0,"turns":12.0},{"damage":16.0,"enemies":"Lagavulin","floor":8.0,"turns":5.0},{"damage":0.0,"enemies":"Gremlin Gang","floor":13.0,"turns":3.0},{"damage":2,"enemies":"The Guardian","floor":16,"turns":8},{"damage":27,"enemies":"3 Byrds","floor":18,"turns":4},{"damage":3,"enemies":"Shell Parasite","floor":19,"turns":6},{"damage":21,"enemies":"Snecko","floor":20,"turns":6},{"damage":31,"enemies":"Sentry and Sphere","floor":21,"turns":3}],"seed_played":"-5677723968033356980","potions_obtained":[{"floor":2.0,"key":"SteroidPotion"},{"floor":3.0,"key":"SteroidPotion"},{"floor":6.0,"key":"GamblersBrew"},{"floor":13.0,"key":"SteroidPotion"},{"floor":20,"key":"FocusPotion"}],"is_trial":false,"path_per_floor":["M","M","M","M","?","E","?","E","T","R","$","T","M","$","R","B",null,"M","M","M","M"],"character_chosen":"DEFECT","items_purchased":[],"campfire_rested":1,"item_purchase_floors":[],"current_hp_per_floor":[75,75,75,71,71,10,35,19,19,19,19,19,19,19,41,39,75,48,45,24,0],"gold":170,"neow_bonus":"THREE_ENEMY_KILL","is_prod":false,"is_daily":false,"chose_seed":false,"campfire_upgraded":1,"win_rate":0,"timestamp":1556478754,"path_taken":["M","M","M","?","?","E","?","E","T","R","$","?","M","$","R","BOSS","M","M","?","M"],"build_version":"2019-01-23","purchased_purges":2,"victory":false,"max_hp_per_floor":[75,75,75,75,75,75,75,75,75,75,75,75,75,75,75,75,75,75,75,75,75],"card_choices":[{"not_picked":["Coolheaded","Chaos"],"picked":"BootSequence","floor":1.0},{"not_picked":["Coolheaded","Go for the Eyes"],"picked":"Hologram","floor":2.0},{"not_picked":["Stack","Sunder"],"picked":"Defragment","floor":3.0},{"not_picked":["Go for the Eyes","Rebound","Reinforced Body"],"picked":"SKIP","floor":4.0},{"not_picked":["Cold Snap","Hologram"],"picked":"Gash","floor":6.0},{"not_picked":["Tempest","Leap"],"picked":"Machine Learning","floor":8.0},{"not_picked":["Reprogram","Sunder","Doom and Gloom"],"picked":"SKIP","floor":13.0},{"not_picked":["Core Surge","Seek"],"picked":"Echo Form","floor":16},{"not_picked":["Streamline","Rip and Tear"],"picked":"Stack","floor":18},{"not_picked":["Coolheaded","Go for the Eyes"],"picked":"Sweeping Beam","floor":19},{"not_picked":["Force Field+1","Stack"],"picked":"Creative AI","floor":20}],"player_experience":194911,"relics_obtained":[{"floor":6.0,"key":"War Paint"},{"floor":8.0,"key":"Letter Opener"},{"floor":9.0,"key":"Kunai"},{"floor":12.0,"key":"Matryoshka"}],"event_choices":[{"cards_removed":["Strike_B"],"damage_healed":0.0,"max_hp_gain":0.0,"max_hp_loss":0.0,"gold_gain":0.0,"event_name":"The Cleric","player_choice":"Card Removal","floor":5.0,"gold_loss":50.0,"damage_taken":0.0},{"damage_healed":25.0,"max_hp_gain":0.0,"max_hp_loss":0.0,"gold_gain":0.0,"event_name":"Big Fish","player_choice":"Banana","floor":7.0,"gold_loss":0.0,"damage_taken":0.0}],"is_beta":false,"boss_relics":[{"not_picked":["Runic Pyramid","FrozenCore"],"picked":"Nuclear Battery"}],"items_purged_floors":[11,14],"is_endless":false,"potions_floor_spawned":[2,3,6,13,20],"killed_by":"Sentry and Sphere","ascension_level":0}