{"gold_per_floor":[15,34,34,209,225,251,251,251,251,280,280],"floor_reached":11,"playtime":409,"items_purged":[],"score":101,"play_id":"12e8aeb7-4f99-443a-93ee-1289c05eeed2","local_time":"20181216192647","is_ascension_mode":true,"campfire_choices":[{"floor":7,"key":"RECALL"}],"neow_cost":"NO_GOLD","seed_source_timestamp":23932807965595,"circlet_count":0,"master_deck":["Strike_R","Strike_R","Strike_R","Strike_R","Strike_R","Defend_R","Defend_R","Defend_R+1","Defend_R","Bash","Limit Break","Sword Boomerang","Shrug It Off+1","Doubt","Rampage","Heavy Blade"],"relics":["Burning Blood","Mango","Magic Flower","Smiling Mask"],"potions_floor_usage":[6],"damage_taken":[{"damage":2,"enemies":"2 Louse","floor":1,"turns":4},{"damage":4,"enemies":"Small Slimes","floor":2,"turns":3},{"damage":11,"enemies":"Cultist","floor":5,"turns":4},{"damage":31,"enemies":"Lagavulin","floor":6,"turns":8},{"damage":41,"enemies":"3 Sentries","floor":10,"turns":10},{"damage":25,"enemies":"Exordium Thugs","floor":11,"turns":3}],"seed_played":"-6351920429338300570","potions_obtained":[{"floor":1,"key":"Strength Potion"},{"floor":6,"key":"Weak Potion"}],"is_trial":false,"path_per_floor":["M","M","?","?","M","E","R","?","T","E","M"],"character_chosen":"IRONCLAD","items_purchased":[],"campfire_rested":0,"item_purchase_floors":[],"current_hp_per_floor":[80,80,80,80,75,64,64,45,45,13,0],"gold":280,"neow_bonus":"THREE_RARE_CARDS","is_prod":false,"is_daily":false,"chose_seed":false,"campfire_upgraded":0,"win_rate":0,"timestamp":1544984807,"path_taken":["M","M","?","?","M","E","R","?","T","E","M"],"build_version":"2018-12-13","purchased_purges":0,"victory":false,"max_hp_per_floor":[80,80,80,80,80,94,94,94,94,94,94],"card_choices":[{"not_picked":["Offering","Fiend Fire"],"picked":"Limit Break","floor":0},{"not_picked":["Clothesline","Body Slam"],"picked":"Sword Boomerang","floor":1},{"not_picked":["Twin Strike","Wild Strike"],"picked":"Shrug It Off","floor":2},{"not_picked":["True Grit","Clash"],"picked":"Rampage","floor":5},{"not_picked":["Wild Strike","Dropkick"],"picked":"Heavy Blade","floor":6},{"not_picked":["Entrench","Perfected Strike","Corruption"],"picked":"SKIP","floor":10}],"player_experience":360972,"relics_obtained":[{"floor":6,"key":"Mango"},{"floor":9,"key":"Magic Flower"},{"floor":10,"key":"Smiling Mask"}],"event_choices":[{"damage_healed":0,"gold_gain":0,"player_choice":"Leave","damage_taken":0,"max_hp_gain":0,"max_hp_loss":0,"event_name":"The Cleric","floor":3,"gold_loss":0},{"damage_healed":0,"gold_gain":175,"player_choice":"AGREE","damage_taken":0,"max_hp_gain":0,"max_hp_loss":0,"event_name":"Liars Game","floor":4,"gold_loss":0,"cards_obtained":["Doubt"]},{"damage_healed":0,"gold_gain":0,"player_choice":"Entered Light","damage_taken":19,"max_hp_gain":0,"max_hp_loss":0,"event_name":"Shining Light","floor":8,"gold_loss":0,"cards_upgraded":["Shrug It Off","Defend_R"]}],"is_beta":false,"boss_relics":[],"items_purged_floors":[],"is_endless":false,"potions_floor_spawned":[1,6],"killed_by":"Exordium Thugs","ascension_level":5}