{"gold_per_floor":[115,115,130,205,205,205,205,205,205,238,277,277,16,37,37,160,160,181,197,197,212,20,145,186,186],"floor_reached":25,"playtime":1030,"items_purged":[],"score":227,"play_id":"277e3da6-d70c-4a1a-84e6-eff23393e0a9","local_time":"20180908182622","is_ascension_mode":false,"campfire_choices":[{"data":"Zap","floor":6,"key":"SMITH"},{"floor":15,"key":"REST"}],"neow_cost":"NONE","seed_source_timestamp":108842475297934,"circlet_count":0,"master_deck":["Strike_B","Strike_B+1","Defend_B","Defend_B","Zap+1","Dualcast","Ball Lightning+1","FTL+1","Ball Lightning+1","Electrodynamics","Ball Lightning+1","Writhe","Redo+1"],"relics":["Cracked Core","Golden Idol","PreservedInsect","WingedGreaves","Molten Egg 2","Kunai","Mummified Hand","Pantograph","Empty Cage","Orichalcum","Chemical X","Calipers","Matryoshka","Art of War"],"potions_floor_usage":[11,16,23,23],"damage_taken":[{"damage":12,"enemies":"Small Slimes","floor":1,"turns":3},{"damage":1,"enemies":"2 Louse","floor":3,"turns":2},{"damage":12,"enemies":"3 Sentries","floor":10,"turns":4},{"damage":8,"enemies":"Lagavulin","floor":11,"turns":3},{"damage":5,"enemies":"Jaw Worm","floor":14,"turns":2},{"damage":20,"enemies":"Hexaghost","floor":16,"turns":8},{"damage":5,"enemies":"3 Byrds","floor":18,"turns":2},{"damage":10,"enemies":"Chosen","floor":19,"turns":3},{"damage":8,"enemies":"Centurion and Healer","floor":21,"turns":3},{"damage":15,"enemies":"Colosseum Slavers","floor":23,"turns":2},{"damage":14,"enemies":"Colosseum Nobs","floor":23,"turns":3},{"damage":12,"enemies":"Gremlin Leader","floor":24,"turns":3},{"damage":9,"enemies":"Shelled Parasite and Fungi","floor":25,"turns":1}],"seed_played":"2341312169739385297","potions_obtained":[{"floor":1,"key":"Fire Potion"},{"floor":11,"key":"Dexterity Potion"},{"floor":16,"key":"SteroidPotion"},{"floor":19,"key":"FocusPotion"},{"floor":24,"key":"Poison Potion"}],"is_trial":false,"path_per_floor":["M","?","M","?","?","R","?","?","T","E","E","T","$","M","R","B",null,"M","M","?","M","$","?","E"],"character_chosen":"DEFECT","items_purchased":["Pantograph","Chemical X"],"campfire_rested":1,"item_purchase_floors":[13,22],"current_hp_per_floor":[63,56,55,44,44,44,44,30,30,18,10,10,10,5,25,30,69,64,54,54,46,46,17,5,0],"gold":186,"neow_bonus":"REMOVE_CARD","is_prod":false,"is_daily":false,"chose_seed":false,"campfire_upgraded":1,"win_rate":0,"timestamp":1536423982,"path_taken":["M","?","M","?","?","R","?","?","T","E","E","?","$","?","R","BOSS","M","M","?","M","$","?","E","M"],"build_version":"2018-09-06","purchased_purges":0,"victory":false,"max_hp_per_floor":[75,75,75,75,69,69,69,69,69,69,69,69,69,69,69,69,69,69,69,69,69,69,69,69,69],"card_choices":[{"not_picked":["Double Energy","Rebound","Steam"],"picked":"SKIP","floor":1},{"not_picked":["Defragment","Beam Cell"],"picked":"Ball Lightning","floor":3},{"not_picked":["Steam","Stack"],"picked":"FTL","floor":10},{"not_picked":["Hologram","Seek"],"picked":"Ball Lightning+1","floor":11},{"not_picked":["Cold Snap+1","Leap","Gash+1"],"picked":"SKIP","floor":14},{"not_picked":["Echo Form","Multi-Cast"],"picked":"Electrodynamics","floor":16},{"not_picked":["Redo","Steam+1"],"picked":"Ball Lightning+1","floor":18},{"not_picked":["Sweeping Beam+1","Beam Cell+1","BootSequence"],"picked":"SKIP","floor":19},{"not_picked":["Tempest","Turbo+1","Streamline+1"],"picked":"SKIP","floor":21},{"not_picked":["Fusion","Force Field"],"picked":"Redo+1","floor":24}],"player_experience":98646,"relics_obtained":[{"floor":9,"key":"WingedGreaves"},{"floor":10,"key":"Molten Egg 2"},{"floor":11,"key":"Kunai"},{"floor":12,"key":"Mummified Hand"},{"floor":23,"key":"Calipers"},{"floor":23,"key":"Matryoshka"},{"floor":24,"key":"Art of War"}],"event_choices":[{"event_name":"Golden Wing","player_choice":"Card Removal","floor":2,"damage_taken":0},{"event_name":"World of Goop","player_choice":"Gather Gold","floor":4,"damage_taken":0},{"event_name":"Golden Idol","player_choice":"Lose Max HP","floor":5,"damage_taken":0},{"event_name":"Dead Adventurer","player_choice":"Searched \u00271\u0027 times","floor":7,"damage_taken":0},{"event_name":"Shining Light","player_choice":"Entered Light","floor":8,"damage_taken":0},{"event_name":"The Mausoleum","player_choice":"Yes","floor":20,"damage_taken":0},{"event_name":"Colosseum","player_choice":"Fight","floor":23,"damage_taken":0},{"event_name":"Colosseum","player_choice":"Fought Nobs","floor":23,"damage_taken":0}],"is_beta":false,"boss_relics":[{"not_picked":["Busted Crown","Fusion Hammer"],"picked":"Empty Cage"}],"items_purged_floors":[],"is_endless":false,"potions_floor_spawned":[1,11,16,19,24],"killed_by":"Shelled Parasite and Fungi","ascension_level":0}