{"gold_per_floor":[115,132,146,146,43,75,75,95,119,119,131,131,14,24,24,103,103,116,132,148,159,183,183,183,200,279,279,296,25,25,25,25,97,97,107,107,127,137,137],"floor_reached":39,"playtime":1342,"items_purged":[],"score":820,"play_id":"b7be7167-e36c-4d83-9f73-b526fb5fa67a","local_time":"20190501170640","is_ascension_mode":true,"campfire_choices":[{"data":"Body Slam","floor":7,"key":"SMITH"},{"data":"Perfected Strike","floor":10,"key":"SMITH"},{"data":"Iron Wave","floor":12,"key":"SMITH"},{"data":"Armaments","floor":15,"key":"SMITH"},{"floor":23,"key":"REST"},{"data":"Discovery","floor":27,"key":"SMITH"},{"floor":32,"key":"REST"}],"neow_cost":"NONE","seed_source_timestamp":3816210147355460,"circlet_count":0,"master_deck":["AscendersBane","Bash","Twin Strike","Perfected Strike+1","Discovery+1","Body Slam+1","Twin Strike","Iron Wave+1","Armaments+1","Headbutt","Flame Barrier","Feel No Pain","Perfected Strike","Metallicize","Carnage","Demon Form","Feed","Uppercut","Pummel","Limit Break","Iron Wave","Flame Barrier","Shrug It Off","Body Slam+1","Impervious","Heavy Blade+1","Enlightenment","Flex+1"],"relics":["Burning Blood","NeowsBlessing","Blood Vial","Red Skull","Anchor","Pandora\u0027s Box","Regal Pillow","Gremlin Horn","Bottled Tornado","White Beast Statue"],"potions_floor_usage":[16,16,20,33,33,37,37,37,37,38,39],"damage_taken":[{"damage":0,"enemies":"Small Slimes","floor":1,"turns":1},{"damage":0,"enemies":"Cultist","floor":2,"turns":1},{"damage":0,"enemies":"2 Louse","floor":3,"turns":1},{"damage":35,"enemies":"Lagavulin","floor":6,"turns":6},{"damage":0,"enemies":"Exordium Wildlife","floor":8,"turns":3},{"damage":0,"enemies":"3 Louse","floor":11,"turns":3},{"damage":0,"enemies":"Looter","floor":14,"turns":1},{"damage":41,"enemies":"Hexaghost","floor":16,"turns":9},{"damage":12,"enemies":"2 Thieves","floor":18,"turns":4},{"damage":14,"enemies":"Spheric Guardian","floor":19,"turns":5},{"damage":25,"enemies":"Cultist and Chosen","floor":20,"turns":6},{"damage":17,"enemies":"Snake Plant","floor":21,"turns":5},{"damage":47,"enemies":"Shelled Parasite and Fungi","floor":25,"turns":7},{"damage":29,"enemies":"Chosen and Byrds","floor":28,"turns":7},{"damage":25,"enemies":"Automaton","floor":33,"turns":6},{"damage":34,"enemies":"Orb Walker","floor":35,"turns":4},{"damage":13,"enemies":"3 Shapes","floor":37,"turns":3},{"damage":42,"enemies":"Maw","floor":38,"turns":7},{"damage":15,"enemies":"Jaw Worm Horde","floor":39,"turns":1}],"seed_played":"-6954181325496499147","potions_obtained":[{"floor":1,"key":"FearPotion"},{"floor":6,"key":"Strength Potion"},{"floor":8,"key":"Swift Potion"},{"floor":16,"key":"PowerPotion"},{"floor":20,"key":"Explosive Potion"},{"floor":25,"key":"PowerPotion"},{"floor":28,"key":"Explosive Potion"},{"floor":33,"key":"Weak Potion"},{"floor":35,"key":"EntropicBrew"},{"floor":37,"key":"GamblersBrew"},{"floor":38,"key":"Swift Potion"}],"is_trial":false,"path_per_floor":["M","M","M","?","$","E","R","M","T","R","M","R","$","M","R","B",null,"M","M","M","M","T","R","?","M","T","R","M","$","?","$","R","B",null,"M","?","M","M","M"],"character_chosen":"IRONCLAD","items_purchased":["Discovery","Armaments","Headbutt","Bottled Tornado"],"campfire_rested":2,"item_purchase_floors":[5,13,13,29],"current_hp_per_floor":[74,75,75,75,75,46,46,54,54,54,62,62,62,70,70,37,66,62,56,42,33,33,71,71,35,35,35,14,14,14,14,53,39,73,50,50,45,11,0],"gold":137,"neow_bonus":"THREE_ENEMY_KILL","is_prod":false,"is_daily":false,"chose_seed":false,"campfire_upgraded":5,"win_rate":0,"timestamp":1556726800,"path_taken":["M","M","M","?","$","E","R","?","T","R","M","R","?","M","R","BOSS","M","M","M","M","?","R","?","M","T","R","M","$","?","$","R","BOSS","M","?","M","M","M"],"build_version":"2019-01-23","purchased_purges":0,"victory":false,"max_hp_per_floor":[75,75,75,75,75,75,75,75,75,75,75,75,75,75,75,75,75,75,75,78,78,78,78,78,81,81,81,81,81,81,81,81,84,84,87,87,87,87,87],"card_choices":[{"not_picked":["Spot Weakness","Power Through","Heavy Blade"],"picked":"SKIP","floor":1},{"not_picked":["Power Through","Seeing Red"],"picked":"Twin Strike","floor":2},{"not_picked":["Thunderclap","Sword Boomerang"],"picked":"Perfected Strike","floor":3},{"not_picked":["Fire Breathing","Immolate"],"picked":"Body Slam","floor":6},{"not_picked":["Hemokinesis","Heavy Blade"],"picked":"Twin Strike","floor":8},{"not_picked":["Havoc","Reckless Charge"],"picked":"Iron Wave","floor":11},{"not_picked":["Headbutt","Shrug It Off"],"picked":"Flame Barrier","floor":14},{"not_picked":["Wild Strike","Headbutt"],"picked":"Iron Wave","floor":18},{"not_picked":["Corruption","Heavy Blade","Pommel Strike"],"picked":"SKIP","floor":19},{"not_picked":["Sever Soul+1","Havoc"],"picked":"Flame Barrier","floor":20},{"not_picked":["Inflame","Pummel","Pommel Strike"],"picked":"SKIP","floor":21},{"not_picked":["Heavy Blade","Feel No Pain"],"picked":"Body Slam+1","floor":25},{"not_picked":["Clash","Thunderclap","Second Wind+1"],"picked":"SKIP","floor":28},{"not_picked":["Berserk","Immolate"],"picked":"Impervious","floor":33},{"not_picked":["Havoc","Thunderclap"],"picked":"Heavy Blade+1","floor":35},{"not_picked":["Dark Shackles","Swift Strike"],"picked":"Enlightenment","floor":36},{"not_picked":["Burning Pact","Carnage","Twin Strike+1"],"picked":"SKIP","floor":37},{"not_picked":["Heavy Blade","Perfected Strike"],"picked":"Flex+1","floor":38}],"player_experience":778133,"relics_obtained":[{"floor":6,"key":"Red Skull"},{"floor":9,"key":"Anchor"},{"floor":22,"key":"Regal Pillow"},{"floor":26,"key":"Gremlin Horn"}],"event_choices":[{"damage_healed":0,"gold_gain":0,"player_choice":"Gave Potion","damage_taken":0,"relics_obtained":["Blood Vial"],"max_hp_gain":0,"max_hp_loss":0,"event_name":"WeMeetAgain","floor":4,"gold_loss":0},{"damage_healed":0,"gold_gain":0,"player_choice":"Read","damage_taken":0,"max_hp_gain":0,"max_hp_loss":0,"event_name":"The Library","floor":24,"gold_loss":0,"cards_obtained":["Shrug It Off"]},{"damage_healed":0,"gold_gain":0,"player_choice":"Simplicity","damage_taken":0,"max_hp_gain":0,"max_hp_loss":0,"event_name":"Back to Basics","floor":30,"gold_loss":0,"cards_upgraded":[]},{"damage_healed":0,"gold_gain":0,"player_choice":"Memory 1","damage_taken":0,"max_hp_gain":0,"max_hp_loss":0,"event_name":"SensoryStone","floor":36,"gold_loss":0}],"is_beta":false,"boss_relics":[{"not_picked":["Eternal Feather","Coffee Dripper"],"picked":"Pandora\u0027s Box"},{"not_picked":["Sozu","Empty Cage"],"picked":"White Beast Statue"}],"items_purged_floors":[],"is_endless":false,"potions_floor_spawned":[1,6,8,16,20,25,28,33,35,37,38],"killed_by":"Jaw Worm Horde","ascension_level":20}