{"gold_per_floor":[114,114,64,64,82,115,139,153,179,179],"floor_reached":10,"playtime":534,"items_purged":["Defend_R"],"score":85,"play_id":"94fd9df1-4325-4ea8-9e9d-cfdb04560ecf","local_time":"20190501115202","is_ascension_mode":true,"campfire_choices":[],"neow_cost":"NONE","seed_source_timestamp":1000563068643813,"circlet_count":0,"master_deck":["Strike_R","Strike_R","Strike_R","Strike_R","Defend_R","Defend_R","Defend_R","Bash","Seeing Red","Cleave","Twin Strike","Metallicize","Inflame"],"relics":["Burning Blood","Smiling Mask","Golden Idol","Art of War","Boot"],"potions_floor_usage":[8],"damage_taken":[{"damage":6,"enemies":"Jaw Worm","floor":1,"turns":5},{"damage":0,"enemies":"Cultist","floor":5,"turns":4},{"damage":50,"enemies":"3 Sentries","floor":6,"turns":8},{"damage":12,"enemies":"Small Slimes","floor":7,"turns":2},{"damage":9,"enemies":"Red Slaver","floor":8,"turns":2},{"damage":44,"enemies":"Gremlin Nob","floor":10,"turns":4}],"seed_played":"5031008992547973882","potions_obtained":[{"floor":1,"key":"Energy Potion"},{"floor":6,"key":"Fire Potion"}],"is_trial":false,"path_per_floor":["M","?","$","?","M","E","M","M","T","E"],"character_chosen":"IRONCLAD","items_purchased":[],"campfire_rested":0,"item_purchase_floors":[],"current_hp_per_floor":[80,80,80,74,74,30,24,21,21,0],"gold":179,"neow_bonus":"RANDOM_COMMON_RELIC","is_prod":false,"is_daily":false,"chose_seed":false,"campfire_upgraded":0,"win_rate":0,"timestamp":1556704322,"path_taken":["M","?","$","?","M","E","M","M","T","E"],"build_version":"2019-01-23","purchased_purges":1,"victory":false,"max_hp_per_floor":[80,80,80,74,74,74,74,74,74,74],"card_choices":[{"not_picked":["Dual Wield","Flex"],"picked":"Seeing Red","floor":1},{"not_picked":["Flame Barrier","Sword Boomerang"],"picked":"Cleave","floor":5},{"not_picked":["True Grit","Flex"],"picked":"Twin Strike","floor":6},{"not_picked":["Ghostly Armor","Havoc"],"picked":"Metallicize","floor":7},{"not_picked":["Whirlwind","Combust"],"picked":"Inflame","floor":8}],"player_experience":206083,"relics_obtained":[{"floor":6,"key":"Art of War"},{"floor":9,"key":"Boot"}],"event_choices":[{"cards_removed":["Strike_R"],"damage_healed":0,"gold_gain":0,"player_choice":"Forget","damage_taken":0,"max_hp_gain":0,"max_hp_loss":0,"event_name":"Living Wall","floor":2,"gold_loss":0},{"damage_healed":0,"gold_gain":0,"player_choice":"Lose Max HP","damage_taken":0,"relics_obtained":["Golden Idol"],"max_hp_gain":0,"max_hp_loss":6,"event_name":"Golden Idol","floor":4,"gold_loss":0}],"is_beta":false,"boss_relics":[],"items_purged_floors":[3],"is_endless":false,"potions_floor_spawned":[1,6],"killed_by":"Gremlin Nob","ascension_level":5}