{"gold_per_floor":[109,127,16,27,40,66,66,96,96,96,116,141,91,102,102,200,200,212,0,0,12,12,37,37,37],"floor_reached":25,"playtime":1329,"items_purged":["Strike_R","Strike_R"],"score":313,"play_id":"f7f8d71a-e04b-466a-893f-42fba68a5a08","local_time":"20181217175703","is_ascension_mode":true,"campfire_choices":[{"data":"Demon Form","floor":7,"key":"SMITH"},{"data":"Battle Trance","floor":10,"key":"SMITH"},{"floor":15,"key":"REST"},{"floor":24,"key":"REST"}],"neow_cost":"NONE","seed_source_timestamp":85282411678479,"circlet_count":0,"master_deck":["Strike_R","Defend_R","Defend_R","Defend_R","Bash","Pommel Strike","Intimidate","Demon Form+1","Battle Trance+1","Limit Break","Sword Boomerang","Pummel+1","Sever Soul","Limit Break","Headbutt"],"relics":["Burning Blood","Gambling Chip","Boot","Bottled Lightning","The Courier","Philosopher\u0027s Stone","PreservedInsect","FossilizedHelix"],"potions_floor_usage":[5,5,6,8,12,12,14,16,25,25],"damage_taken":[{"damage":6,"enemies":"Jaw Worm","floor":1,"turns":4},{"damage":4,"enemies":"2 Louse","floor":2,"turns":4},{"damage":4,"enemies":"Cultist","floor":4,"turns":3},{"damage":8,"enemies":"2 Fungi Beasts","floor":5,"turns":4},{"damage":32,"enemies":"Gremlin Nob","floor":6,"turns":4},{"damage":25,"enemies":"3 Sentries","floor":8,"turns":7},{"damage":9,"enemies":"Looter","floor":11,"turns":3},{"damage":8,"enemies":"Lagavulin","floor":12,"turns":5},{"damage":9,"enemies":"Blue Slaver","floor":14,"turns":6},{"damage":35,"enemies":"The Guardian","floor":16,"turns":9},{"damage":23,"enemies":"Spheric Guardian","floor":18,"turns":5},{"damage":27,"enemies":"2 Thieves","floor":21,"turns":4},{"damage":18,"enemies":"Gremlin Leader","floor":23,"turns":3},{"damage":48,"enemies":"Slavers","floor":25,"turns":3}],"seed_played":"-16476102650059274","potions_obtained":[{"floor":2,"key":"EntropicBrew"},{"floor":6,"key":"Weak Potion"},{"floor":8,"key":"Dexterity Potion"},{"floor":11,"key":"Weak Potion"},{"floor":14,"key":"Energy Potion"},{"floor":18,"key":"Swift Potion"},{"floor":23,"key":"Swift Potion"}],"is_trial":false,"path_per_floor":["M","M","$","M","M","E","R","E","T","R","M","E","?","M","R","B",null,"M","$","?","M","?","E","R","E"],"character_chosen":"IRONCLAD","items_purchased":["Intimidate","Sword Boomerang","PreservedInsect"],"campfire_rested":2,"item_purchase_floors":[3,19,19],"current_hp_per_floor":[72,74,74,76,74,48,48,29,29,29,26,24,24,21,45,16,64,47,47,47,26,26,14,38,0],"gold":37,"neow_bonus":"THREE_CARDS","is_prod":false,"is_daily":false,"chose_seed":false,"campfire_upgraded":2,"win_rate":0,"timestamp":1545065823,"path_taken":["M","M","$","M","M","E","R","E","T","R","M","E","?","M","R","BOSS","M","$","?","M","?","E","R","E"],"build_version":"2018-12-13","purchased_purges":2,"victory":false,"max_hp_per_floor":[80,80,80,80,80,80,80,80,80,80,80,80,80,80,80,80,80,80,80,80,80,80,80,80,80],"card_choices":[{"not_picked":["Body Slam","Clothesline"],"picked":"Pommel Strike","floor":0},{"not_picked":["Clash","True Grit","Dropkick"],"picked":"SKIP","floor":1},{"not_picked":["Infernal Blade","Fire Breathing","Thunderclap"],"picked":"SKIP","floor":2},{"not_picked":["Corruption","True Grit","Body Slam"],"picked":"SKIP","floor":4},{"not_picked":["Dual Wield","Metallicize"],"picked":"Demon Form","floor":5},{"not_picked":["Twin Strike","Perfected Strike"],"picked":"Battle Trance","floor":6},{"not_picked":["Searing Blow","Body Slam","Barricade"],"picked":"SKIP","floor":8},{"not_picked":["Cleave","Armaments","Twin Strike"],"picked":"SKIP","floor":11},{"not_picked":["Rampage","Anger","Sever Soul"],"picked":"SKIP","floor":12},{"not_picked":["Flex","Heavy Blade","Dropkick"],"picked":"SKIP","floor":14},{"not_picked":["Reaper","Bludgeon"],"picked":"Limit Break","floor":16},{"not_picked":["Rampage+1","Wild Strike","Evolve"],"picked":"SKIP","floor":18},{"not_picked":["Cleave","Pommel Strike"],"picked":"Pummel+1","floor":21},{"not_picked":["Iron Wave","Warcry"],"picked":"Headbutt","floor":23}],"player_experience":385799,"relics_obtained":[{"floor":6,"key":"Gambling Chip"},{"floor":8,"key":"Boot"},{"floor":9,"key":"Bottled Lightning"},{"floor":12,"key":"The Courier"},{"floor":23,"key":"FossilizedHelix"}],"event_choices":[{"cards_removed":["Strike_R"],"damage_healed":0,"gold_gain":0,"player_choice":"Card Removal","damage_taken":0,"max_hp_gain":0,"max_hp_loss":0,"event_name":"The Cleric","floor":13,"gold_loss":50},{"damage_healed":0,"gold_gain":0,"cards_transformed":["Strike_R","Defend_R"],"player_choice":"Became Test Subject","damage_taken":0,"max_hp_gain":0,"max_hp_loss":0,"event_name":"Drug Dealer","floor":22,"gold_loss":0,"cards_obtained":["Sever Soul","Limit Break"]}],"is_beta":false,"boss_relics":[{"not_picked":["Black Star","Calling Bell"],"picked":"Philosopher\u0027s Stone"}],"items_purged_floors":[3,19],"is_endless":false,"potions_floor_spawned":[2,6,8,11,14,18,23],"killed_by":"Slavers","ascension_level":6}