{"gold_per_floor":[114,129,54,54,65,96,96,96,96,121,121,178,188,206,206,301,301,319,319,329,34,63,63,97,97,120,120,145,155,155,169,169,266,266,281,281,294,305,237,262,262,289,289,289,119,135,135,150,150,150,150,150,30,61,61],"floor_reached":55,"playtime":8606,"items_purged":["Strike_R","Strike_R","Normality"],"score":898,"play_id":"9ed70d46-b631-4a29-b158-0e88c0e476a3","local_time":"20190322184342","is_ascension_mode":true,"campfire_choices":[{"data":"Clothesline","floor":8.0,"key":"SMITH"},{"data":"Cleave","floor":11.0,"key":"SMITH"},{"data":"Clash","floor":15.0,"key":"SMITH"},{"data":"Inflame","floor":23.0,"key":"SMITH"},{"data":"Demon Form","floor":25.0,"key":"SMITH"},{"data":"Rage","floor":32.0,"key":"SMITH"},{"data":"Strike_R","floor":41.0,"key":"PURGE"},{"floor":49,"key":"RECALL"},{"data":"Disarm","floor":52,"key":"SMITH"}],"neow_cost":"TEN_PERCENT_HP_LOSS","seed_source_timestamp":94784379328342,"circlet_count":0,"master_deck":["Strike_R","Defend_R","Defend_R","Defend_R","Defend_R","Bash+1","Clothesline+1","Warcry","Cleave+1","Clash+1","Inflame+1","Iron Wave","Reaper","True Grit+1","Twin Strike","Rampage","Demon Form+1","Decay","Rage+1","Offering","Heavy Blade+1","Disarm+1","Evolve","Ghostly Armor","Pommel Strike","Armaments"],"special_seed":0,"relics":["Burning Blood","Incense Burner","Peace Pipe","Gremlin Horn","PreservedInsect","Juzu Bracelet","Cursed Key","Red Skull","Red Mask","Orichalcum","Thread and Needle","Paper Frog","Coffee Dripper","Kunai","Lantern","Bronze Scales","Boot"],"potions_floor_usage":[50,50,55],"damage_taken":[{"damage":7.0,"enemies":"2 Louse","floor":1.0,"turns":3.0},{"damage":6.0,"enemies":"Cultist","floor":2.0,"turns":3.0},{"damage":5.0,"enemies":"Jaw Worm","floor":5.0,"turns":4.0},{"damage":32.0,"enemies":"3 Sentries","floor":6.0,"turns":8.0},{"damage":26.0,"enemies":"Gremlin Nob","floor":10.0,"turns":4.0},{"damage":12.0,"enemies":"Lagavulin Event","floor":12.0,"turns":4.0},{"damage":6.0,"enemies":"3 Louse","floor":13.0,"turns":2.0},{"damage":4.0,"enemies":"Blue Slaver","floor":14.0,"turns":3.0},{"damage":27.0,"enemies":"The Guardian","floor":16.0,"turns":13.0},{"damage":8.0,"enemies":"2 Thieves","floor":18.0,"turns":3.0},{"damage":13.0,"enemies":"3 Byrds","floor":20.0,"turns":2.0},{"damage":24.0,"enemies":"Masked Bandits","floor":22.0,"turns":4.0},{"damage":11.0,"enemies":"Book of Stabbing","floor":24.0,"turns":3.0},{"damage":28.0,"enemies":"Slavers","floor":28.0,"turns":4.0},{"damage":1.0,"enemies":"Snecko","floor":29.0,"turns":7.0},{"damage":1.0,"enemies":"Centurion and Healer","floor":31.0,"turns":6.0},{"damage":22.0,"enemies":"Champ","floor":33.0,"turns":10.0},{"damage":14.0,"enemies":"Orb Walker","floor":35.0,"turns":4.0},{"damage":12.0,"enemies":"3 Darklings","floor":37.0,"turns":5.0},{"damage":6.0,"enemies":"4 Shapes","floor":38.0,"turns":8.0},{"damage":23.0,"enemies":"Giant Head","floor":40.0,"turns":6.0},{"damage":10.0,"enemies":"Reptomancer","floor":42.0,"turns":5.0},{"damage":6.0,"enemies":"Sphere and 2 Shapes","floor":46.0,"turns":5.0},{"damage":23.0,"enemies":"Spire Growth","floor":48.0,"turns":5.0},{"damage":68,"enemies":"Donu and Deca","floor":50,"turns":9},{"damage":15,"enemies":"Shield and Spear","floor":54,"turns":5},{"damage":76,"enemies":"The Heart","floor":55,"turns":5}],"seed_played":"-4165251791704886246","potions_obtained":[{"floor":5.0,"key":"SmokeBomb"},{"floor":6.0,"key":"LiquidBronze"},{"floor":10.0,"key":"SteroidPotion"},{"floor":14.0,"key":"BloodPotion"},{"floor":16.0,"key":"SpeedPotion"},{"floor":20.0,"key":"GamblersBrew"},{"floor":28.0,"key":"SpeedPotion"},{"floor":31.0,"key":"Block Potion"},{"floor":37.0,"key":"Block Potion"}],"is_trial":false,"path_per_floor":["M","M","$","?","M","E","?","R","T","E","R","?","M","M","R","B",null,"M","$","M","$","?","R","E","R","T","$","E","M","?","M","R","B",null,"M","?","M","M","$","E","R","E","T","?","$","M","$","M","R","B",null,"R","$","E","B"],"character_chosen":"IRONCLAD","items_purchased":["Red Skull","Twin Strike","Evolve","Pommel Strike","LiquidBronze","Armaments"],"campfire_rested":0,"item_purchase_floors":[21,21,39,45,53,53],"current_hp_per_floor":[71,71,71,71,72,46,46,46,46,26,26,20,20,22,22,8,72,70,70,63,63,49,49,54,54,54,54,46,57,57,72,72,56,72,65,65,59,71,71,58,58,54,54,54,54,63,63,56,56,46,72,72,72,72,0],"gold":61,"neow_bonus":"ONE_RARE_RELIC","is_prod":false,"is_daily":false,"chose_seed":false,"campfire_upgraded":7,"win_rate":0,"timestamp":1553276622,"path_taken":["M","M","$","?","?","E","?","R","T","E","R","?","M","M","R","BOSS","M","$","M","$","?","R","E","R","T","$","E","M","?","M","R","BOSS","M","?","M","M","$","E","R","E","T","?","$","M","?","M","R","BOSS","R","$","E","BOSS"],"build_version":"2019-01-23","purchased_purges":3,"victory":false,"max_hp_per_floor":[72,72,72,72,72,72,72,72,72,72,72,72,72,72,72,72,72,72,72,72,72,72,72,72,72,72,72,72,72,72,72,72,72,72,72,72,72,72,72,72,72,72,72,72,72,72,72,72,72,72,72,72,72,72,72],"card_choices":[{"not_picked":["Anger","Sword Boomerang"],"picked":"Clothesline","floor":1.0},{"not_picked":["Havoc","Anger"],"picked":"Warcry","floor":2.0},{"not_picked":["Armaments","Entrench"],"picked":"Cleave","floor":5.0},{"not_picked":["Searing Blow","Blood for Blood","Perfected Strike"],"picked":"SKIP","floor":6.0},{"not_picked":["Twin Strike","Seeing Red"],"picked":"Clash","floor":10.0},{"not_picked":["Rupture","Whirlwind"],"picked":"Inflame","floor":12.0},{"not_picked":["Intimidate","Perfected Strike","Twin Strike"],"picked":"SKIP","floor":13.0},{"not_picked":["Clothesline","Warcry"],"picked":"Iron Wave","floor":14.0},{"not_picked":["Bludgeon","Limit Break"],"picked":"Reaper","floor":16.0},{"not_picked":["Heavy Blade","Iron Wave","Clothesline"],"picked":"SKIP","floor":18.0},{"not_picked":["Havoc","Heavy Blade+1"],"picked":"True Grit+1","floor":20.0},{"not_picked":["Perfected Strike","Ghostly Armor"],"picked":"Rampage","floor":22.0},{"not_picked":["Whirlwind","Clothesline"],"picked":"Demon Form","floor":24.0},{"not_picked":["Perfected Strike","Fiend Fire"],"picked":"Rage","floor":28.0},{"not_picked":["Seeing Red","Reckless Charge","Cleave"],"picked":"SKIP","floor":29.0},{"not_picked":["Corruption","Wild Strike+1","Rage"],"picked":"SKIP","floor":31.0},{"not_picked":["Demon Form","Brutality"],"picked":"Offering","floor":33.0},{"not_picked":["Bloodletting","Perfected Strike+1"],"picked":"Heavy Blade","floor":35.0},{"not_picked":["Infernal Blade","Armaments","Flex"],"picked":"SKIP","floor":37.0},{"not_picked":["Body Slam+1","Havoc","Bloodletting"],"picked":"SKIP","floor":38.0},{"not_picked":["Pommel Strike","Body Slam+1"],"picked":"Ghostly Armor","floor":40.0},{"not_picked":["Reaper","Havoc","Warcry+1"],"picked":"SKIP","floor":42.0},{"not_picked":["Havoc+1","Entrench","Rampage+1"],"picked":"SKIP","floor":46.0},{"not_picked":["Perfected Strike+1","Intimidate+1","Havoc+1"],"picked":"SKIP","floor":48.0},{"not_picked":["Cleave","Anger+1","Spot Weakness+1"],"picked":"SKIP","floor":54}],"player_experience":258685,"relics_obtained":[{"floor":6.0,"key":"Peace Pipe"},{"floor":9.0,"key":"Gremlin Horn"},{"floor":10.0,"key":"PreservedInsect"},{"floor":12.0,"key":"Juzu Bracelet"},{"floor":22.0,"key":"Red Mask"},{"floor":24.0,"key":"Orichalcum"},{"floor":28.0,"key":"Thread and Needle"},{"floor":40.0,"key":"Kunai"},{"floor":42.0,"key":"Lantern"},{"floor":43.0,"key":"Bronze Scales"},{"floor":54,"key":"Boot"}],"event_choices":[{"damage_healed":0.0,"max_hp_gain":0.0,"max_hp_loss":0.0,"gold_gain":0.0,"event_name":"Upgrade Shrine","player_choice":"Upgraded","floor":4.0,"gold_loss":0.0,"damage_taken":0.0,"cards_upgraded":["Bash"]},{"cards_removed":["Strike_R"],"damage_healed":0.0,"max_hp_gain":0.0,"max_hp_loss":0.0,"gold_gain":0.0,"event_name":"Living Wall","player_choice":"Forget","floor":7.0,"gold_loss":0.0,"damage_taken":0.0},{"damage_healed":0.0,"max_hp_gain":0.0,"max_hp_loss":0.0,"gold_gain":0.0,"event_name":"Dead Adventurer","player_choice":"Searched \u00272\u0027 times","floor":12.0,"gold_loss":0.0,"damage_taken":0.0},{"damage_healed":0.0,"max_hp_gain":0.0,"max_hp_loss":0.0,"gold_gain":0.0,"event_name":"Masked Bandits","player_choice":"Fought Bandits","floor":22.0,"gold_loss":0.0,"damage_taken":0.0},{"damage_healed":0.0,"max_hp_gain":0.0,"max_hp_loss":0.0,"gold_gain":0.0,"event_name":"WeMeetAgain","player_choice":"Gave Potion","floor":30.0,"gold_loss":0.0,"damage_taken":0.0,"relics_obtained":["Paper Frog"]},{"damage_healed":0.0,"max_hp_gain":0.0,"max_hp_loss":0.0,"gold_gain":0.0,"event_name":"Match and Keep!","player_choice":"1 cards matched","floor":36.0,"gold_loss":0.0,"damage_taken":0.0,"cards_obtained":["Disarm"]},{"damage_healed":0.0,"max_hp_gain":0.0,"max_hp_loss":0.0,"gold_gain":0.0,"event_name":"Upgrade Shrine","player_choice":"Upgraded","floor":44.0,"gold_loss":0.0,"damage_taken":0.0,"cards_upgraded":["Heavy Blade"]}],"is_beta":false,"boss_relics":[{"not_picked":["Snecko Eye","Black Blood"],"picked":"Cursed Key"},{"not_picked":["Calling Bell","Lizard Tail"],"picked":"Coffee Dripper"}],"items_purged_floors":[3,21,45],"is_endless":false,"potions_floor_spawned":[5,6,10,14,16,20,28,31,37],"killed_by":"The Heart","ascension_level":4}