{"gold_per_floor":[115,115,133,133,133,133,16,26,26,26,101,119,134,151,151,247,247,260,260,260,260,272,272,288,288,288,345,270,280,280,297,297,402,402,414,433,445,445,459,459,487,500,500,510,510,510,387,387,387,387],"floor_reached":51,"playtime":4163,"items_purged":["Strike_B"],"score":1022,"play_id":"8afbb2e4-bba2-4943-af0e-7479a36dab7a","local_time":"20190120232445","is_ascension_mode":true,"campfire_choices":[{"data":"Dualcast","floor":6.0,"key":"SMITH"},{"data":"Loop","floor":10.0,"key":"SMITH"},{"data":"Defragment","floor":15.0,"key":"SMITH"},{"floor":23.0,"key":"REST"},{"data":"Loop","floor":25.0,"key":"SMITH"},{"floor":30.0,"key":"REST"},{"floor":32.0,"key":"REST"},{"floor":40.0,"key":"REST"},{"floor":45.0,"key":"REST"},{"data":"Go for the Eyes","floor":49.0,"key":"SMITH"}],"neow_cost":"NONE","seed_source_timestamp":525792255072405,"circlet_count":0,"master_deck":["AscendersBane","Strike_B","Defend_B","Defend_B","Zap+1","Dualcast+1","Coolheaded","Coolheaded","Go for the Eyes+1","Loop+1","Conserve Battery","BootSequence","Defragment+1","Ball Lightning","Chill","Seek","Loop+1","RitualDagger","Consume","White Noise","Cold Snap+1","Conserve Battery","Biased Cognition+1","Melter+1","Seek","Stack+1","Coolheaded+1"],"special_seed":0,"relics":["Cracked Core","Sundial","Empty Cage","Mercury Hourglass","Bottled Tornado","Tiny Chest","Lizard Tail","Bag of Marbles","Oddly Smooth Stone"],"potions_floor_usage":[50,50],"damage_taken":[{"damage":0.0,"enemies":"Small Slimes","floor":1.0,"turns":3.0},{"damage":0.0,"enemies":"Cultist","floor":3.0,"turns":3.0},{"damage":2.0,"enemies":"Jaw Worm","floor":8.0,"turns":3.0},{"damage":0.0,"enemies":"Looter","floor":12.0,"turns":3.0},{"damage":6.0,"enemies":"Exordium Wildlife","floor":13.0,"turns":4.0},{"damage":11.0,"enemies":"Lots of Slimes","floor":14.0,"turns":4.0},{"damage":14.0,"enemies":"The Guardian","floor":16.0,"turns":11.0},{"damage":14.0,"enemies":"Spheric Guardian","floor":18.0,"turns":5.0},{"damage":0.0,"enemies":"Chosen","floor":22.0,"turns":6.0},{"damage":7.0,"enemies":"Centurion and Healer","floor":24.0,"turns":10.0},{"damage":26.0,"enemies":"Book of Stabbing","floor":27.0,"turns":5.0},{"damage":12.0,"enemies":"Snake Plant","floor":29.0,"turns":4.0},{"damage":0.0,"enemies":"3 Cultists","floor":31.0,"turns":6.0},{"damage":54.0,"enemies":"Collector","floor":33.0,"turns":10.0},{"damage":3.0,"enemies":"Orb Walker","floor":35.0,"turns":5.0},{"damage":14.0,"enemies":"3 Shapes","floor":36.0,"turns":3.0},{"damage":35.0,"enemies":"Spire Growth","floor":37.0,"turns":8.0},{"damage":15.0,"enemies":"4 Shapes","floor":39.0,"turns":4.0},{"damage":35.0,"enemies":"Nemesis","floor":41.0,"turns":7.0},{"damage":11.0,"enemies":"3 Darklings","floor":42.0,"turns":7.0},{"damage":4.0,"enemies":"Jaw Worm Horde","floor":44.0,"turns":7.0},{"damage":14,"enemies":"Awakened One","floor":50,"turns":28}],"seed_played":"-5428681780669167382","potions_obtained":[{"floor":13.0,"key":"Weak Potion"},{"floor":14.0,"key":"GamblersBrew"},{"floor":24.0,"key":"Explosive Potion"},{"floor":31.0,"key":"PowerPotion"},{"floor":33.0,"key":"SpeedPotion"},{"floor":36.0,"key":"SpeedPotion"},{"floor":39.0,"key":"FearPotion"},{"floor":41.0,"key":"Ancient Potion"},{"floor":44.0,"key":"Swift Potion"}],"is_trial":false,"path_per_floor":["M","?","M","$","$","R","$","M","T","R","?","M","M","M","R","B",null,"M","?","T","?","M","R","M","R","T","E","?","M","R","M","R","B",null,"M","M","M","?","M","R","E","M","T","M","R","?","$","?","R","B",null],"character_chosen":"DEFECT","items_purchased":["Loop","Conserve Battery","Dexterity Potion"],"campfire_rested":5,"item_purchase_floors":[7,7,47],"current_hp_per_floor":[68,68,68,68,68,68,68,66,66,66,59,59,53,42,42,28,63,49,49,49,43,43,65,58,58,58,32,32,20,42,42,64,10,59,56,42,7,7,36,58,23,12,12,8,30,66,66,66,66,52],"gold":387,"neow_bonus":"UPGRADE_CARD","is_prod":false,"is_daily":false,"chose_seed":false,"campfire_upgraded":5,"win_rate":0,"timestamp":1547997885,"path_taken":["M","?","M","?","$","R","$","M","T","R","?","?","M","M","R","BOSS","M","?","?","?","?","R","?","R","T","E","?","M","R","M","R","BOSS","M","M","M","?","M","R","E","M","T","?","R","?","$","?","R","BOSS"],"build_version":"2019-01-17v2","purchased_purges":1,"victory":true,"max_hp_per_floor":[75,75,75,75,75,75,75,75,75,75,75,75,75,75,75,75,75,75,75,75,75,75,75,75,75,75,75,75,75,75,75,75,75,75,75,75,75,75,75,75,75,75,75,75,75,66,66,66,66,66],"card_choices":[{"not_picked":["Leap","Compile Driver"],"picked":"Coolheaded","floor":1.0},{"not_picked":["Redo","Genetic Algorithm"],"picked":"Go for the Eyes","floor":3.0},{"not_picked":["Redo","Turbo"],"picked":"BootSequence","floor":8.0},{"not_picked":["Sweeping Beam","Auto Shields"],"picked":"Defragment","floor":12.0},{"not_picked":["Turbo","Hello World"],"picked":"Ball Lightning","floor":13.0},{"not_picked":["Steam","Rebound"],"picked":"Chill","floor":14.0},{"not_picked":["Thunder Strike","Machine Learning"],"picked":"Seek","floor":16.0},{"not_picked":["Beam Cell","Coolheaded"],"picked":"Loop","floor":18.0},{"not_picked":["Genetic Algorithm","Reinforced Body"],"picked":"Consume","floor":22.0},{"not_picked":["Leap","Go for the Eyes"],"picked":"White Noise","floor":24.0},{"not_picked":["Coolheaded","Scrape","Rip and Tear"],"picked":"SKIP","floor":27.0},{"not_picked":["Sweeping Beam","White Noise"],"picked":"Cold Snap+1","floor":29.0},{"not_picked":["White Noise","Compile Driver"],"picked":"Conserve Battery","floor":31.0},{"not_picked":["Reboot","All For One"],"picked":"Biased Cognition","floor":33.0},{"not_picked":["Force Field","Coolheaded"],"picked":"Melter+1","floor":35.0},{"not_picked":["Barrage","Ball Lightning","Beam Cell"],"picked":"SKIP","floor":36.0},{"not_picked":["Steam+1","Rebound+1","Reprogram+1"],"picked":"SKIP","floor":37.0},{"not_picked":["Beam Cell","Reinforced Body","Sweeping Beam"],"picked":"SKIP","floor":39.0},{"not_picked":["Multi-Cast","Blizzard"],"picked":"Seek","floor":41.0},{"not_picked":["Hello World+1","Turbo"],"picked":"Stack+1","floor":42.0},{"not_picked":["Genetic Algorithm","Ball Lightning"],"picked":"Coolheaded+1","floor":44.0}],"player_experience":433635,"relics_obtained":[{"floor":9.0,"key":"Sundial"},{"floor":20.0,"key":"Mercury Hourglass"},{"floor":26.0,"key":"Bottled Tornado"},{"floor":27.0,"key":"Tiny Chest"},{"floor":41.0,"key":"Bag of Marbles"},{"floor":43.0,"key":"Oddly Smooth Stone"}],"event_choices":[{"damage_healed":0.0,"max_hp_gain":0.0,"max_hp_loss":0.0,"gold_gain":0.0,"event_name":"Match and Keep!","player_choice":"1 cards matched","floor":2.0,"gold_loss":0.0,"damage_taken":0.0,"cards_obtained":["Coolheaded"]},{"damage_healed":0.0,"max_hp_gain":0.0,"max_hp_loss":0.0,"gold_gain":75.0,"event_name":"FaceTrader","player_choice":"Touch","floor":11.0,"gold_loss":0.0,"damage_taken":7.0},{"damage_healed":0.0,"max_hp_gain":0.0,"max_hp_loss":0.0,"gold_gain":0.0,"event_name":"Ghosts","player_choice":"Ignored","floor":19.0,"gold_loss":0.0,"damage_taken":0.0},{"damage_healed":0.0,"max_hp_gain":0.0,"max_hp_loss":0.0,"gold_gain":0.0,"event_name":"Nest","player_choice":"Joined the Cult","floor":21.0,"gold_loss":0.0,"damage_taken":6.0,"cards_obtained":["RitualDagger"]},{"cards_removed":["Strike_B"],"damage_healed":0.0,"max_hp_gain":0.0,"max_hp_loss":0.0,"gold_gain":0.0,"event_name":"Beggar","player_choice":"Gave Gold","floor":28.0,"gold_loss":75.0,"damage_taken":0.0},{"cards_removed":["Defend_B"],"damage_healed":0.0,"max_hp_gain":0.0,"max_hp_loss":0.0,"gold_gain":0.0,"event_name":"Wheel of Change","player_choice":"Card Removal","floor":38.0,"gold_loss":0.0,"damage_taken":0.0},{"damage_healed":66.0,"max_hp_gain":0.0,"max_hp_loss":9.0,"gold_gain":0.0,"event_name":"The Moai Head","player_choice":"Heal","floor":46.0,"gold_loss":0.0,"damage_taken":0.0},{"damage_healed":0.0,"max_hp_gain":0.0,"max_hp_loss":0.0,"gold_gain":0.0,"event_name":"Upgrade Shrine","player_choice":"Upgraded","floor":48.0,"gold_loss":0.0,"damage_taken":0.0,"cards_upgraded":["Biased Cognition"]}],"is_beta":false,"boss_relics":[{"not_picked":["Snecko Eye","Coffee Dripper"],"picked":"Empty Cage"},{"not_picked":["Black Star","Sozu"],"picked":"Lizard Tail"}],"items_purged_floors":[47],"is_endless":false,"potions_floor_spawned":[13,14,24,31,33,36,39,41,44],"ascension_level":12}