{"gold_per_floor":[112,37,37,37,48,80,103,126,138,176,202,75,108,108],"floor_reached":14,"playtime":690,"items_purged":["Strike_R","Strike_R"],"score":169,"play_id":"ff7dbcfc-01a5-4d53-b583-ec49ea8d7475","local_time":"20190409191429","is_ascension_mode":true,"campfire_choices":[],"neow_cost":"NONE","seed_source_timestamp":2582461139815761,"circlet_count":0,"master_deck":["Strike_R","Strike_R","Strike_R","Defend_R","Defend_R+1","Defend_R","Defend_R","Bash+1","Bloodletting","Iron Wave","Infernal Blade","Intimidate","Infernal Blade"],"relics":["Burning Blood","NeowsBlessing","MawBank","Juzu Bracelet","Blue Candle","Question Card"],"potions_floor_usage":[10,14,14],"damage_taken":[{"damage":0,"enemies":"2 Louse","floor":1,"turns":1},{"damage":0,"enemies":"Jaw Worm","floor":5,"turns":1},{"damage":0,"enemies":"Lagavulin","floor":6,"turns":1},{"damage":3,"enemies":"Small Slimes","floor":7,"turns":2},{"damage":29,"enemies":"Exordium Thugs","floor":8,"turns":7},{"damage":27,"enemies":"3 Sentries","floor":10,"turns":7},{"damage":9,"enemies":"2 Fungi Beasts","floor":11,"turns":3},{"damage":27,"enemies":"Gremlin Nob","floor":13,"turns":4},{"damage":12,"enemies":"Red Slaver","floor":14,"turns":1}],"seed_played":"2911538315505528625","potions_obtained":[{"floor":8,"key":"Explosive Potion"},{"floor":10,"key":"Poison Potion"},{"floor":13,"key":"Fire Potion"}],"is_trial":false,"path_per_floor":["M","$","?","?","M","E","M","M","T","E","M","$","E","M"],"character_chosen":"IRONCLAD","items_purchased":["Infernal Blade"],"campfire_rested":0,"item_purchase_floors":[12],"current_hp_per_floor":[80,80,80,64,70,76,79,56,56,35,32,32,11,0],"gold":108,"neow_bonus":"THREE_ENEMY_KILL","is_prod":false,"is_daily":false,"chose_seed":false,"campfire_upgraded":0,"win_rate":0,"timestamp":1554830069,"path_taken":["M","$","?","?","M","E","M","M","T","E","M","?","E","M"],"build_version":"2019-01-23","purchased_purges":2,"victory":false,"max_hp_per_floor":[80,80,80,80,80,80,80,80,80,80,80,80,80,80],"card_choices":[{"not_picked":["Warcry","Disarm","Clash"],"picked":"SKIP","floor":1},{"not_picked":["Perfected Strike","Rage","Feel No Pain"],"picked":"SKIP","floor":5},{"not_picked":["Entrench","Demon Form"],"picked":"Bloodletting","floor":6},{"not_picked":["Wild Strike","Second Wind"],"picked":"Iron Wave","floor":7},{"not_picked":["Cleave","Anger"],"picked":"Infernal Blade","floor":8},{"not_picked":["Body Slam","Sentinel"],"picked":"Intimidate","floor":10},{"not_picked":["Corruption","Iron Wave","Metallicize"],"picked":"SKIP","floor":11},{"not_picked":["Flame Barrier","Cleave","Headbutt"],"picked":"SKIP","floor":13}],"player_experience":162178,"relics_obtained":[{"floor":6,"key":"MawBank"},{"floor":9,"key":"Juzu Bracelet"},{"floor":10,"key":"Blue Candle"},{"floor":13,"key":"Question Card"}],"event_choices":[{"damage_healed":0,"gold_gain":0,"player_choice":"Ignored","damage_taken":0,"max_hp_gain":0,"max_hp_loss":0,"event_name":"Liars Game","floor":3,"gold_loss":0},{"damage_healed":0,"gold_gain":0,"player_choice":"Entered Light","damage_taken":16,"max_hp_gain":0,"max_hp_loss":0,"event_name":"Shining Light","floor":4,"gold_loss":0,"cards_upgraded":["Defend_R","Bash"]}],"is_beta":false,"boss_relics":[],"items_purged_floors":[2,12],"is_endless":false,"potions_floor_spawned":[8,10,13],"killed_by":"Red Slaver","ascension_level":5}