{"gold_per_floor":[114,129,144,159,159,189,189,239,239,254,254,254,281,323,335,447,459,486,773,800,827,854,866,893,905,942,969,981],"floor_reached":28,"playtime":1620,"items_purged":[],"score":409,"play_id":"0b232bb4-033d-4ad6-8d26-e58718588b78","local_time":"20190428193331","daily_mods":["Cursed Run","Diverse","Lethality"],"is_ascension_mode":false,"campfire_choices":[{"data":"Neutralize","floor":7,"key":"SMITH"},{"data":"Beam Cell","floor":11,"key":"SMITH"},{"data":"Acrobatics","floor":15,"key":"SMITH"},{"data":"Envenom","floor":23,"key":"SMITH"},{"floor":25,"key":"REST"}],"neow_cost":"","seed_source_timestamp":0,"circlet_count":0,"master_deck":["Defend_G","Defend_G","Defend_G","Defend_G","Strike_G","Strike_G","Strike_G","Strike_G","Strike_G","Survivor","Neutralize+1","Beam Cell+1","Acrobatics+1","Wild Strike","Turbo","Slice","Writhe","Doubt","Conserve Battery","Twin Strike","Flying Knee","Decay","Envenom+1","Dagger Spray","Regret","Poisoned Stab+1","Sunder","Shame","Finisher+1"],"special_seed":18014,"relics":["Cursed Key","Darkstone Periapt","Du-Vu Doll","Happy Flower","Strawberry","Kunai","MawBank","Potion Belt","Runic Dome","Boot"],"potions_floor_usage":[6,14,16,18],"damage_taken":[{"damage":0,"enemies":"Jaw Worm","floor":1,"turns":3},{"damage":0,"enemies":"Cultist","floor":2,"turns":3},{"damage":0,"enemies":"Small Slimes","floor":3,"turns":2},{"damage":1,"enemies":"Red Slaver","floor":4,"turns":2},{"damage":11,"enemies":"3 Sentries","floor":6,"turns":4},{"damage":0,"enemies":"Looter","floor":10,"turns":1},{"damage":0,"enemies":"Blue Slaver","floor":13,"turns":2},{"damage":0,"enemies":"Lagavulin","floor":14,"turns":2},{"damage":51,"enemies":"Hexaghost","floor":16,"turns":6},{"damage":0,"enemies":"Spheric Guardian","floor":18,"turns":1},{"damage":13,"enemies":"Shell Parasite","floor":20,"turns":4},{"damage":10,"enemies":"Cultist and Chosen","floor":21,"turns":4},{"damage":25,"enemies":"Snake Plant","floor":22,"turns":2},{"damage":23,"enemies":"Snecko","floor":24,"turns":4},{"damage":28,"enemies":"Sentry and Sphere","floor":27,"turns":4},{"damage":38,"enemies":"Snake Plant","floor":28,"turns":2}],"seed_played":"-826647459390135187","potions_obtained":[{"floor":2,"key":"Explosive Potion"},{"floor":3,"key":"FearPotion"},{"floor":4,"key":"LiquidBronze"},{"floor":10,"key":"Fire Potion"},{"floor":16,"key":"Strength Potion"},{"floor":21,"key":"Regen Potion"},{"floor":24,"key":"SteroidPotion"}],"is_trial":false,"path_per_floor":["M","M","M","M","?","E","R","T","T","M","R","?","M","E","R","B",null,"M","?","M","M","M","R","M","R","T","M","M"],"character_chosen":"THE_SILENT","items_purchased":[],"campfire_rested":1,"item_purchase_floors":[],"current_hp_per_floor":[70,70,70,69,62,51,51,64,70,70,70,70,70,70,70,25,95,95,101,88,78,53,53,30,60,66,38,0],"gold":981,"neow_bonus":"","is_prod":false,"is_daily":true,"chose_seed":false,"campfire_upgraded":4,"win_rate":0,"timestamp":1556472811,"path_taken":["M","M","M","M","?","E","R","?","T","M","R","?","?","E","R","BOSS","M","?","?","M","M","R","M","R","T","M","M"],"build_version":"2019-01-23","purchased_purges":0,"victory":false,"max_hp_per_floor":[70,70,70,70,70,70,70,83,89,89,89,89,89,89,89,95,95,95,101,101,101,101,101,101,101,107,107,107],"card_choices":[{"not_picked":["True Grit","Reflex"],"picked":"Beam Cell","floor":1},{"not_picked":["Shrug It Off","Clothesline"],"picked":"Acrobatics","floor":2},{"not_picked":["Carnage","Beam Cell"],"picked":"Wild Strike","floor":3},{"not_picked":["Steam","Hologram"],"picked":"Turbo","floor":4},{"not_picked":["Clash","Accuracy"],"picked":"Slice","floor":6},{"not_picked":["Seeing Red","Concentrate"],"picked":"Conserve Battery","floor":10},{"not_picked":["Body Slam","Quick Slash"],"picked":"Twin Strike","floor":13},{"not_picked":["Seeing Red","Reflex"],"picked":"Flying Knee","floor":14},{"not_picked":["Doppelganger","Reaper"],"picked":"Envenom","floor":16},{"not_picked":["Noxious Fumes","Sword Boomerang+1"],"picked":"Dagger Spray","floor":18},{"not_picked":["Headbutt+1","Carnage"],"picked":"Poisoned Stab+1","floor":20},{"not_picked":["Escape Plan","Dropkick","Capacitor"],"picked":"SKIP","floor":21},{"not_picked":["Shrug It Off","True Grit+1","Noxious Fumes"],"picked":"SKIP","floor":22},{"not_picked":["Heatsinks","Accuracy+1"],"picked":"Sunder","floor":24},{"not_picked":["Rage","Dark Embrace"],"picked":"Finisher+1","floor":27}],"player_experience":190129,"relics_obtained":[{"floor":6,"key":"Happy Flower"},{"floor":8,"key":"Strawberry"},{"floor":9,"key":"Kunai"},{"floor":12,"key":"MawBank"},{"floor":14,"key":"Potion Belt"},{"floor":26,"key":"Boot"}],"event_choices":[{"cards_removed":["Defend_G"],"damage_healed":0,"gold_gain":0,"player_choice":"Card Removal","damage_taken":7,"max_hp_gain":0,"max_hp_loss":0,"event_name":"Golden Wing","floor":5,"gold_loss":0},{"damage_healed":0,"gold_gain":0,"player_choice":"Relic","damage_taken":0,"max_hp_gain":0,"max_hp_loss":0,"event_name":"Wheel of Change","floor":12,"gold_loss":0},{"damage_healed":0,"gold_gain":275,"player_choice":"Desecrate","damage_taken":0,"max_hp_gain":0,"max_hp_loss":0,"event_name":"Golden Shrine","floor":19,"gold_loss":0,"cards_obtained":["Regret"]}],"is_beta":false,"boss_relics":[{"not_picked":["Snecko Eye","HoveringKite"],"picked":"Runic Dome"}],"items_purged_floors":[],"is_endless":false,"potions_floor_spawned":[2,3,4,10,16,21,24],"killed_by":"Snake Plant","ascension_level":0}