{"gold_per_floor":[117,117,117,127,144,144,175,175,175,194,223,223,80,114,114,212,212,223,240,9,25,25,25,25],"floor_reached":24,"playtime":2025,"items_purged":[],"score":246,"play_id":"4b853165-5fef-453f-afb4-d079dabe628d","local_time":"20190211184051","is_ascension_mode":true,"campfire_choices":[{"data":"Go for the Eyes","floor":6.0,"key":"SMITH"},{"data":"Hologram","floor":8.0,"key":"SMITH"},{"floor":12.0,"key":"REST"},{"floor":15.0,"key":"DIG"},{"floor":23.0,"key":"DIG"}],"neow_cost":"NONE","seed_source_timestamp":2692758601422307,"circlet_count":0,"master_deck":["Strike_B","Strike_B","Strike_B","Strike_B","Defend_B","Defend_B","Defend_B","Defend_B","Zap+1","Dualcast","Seek","Reboot","Go for the Eyes+1","Hologram+1","Cold Snap","Turbo","Darkness","Self Repair","Capacitor","Multi-Cast","Ball Lightning","Lockon","Conserve Battery"],"special_seed":0,"relics":["Cracked Core","Shuriken","Lantern","Pocketwatch","Ornamental Fan","Shovel","Kunai","Busted Crown","Runic Capacitor","Meat on the Bone"],"potions_floor_usage":[],"damage_taken":[{"damage":1.0,"enemies":"Cultist","floor":1.0,"turns":3.0},{"damage":2.0,"enemies":"Jaw Worm","floor":4.0,"turns":3.0},{"damage":3.0,"enemies":"2 Louse","floor":5.0,"turns":2.0},{"damage":20.0,"enemies":"3 Sentries","floor":7.0,"turns":5.0},{"damage":0.0,"enemies":"Red Slaver","floor":10.0,"turns":2.0},{"damage":2.0,"enemies":"Lagavulin","floor":11.0,"turns":6.0},{"damage":17.0,"enemies":"3 Sentries","floor":14.0,"turns":7.0},{"damage":30.0,"enemies":"Hexaghost","floor":16.0,"turns":10.0},{"damage":12.0,"enemies":"Spheric Guardian","floor":18.0,"turns":5.0},{"damage":20.0,"enemies":"3 Byrds","floor":19.0,"turns":5.0},{"damage":11.0,"enemies":"Snecko","floor":21.0,"turns":5.0},{"damage":59,"enemies":"Book of Stabbing","floor":24,"turns":6}],"seed_played":"5633982239923411597","potions_obtained":[{"floor":5.0,"key":"Explosive Potion"},{"floor":7.0,"key":"PowerPotion"},{"floor":19.0,"key":"Ancient Potion"}],"is_trial":false,"path_per_floor":["M","T","?","M","M","R","E","R","T","M","E","R","$","E","R","B",null,"M","M","$","M","$","R","E"],"character_chosen":"DEFECT","items_purchased":["Darkness","Self Repair","Runic Capacitor","Lockon"],"campfire_rested":1,"item_purchase_floors":[13,13,20,20],"current_hp_per_floor":[74,74,74,72,69,69,49,49,49,49,47,69,69,59,59,36,75,70,57,57,53,53,53,0],"gold":25,"neow_bonus":"ONE_RANDOM_RARE_CARD","is_prod":false,"is_daily":false,"chose_seed":false,"campfire_upgraded":2,"win_rate":0,"timestamp":1549906851,"path_taken":["M","?","?","?","?","R","E","R","T","M","E","R","$","E","R","BOSS","M","M","$","M","$","R","E"],"build_version":"2019-01-23","purchased_purges":0,"victory":false,"max_hp_per_floor":[75,75,75,75,75,75,75,75,75,75,75,75,75,75,75,75,75,75,75,75,75,75,75,75],"card_choices":[{"not_picked":["Barrage","Turbo","Coolheaded"],"picked":"SKIP","floor":1.0},{"not_picked":["Beam Cell","Steam"],"picked":"Reboot","floor":4.0},{"not_picked":["Cold Snap","Barrage"],"picked":"Go for the Eyes","floor":5.0},{"not_picked":["Conserve Battery","Barrage"],"picked":"Hologram","floor":7.0},{"not_picked":["Storm","Ball Lightning"],"picked":"Cold Snap","floor":10.0},{"not_picked":["Leap","Compile Driver"],"picked":"Turbo","floor":11.0},{"not_picked":["Conserve Battery","Glacier"],"picked":"Capacitor","floor":14.0},{"not_picked":["Thunder Strike","Seek"],"picked":"Multi-Cast","floor":16.0},{"not_picked":[],"picked":"Ball Lightning","floor":18.0},{"not_picked":["Beam Cell"],"picked":"SKIP","floor":19.0},{"not_picked":[],"picked":"Conserve Battery","floor":21.0}],"player_experience":141295,"relics_obtained":[{"floor":2.0,"key":"Shuriken"},{"floor":7.0,"key":"Lantern"},{"floor":9.0,"key":"Pocketwatch"},{"floor":11.0,"key":"Ornamental Fan"},{"floor":14.0,"key":"Shovel"},{"floor":15.0,"key":"Kunai"},{"floor":23.0,"key":"Meat on the Bone"}],"event_choices":[{"damage_healed":0.0,"max_hp_gain":0.0,"max_hp_loss":0.0,"gold_gain":0.0,"event_name":"Upgrade Shrine","player_choice":"Upgraded","floor":3.0,"gold_loss":0.0,"damage_taken":0.0,"cards_upgraded":["Zap"]}],"is_beta":false,"boss_relics":[{"not_picked":["Astrolabe","FrozenCore"],"picked":"Busted Crown"}],"items_purged_floors":[],"is_endless":false,"potions_floor_spawned":[5,7,19],"killed_by":"Book of Stabbing","ascension_level":3}