{"gold_per_floor":[359,374,388,338,357,392,409,409,409,426,83,83,100,51,51,146,146,166,182,4,4,24,24],"floor_reached":23,"playtime":2523,"items_purged":[],"score":245,"play_id":"b18a16d7-7d4a-463e-ad58-0c62ab602a24","local_time":"20180720223239","is_ascension_mode":false,"campfire_choices":[{"data":"Perfected Strike","floor":8,"key":"SMITH"},{"data":"Bandage Up","floor":12,"key":"SMITH"},{"data":"Armaments","floor":15,"key":"SMITH"}],"neow_cost":"CURSE","seed_source_timestamp":239372203836001,"circlet_count":0,"master_deck":["Strike_R","Strike_R","Strike_R","Strike_R","Strike_R","Defend_R","Defend_R","Defend_R","Defend_R","Bash","Perfected Strike+1","Battle Trance","Inflame","Armaments+1","Headbutt","Juggernaut","Perfected Strike","Bandage Up+1","Perfected Strike","Bloodletting","Clash","Perfected Strike","Demon Form+1","Pain","Doubt","Seeing Red","Thunderclap","Heavy Blade","Flex"],"relics":["Burning Blood","Orichalcum","Frozen Egg 2","Ancient Tea Set","Calling Bell","Pear","Champion Belt","Oddly Smooth Stone","Strawberry"],"potions_floor_usage":[19,19],"damage_taken":[{"damage":5,"enemies":"Cultist","floor":1,"turns":4},{"damage":1,"enemies":"Jaw Worm","floor":2,"turns":4},{"damage":7,"enemies":"Small Slimes","floor":3,"turns":4},{"damage":3,"enemies":"2 Fungi Beasts","floor":5,"turns":4},{"damage":35,"enemies":"Lagavulin","floor":6,"turns":6},{"damage":18,"enemies":"3 Louse","floor":7,"turns":4},{"damage":0,"enemies":"Exordium Wildlife","floor":10,"turns":3},{"damage":7,"enemies":"Exordium Thugs","floor":13,"turns":2},{"damage":42,"enemies":"The Guardian","floor":16,"turns":6},{"damage":38,"enemies":"2 Thieves","floor":18,"turns":4},{"damage":18,"enemies":"Spheric Guardian","floor":19,"turns":4},{"damage":37,"enemies":"Cultist and Chosen","floor":22,"turns":8},{"damage":60,"enemies":"Slaver and Parasite","floor":23,"turns":3}],"seed_played":"7978576699844792029","potions_obtained":[{"floor":3,"key":"SpeedPotion"},{"floor":5,"key":"Weak Potion"},{"floor":6,"key":"PowerPotion"},{"floor":7,"key":"BloodPotion"},{"floor":13,"key":"Regen Potion"},{"floor":16,"key":"SteroidPotion"},{"floor":18,"key":"BloodPotion"}],"is_trial":false,"path_per_floor":["M","M","M","?","M","E","M","R","T","M","$","R","M","$","R","B",null,"M","M","$","?","M"],"character_chosen":"IRONCLAD","items_purchased":["Bandage Up","Perfected Strike","Bloodletting","Ancient Tea Set","Perfected Strike","Heavy Blade","Strawberry"],"campfire_rested":0,"item_purchase_floors":[11,11,11,11,14,20,20],"current_hp_per_floor":[80,80,79,79,80,51,39,39,39,45,45,45,50,50,50,20,90,58,73,80,80,55,0],"gold":24,"neow_bonus":"TWO_FIFTY_GOLD","is_prod":false,"is_daily":false,"chose_seed":false,"campfire_upgraded":3,"win_rate":0.0,"timestamp":1532118759,"path_taken":["M","?","M","?","M","E","M","R","T","M","$","R","M","$","R","BOSS","M","M","$","?","M","M"],"build_version":"2018-07-19v2","purchased_purges":0,"victory":false,"max_hp_per_floor":[80,80,80,80,80,80,80,80,80,80,80,80,80,80,80,80,90,90,90,97,97,97,97],"card_choices":[{"not_picked":["Disarm","Thunderclap"],"picked":"Perfected Strike","floor":1},{"not_picked":["Uppercut","Disarm"],"picked":"Battle Trance","floor":2},{"not_picked":["Battle Trance","Iron Wave"],"picked":"Inflame","floor":3},{"not_picked":["Intimidate","Twin Strike"],"picked":"Armaments","floor":5},{"not_picked":["Disarm","Uppercut"],"picked":"Headbutt","floor":6},{"not_picked":["Clash","Combust"],"picked":"Juggernaut","floor":7},{"not_picked":["Iron Wave","Metallicize+1"],"picked":"Perfected Strike","floor":10},{"not_picked":["True Grit","Iron Wave"],"picked":"Clash","floor":13},{"not_picked":["Double Tap","Fiend Fire"],"picked":"Demon Form+1","floor":16},{"not_picked":["Twin Strike","Anger+1"],"picked":"Seeing Red","floor":18},{"not_picked":["Pommel Strike","Clothesline"],"picked":"Thunderclap","floor":19},{"not_picked":["Pommel Strike","Demon Form+1"],"picked":"Flex","floor":22}],"player_experience":26927,"relics_obtained":[{"floor":6,"key":"Orichalcum"},{"floor":9,"key":"Frozen Egg 2"},{"floor":17,"key":"Pear"},{"floor":17,"key":"Champion Belt"},{"floor":17,"key":"Oddly Smooth Stone"}],"event_choices":[{"event_name":"The Cleric","player_choice":"Card Removal","floor":4,"damage_taken":0},{"event_name":"Back to Basics","player_choice":"Elegance","floor":21,"damage_taken":0}],"is_beta":false,"boss_relics":[{"not_picked":["Fusion Hammer","Empty Cage"],"picked":"Calling Bell"}],"items_purged_floors":[],"is_endless":false,"potions_floor_spawned":[3,5,6,7,13,16,18],"killed_by":"Slaver and Parasite","ascension_level":0}