{"gold_per_floor":[209,110,110,128,147,147,166,166,166,20,20,35,49,79,79,177,177,160,180,200,75,75,75,86,119,119,139,89,122,122,142,142,241,241,255,268,313,330,430,456,456,474,474,474],"floor_reached":44,"playtime":4603,"items_purged":["Strike_R","Strike_R","Strike_R","Strike_R"],"score":698,"play_id":"3fe6cde0-7b09-4fb0-92bb-e045c5c5fea0","local_time":"20190218233217","is_ascension_mode":true,"campfire_choices":[{"data":"True Grit","floor":6.0,"key":"SMITH"},{"data":"Shrug It Off","floor":8.0,"key":"SMITH"},{"data":"Armaments","floor":11.0,"key":"SMITH"},{"data":"Rampage","floor":15.0,"key":"SMITH"},{"data":"Barricade","floor":23.0,"key":"SMITH"},{"data":"Entrench","floor":30.0,"key":"SMITH"},{"data":"Sentinel","floor":32.0,"key":"SMITH"},{"floor":41,"key":"REST"}],"neow_cost":"NONE","seed_source_timestamp":207123087438951,"circlet_count":0,"master_deck":["Strike_R","Defend_R","Defend_R","Defend_R","Defend_R","Bash","Rampage+1","True Grit+1","Dual Wield","Shrug It Off+1","Armaments+1","Disarm","Barricade+1","Ghostly Armor","Entrench+1","Body Slam+1","Warcry+1","Sentinel+1","Metallicize"],"special_seed":0,"relics":["Burning Blood","Molten Egg 2","Letter Opener","Sozu","Smiling Mask","Kunai","Centennial Puzzle","Fusion Hammer","Turnip","Prayer Wheel","Lantern"],"potions_floor_usage":[37],"damage_taken":[{"damage":13.0,"enemies":"Jaw Worm","floor":1.0,"turns":4.0},{"damage":0.0,"enemies":"Cultist","floor":4.0,"turns":4.0},{"damage":7.0,"enemies":"Small Slimes","floor":5.0,"turns":4.0},{"damage":4.0,"enemies":"3 Louse","floor":7.0,"turns":6.0},{"damage":35.0,"enemies":"Large Slime","floor":12.0,"turns":12.0},{"damage":0.0,"enemies":"2 Fungi Beasts","floor":13.0,"turns":5.0},{"damage":13.0,"enemies":"Lagavulin","floor":14.0,"turns":8.0},{"damage":16.0,"enemies":"Hexaghost","floor":16.0,"turns":13.0},{"damage":16.0,"enemies":"2 Thieves","floor":18.0,"turns":4.0},{"damage":21.0,"enemies":"Spheric Guardian","floor":19.0,"turns":9.0},{"damage":9.0,"enemies":"Centurion and Healer","floor":20.0,"turns":12.0},{"damage":10.0,"enemies":"Snecko","floor":24.0,"turns":4.0},{"damage":0.0,"enemies":"Slavers","floor":25.0,"turns":5.0},{"damage":6.0,"enemies":"3 Cultists","floor":27.0,"turns":7.0},{"damage":7.0,"enemies":"Book of Stabbing","floor":29.0,"turns":6.0},{"damage":4.0,"enemies":"Centurion and Healer","floor":31.0,"turns":4.0},{"damage":0.0,"enemies":"Collector","floor":33.0,"turns":9.0},{"damage":2.0,"enemies":"3 Darklings","floor":35.0,"turns":6.0},{"damage":6.0,"enemies":"Orb Walker","floor":36.0,"turns":5.0},{"damage":79,"enemies":"2 Orb Walkers","floor":37,"turns":8},{"damage":0,"enemies":"Maw","floor":38,"turns":7},{"damage":0,"enemies":"Mind Bloom Boss Battle","floor":39,"turns":3},{"damage":0,"enemies":"Giant Head","floor":40,"turns":5},{"damage":10,"enemies":"Spire Growth","floor":42,"turns":4},{"damage":59,"enemies":"Reptomancer","floor":44,"turns":3}],"seed_played":"-935127690102257722","potions_obtained":[{"floor":5.0,"key":"Regen Potion"},{"floor":12.0,"key":"Explosive Potion"},{"floor":14.0,"key":"Block Potion"},{"floor":16.0,"key":"AttackPotion"}],"is_trial":false,"path_per_floor":["M","$","?","M","M","R","M","R","T","$","R","M","M","E","R","B",null,"M","M","M","$","?","R","M","E","T","M","$","E","R","M","R","B",null,"M","M","?","M","?","E","R","M","T","E"],"character_chosen":"IRONCLAD","items_purchased":["True Grit","Armaments"],"campfire_rested":1,"item_purchase_floors":[2,10],"current_hp_per_floor":[73,73,73,79,78,78,80,80,80,80,80,51,57,50,50,40,80,70,55,67,67,67,67,63,69,69,69,69,68,68,70,70,76,80,80,80,7,13,19,25,49,45,45,0],"gold":474,"neow_bonus":"HUNDRED_GOLD","is_prod":false,"is_daily":false,"chose_seed":false,"campfire_upgraded":7,"win_rate":0,"timestamp":1550529137,"path_taken":["M","$","?","M","M","R","M","R","T","$","R","M","?","E","R","BOSS","M","?","M","$","?","R","?","E","T","M","$","E","R","M","R","BOSS","M","M","?","M","?","E","R","M","T","E"],"build_version":"2019-01-23","purchased_purges":4,"victory":false,"max_hp_per_floor":[80,80,80,80,80,80,80,80,80,80,80,80,80,80,80,80,80,80,80,80,80,80,80,80,80,80,80,80,80,80,80,80,80,80,80,80,80,80,80,80,80,80,80,80],"card_choices":[{"not_picked":["Sword Boomerang","Pommel Strike"],"picked":"Rampage","floor":1.0},{"not_picked":["Flex","Clash","Searing Blow"],"picked":"SKIP","floor":4.0},{"not_picked":["Havoc","Flex","Anger"],"picked":"SKIP","floor":5.0},{"not_picked":["Uppercut","True Grit"],"picked":"Shrug It Off","floor":7.0},{"not_picked":["Limit Break","Anger+1"],"picked":"Disarm","floor":12.0},{"not_picked":["Clash+1","Warcry","Blood for Blood+1"],"picked":"SKIP","floor":13.0},{"not_picked":["Warcry","Body Slam+1","Clash+1"],"picked":"SKIP","floor":14.0},{"not_picked":["Berserk","Exhume"],"picked":"Barricade","floor":16.0},{"not_picked":["Reckless Charge+1","Pommel Strike+1"],"picked":"Ghostly Armor","floor":18.0},{"not_picked":["Shrug It Off","True Grit"],"picked":"Entrench","floor":19.0},{"not_picked":["Wild Strike+1","Twin Strike+1"],"picked":"Body Slam+1","floor":20.0},{"not_picked":["Thunderclap+1","Body Slam+1","Cleave+1"],"picked":"SKIP","floor":24.0},{"not_picked":["Wild Strike+1","Limit Break"],"picked":"Warcry+1","floor":25.0},{"not_picked":["Perfected Strike+1","Wild Strike+1"],"picked":"Sentinel","floor":27.0},{"not_picked":["Battle Trance","Pommel Strike+1","Perfected Strike+1"],"picked":"SKIP","floor":29.0},{"not_picked":["Feel No Pain","Havoc","Anger+1"],"picked":"SKIP","floor":31.0},{"not_picked":["Body Slam+1","Havoc+1","Fire Breathing+1"],"picked":"SKIP","floor":35.0},{"not_picked":["Ghostly Armor+1","Flex+1","Warcry+1"],"picked":"SKIP","floor":36.0},{"not_picked":["Bloodletting","Carnage+1","Clash+1"],"picked":"SKIP","floor":38},{"not_picked":["True Grit","Entrench"],"picked":"Metallicize","floor":40},{"not_picked":["Combust","Evolve","Disarm"],"picked":"SKIP","floor":42},{"not_picked":["Havoc","Battle Trance","Berserk"],"picked":"SKIP","floor":42}],"player_experience":182899,"relics_obtained":[{"floor":9.0,"key":"Molten Egg 2"},{"floor":14.0,"key":"Letter Opener"},{"floor":25.0,"key":"Smiling Mask"},{"floor":26.0,"key":"Kunai"},{"floor":29.0,"key":"Centennial Puzzle"},{"floor":37,"key":"Turnip"},{"floor":39,"key":"Prayer Wheel"},{"floor":40,"key":"Lantern"}],"event_choices":[{"damage_healed":0.0,"max_hp_gain":0.0,"max_hp_loss":0.0,"gold_gain":0.0,"event_name":"Match and Keep!","player_choice":"1 cards matched","floor":3.0,"gold_loss":0.0,"damage_taken":0.0,"cards_obtained":["Dual Wield"]},{"damage_healed":0.0,"max_hp_gain":0.0,"max_hp_loss":0.0,"gold_gain":0.0,"event_name":"Duplicator","player_choice":"Ignored","floor":22.0,"gold_loss":0.0,"damage_taken":0.0},{"damage_healed":0,"gold_gain":0,"player_choice":"Fight","damage_taken":0,"max_hp_gain":0,"max_hp_loss":0,"event_name":"Mysterious Sphere","floor":37,"gold_loss":0},{"damage_healed":0,"gold_gain":0,"player_choice":"Fight","damage_taken":0,"max_hp_gain":0,"max_hp_loss":0,"event_name":"MindBloom","floor":39,"gold_loss":0}],"is_beta":false,"boss_relics":[{"not_picked":["Runic Pyramid","Snecko Eye"],"picked":"Sozu"},{"not_picked":["Astrolabe","Tiny House"],"picked":"Fusion Hammer"}],"items_purged_floors":[2,10,21,28],"is_endless":false,"potions_floor_spawned":[5,12,14,16,20,27,29,31,37,39,42],"killed_by":"Reptomancer","ascension_level":3}