{"gold_per_floor":[111,111,111,36,36,67,67,78,78,111,186,39,49,79,79,174,174,185,100,100,100,120,453,453,469,516,549,565,575,588,588,588,588],"floor_reached":33,"playtime":1553,"items_purged":["Normality"],"score":353,"play_id":"aeca287b-2f2a-4181-b993-dbc951456648","local_time":"20180902190037","is_ascension_mode":false,"campfire_choices":[{"data":"Bash","floor":7.0,"key":"SMITH"},{"data":"Uppercut","floor":15.0,"key":"SMITH"},{"data":"Armaments","floor":24.0,"key":"SMITH"},{"data":"Flex","floor":32,"key":"SMITH"}],"neow_cost":"NONE","seed_source_timestamp":81418968708077,"circlet_count":0,"master_deck":["Strike_R","Strike_R","Strike_R","Strike_R","Strike_R","Defend_R+1","Defend_R","Defend_R+1","Defend_R","Bash+1","Twin Strike+1","Cleave","Thunderclap","Sword Boomerang","Ghostly Armor","Uppercut+1","Berserk","Armaments+1","Flame Barrier","Flex+1","Iron Wave+1","Twin Strike+1","Sword Boomerang+1"],"special_seed":0,"relics":["Black Blood","NeowsBlessing","Pear","Blood Vial","Nunchaku","War Paint","Red Skull","Happy Flower","Charon\u0027s Ashes","MutagenicStrength","Old Coin","Oddly Smooth Stone","Shuriken"],"potions_floor_usage":[33,33,33],"damage_taken":[{"damage":0.0,"enemies":"Jaw Worm","floor":1.0,"turns":1.0},{"damage":0.0,"enemies":"3 Sentries","floor":6.0,"turns":1.0},{"damage":0.0,"enemies":"2 Louse","floor":8.0,"turns":1.0},{"damage":36.0,"enemies":"Lagavulin","floor":10.0,"turns":6.0},{"damage":0.0,"enemies":"Cultist","floor":13.0,"turns":3.0},{"damage":9.0,"enemies":"3 Sentries","floor":14.0,"turns":6.0},{"damage":44.0,"enemies":"Hexaghost","floor":16.0,"turns":7.0},{"damage":15.0,"enemies":"Chosen","floor":18.0,"turns":5.0},{"damage":5.0,"enemies":"3 Byrds","floor":22.0,"turns":3.0},{"damage":59.0,"enemies":"Slavers","floor":23.0,"turns":5.0},{"damage":15.0,"enemies":"3 Cultists","floor":25.0,"turns":5.0},{"damage":21.0,"enemies":"Book of Stabbing","floor":27.0,"turns":6.0},{"damage":9,"enemies":"Shelled Parasite and Fungi","floor":28,"turns":3},{"damage":1,"enemies":"Cultist and Chosen","floor":29,"turns":4},{"damage":11,"enemies":"Snecko","floor":30,"turns":5},{"damage":68,"enemies":"Champ","floor":33,"turns":8}],"seed_played":"-5856284286594480026","potions_obtained":[{"floor":1.0,"key":"Dexterity Potion"},{"floor":10.0,"key":"Swift Potion"},{"floor":13.0,"key":"Regen Potion"},{"floor":27.0,"key":"Strength Potion"}],"is_trial":false,"path_per_floor":["M","?","?","$","?","E","R","M","T","E","?","$","M","E","R","B",null,"M","?","?","?","M","E","R","M","T","E","M","M","M","?","R"],"character_chosen":"IRONCLAD","items_purchased":["Red Skull"],"campfire_rested":0,"item_purchase_floors":[12],"current_hp_per_floor":[80,80,90,90,95,95,95,95,95,65,54,54,62,61,61,25,95,90,90,90,90,95,46,46,43,43,34,37,48,49,49,49,0],"gold":588,"neow_bonus":"THREE_ENEMY_KILL","is_prod":false,"is_daily":false,"chose_seed":false,"campfire_upgraded":4,"win_rate":0.0,"timestamp":1535907637,"path_taken":["M","?","?","$","?","E","R","M","T","E","?","$","M","E","R","BOSS","M","?","?","?","M","E","R","M","T","E","M","M","M","?","R","BOSS"],"build_version":"2018-08-30","purchased_purges":1,"victory":false,"max_hp_per_floor":[80,80,90,90,95,95,95,95,95,95,95,95,95,95,95,95,95,95,95,95,95,95,95,95,95,95,95,95,95,95,95,95,95],"card_choices":[{"not_picked":["Dual Wield","Pommel Strike"],"picked":"Twin Strike","floor":1.0},{"not_picked":["Heavy Blade","Rupture"],"picked":"Cleave","floor":6.0},{"not_picked":["Combust","Reckless Charge"],"picked":"Thunderclap","floor":8.0},{"not_picked":["Burning Pact","Anger"],"picked":"Sword Boomerang","floor":10.0},{"not_picked":["Bloodletting","Clash"],"picked":"Ghostly Armor","floor":13.0},{"not_picked":["Sword Boomerang","Intimidate"],"picked":"Uppercut","floor":14.0},{"not_picked":["Dark Embrace","Impervious"],"picked":"Berserk","floor":16.0},{"not_picked":["Entrench+1","Clash"],"picked":"Armaments","floor":18.0},{"not_picked":["Clash+1","Armaments"],"picked":"Flex","floor":22.0},{"not_picked":["Pommel Strike","Sever Soul","Rampage"],"picked":"SKIP","floor":23.0},{"not_picked":["Perfected Strike","Power Through","Flex"],"picked":"SKIP","floor":25.0},{"not_picked":["Shrug It Off","Hemokinesis"],"picked":"Iron Wave+1","floor":27.0},{"not_picked":["Burning Pact","Pommel Strike"],"picked":"Twin Strike+1","floor":28},{"not_picked":["Reckless Charge","Warcry+1"],"picked":"Sword Boomerang+1","floor":29},{"not_picked":["Twin Strike","Infernal Blade+1","Shockwave+1"],"picked":"SKIP","floor":30}],"player_experience":86948,"relics_obtained":[{"floor":6.0,"key":"Blood Vial"},{"floor":9.0,"key":"Nunchaku"},{"floor":10.0,"key":"War Paint"},{"floor":14.0,"key":"Happy Flower"},{"floor":23.0,"key":"Old Coin"},{"floor":26.0,"key":"Oddly Smooth Stone"},{"floor":27.0,"key":"Shuriken"}],"event_choices":[{"event_name":"Living Wall","player_choice":"Grow","floor":2.0,"damage_taken":0.0},{"event_name":"Accursed Blacksmith","player_choice":"Rummage","floor":3.0,"damage_taken":0.0},{"event_name":"Big Fish","player_choice":"Donut","floor":5.0,"damage_taken":0.0},{"event_name":"World of Goop","player_choice":"Gather Gold","floor":11.0,"damage_taken":0.0},{"event_name":"Addict","player_choice":"Obtained Relic","floor":19.0,"damage_taken":0.0},{"event_name":"Drug Dealer","player_choice":"Inject Mutagens","floor":20.0,"damage_taken":0.0},{"event_name":"The Library","player_choice":"Read","floor":21.0,"damage_taken":0.0},{"event_name":"Cursed Tome","player_choice":"Ignored","floor":31,"damage_taken":0}],"is_beta":false,"boss_relics":[{"not_picked":["Philosopher\u0027s Stone","Sozu"],"picked":"Black Blood"}],"items_purged_floors":[4],"is_endless":false,"potions_floor_spawned":[1,10,13,18,27,29],"killed_by":"Champ","ascension_level":0}