{"gold_per_floor":[113,125,2,12,32,32,66,66,66,98,98,108,108,123,123,194,194,213,213,213,39,39],"floor_reached":22,"playtime":586,"items_purged":[],"score":388,"play_id":"f6db390e-6413-4179-80ad-947ff1b52c5c","local_time":"20190430232830","is_ascension_mode":true,"campfire_choices":[{"floor":6,"key":"REST"},{"data":"Rip and Tear","floor":8,"key":"SMITH"},{"floor":11,"key":"REST"},{"floor":15,"key":"REST"}],"neow_cost":"NONE","seed_source_timestamp":3753475648798635,"circlet_count":0,"master_deck":["AscendersBane","Strike_B","Strike_B","Strike_B","Defend_B","Defend_B","Defend_B","Defend_B","Zap","Dualcast","Lockon","Ball Lightning","Rip and Tear+1","Melter","Doom and Gloom","Conserve Battery","Chill","Conserve Battery","Hologram","Core Surge","Leap+1","Defragment","Reinforced Body"],"relics":["Sozu","Calipers","Dodecahedron","Cables","Fusion Hammer"],"potions_floor_usage":[],"damage_taken":[{"damage":8,"enemies":"2 Louse","floor":1,"turns":3},{"damage":7,"enemies":"Jaw Worm","floor":2,"turns":3},{"damage":3,"enemies":"Small Slimes","floor":4,"turns":2},{"damage":20,"enemies":"Exordium Thugs","floor":5,"turns":4},{"damage":10,"enemies":"3 Sentries","floor":7,"turns":4},{"damage":35,"enemies":"Lagavulin","floor":10,"turns":5},{"damage":13,"enemies":"Large Slime","floor":12,"turns":4},{"damage":13,"enemies":"Blue Slaver","floor":14,"turns":2},{"damage":36,"enemies":"The Guardian","floor":16,"turns":11},{"damage":26,"enemies":"Shell Parasite","floor":18,"turns":4},{"damage":29,"enemies":"Chosen","floor":22,"turns":6}],"seed_played":"-5005993141091689132","potions_obtained":[],"is_trial":false,"path_per_floor":["M","M","$","M","M","R","E","R","T","E","R","M","?","M","R","B",null,"M","?","?","$","M"],"character_chosen":"DEFECT","items_purchased":["Rip and Tear","Melter","Defragment","Reinforced Body"],"campfire_rested":3,"item_purchase_floors":[3,3,21,21],"current_hp_per_floor":[56,49,49,46,26,47,37,37,37,2,23,10,33,20,41,5,55,29,29,29,29,0],"gold":39,"neow_bonus":"BOSS_RELIC","is_prod":false,"is_daily":false,"chose_seed":false,"campfire_upgraded":1,"win_rate":0,"timestamp":1556663310,"path_taken":["M","M","$","M","M","R","E","R","T","E","R","M","?","M","R","BOSS","M","?","?","$","?"],"build_version":"2019-01-23","purchased_purges":0,"victory":false,"max_hp_per_floor":[71,71,71,71,71,71,71,71,71,71,71,71,71,71,71,71,71,71,71,71,71,71],"card_choices":[{"not_picked":["Turbo","Scrape"],"picked":"Lockon","floor":1},{"not_picked":["Barrage","Streamline"],"picked":"Ball Lightning","floor":2},{"not_picked":["Echo Form","Streamline"],"picked":"Doom and Gloom","floor":4},{"not_picked":["Consume","Barrage"],"picked":"Conserve Battery","floor":5},{"not_picked":["Recycle","Creative AI","Force Field"],"picked":"SKIP","floor":7},{"not_picked":["Reboot","Barrage"],"picked":"Chill","floor":10},{"not_picked":["Static Discharge","Sunder"],"picked":"Conserve Battery","floor":12},{"not_picked":["Turbo","Redo"],"picked":"Hologram","floor":14},{"not_picked":["Meteor Strike","Reboot"],"picked":"Core Surge","floor":16},{"not_picked":["Force Field+1","Scrape"],"picked":"Leap+1","floor":18}],"player_experience":755723,"relics_obtained":[{"floor":7,"key":"Calipers"},{"floor":9,"key":"Dodecahedron"},{"floor":10,"key":"Cables"}],"event_choices":[{"damage_healed":23,"gold_gain":0,"player_choice":"Banana","damage_taken":0,"max_hp_gain":0,"max_hp_loss":0,"event_name":"Big Fish","floor":13,"gold_loss":0},{"damage_healed":0,"gold_gain":0,"player_choice":"Ignored","damage_taken":0,"max_hp_gain":0,"max_hp_loss":0,"event_name":"Ghosts","floor":19,"gold_loss":0},{"cards_removed":["Strike_B"],"damage_healed":0,"gold_gain":0,"player_choice":"Purged","damage_taken":0,"max_hp_gain":0,"max_hp_loss":0,"event_name":"Purifier","floor":20,"gold_loss":0}],"is_beta":false,"boss_relics":[{"not_picked":["Coffee Dripper","Inserter"],"picked":"Fusion Hammer"}],"items_purged_floors":[],"is_endless":false,"potions_floor_spawned":[1,4,14,16],"killed_by":"Chosen","ascension_level":20}