{"gold_per_floor":[369,444,458,179,179,179,198,208,235,205,205,205,233,243,243,243],"floor_reached":16,"playtime":935,"items_purged":["Strike_R"],"score":100,"play_id":"87c06668-b603-4696-a7e6-0160310901c3","local_time":"20180902140125","is_ascension_mode":false,"campfire_choices":[{"data":"Entrench","floor":6,"key":"SMITH"},{"data":"Body Slam","floor":12,"key":"SMITH"},{"data":"Body Slam","floor":15,"key":"SMITH"}],"neow_cost":"PERCENT_DAMAGE","seed_source_timestamp":64142166339585,"circlet_count":0,"master_deck":["Strike_R","Strike_R","Strike_R","Defend_R+1","Defend_R","Defend_R","Defend_R","Bash+1","Entrench+1","Shrug It Off","True Grit","Body Slam+1","Body Slam+1","Ghostly Armor"],"relics":["Burning Blood","Juzu Bracelet","Happy Flower","Centennial Puzzle"],"potions_floor_usage":[8,16],"damage_taken":[{"damage":1,"enemies":"Cultist","floor":1,"turns":3},{"damage":10,"enemies":"Jaw Worm","floor":3,"turns":6},{"damage":3,"enemies":"2 Louse","floor":7,"turns":4},{"damage":0,"enemies":"Exordium Wildlife","floor":8,"turns":4},{"damage":2,"enemies":"Looter","floor":10,"turns":4},{"damage":15,"enemies":"Lagavulin","floor":13,"turns":6},{"damage":0,"enemies":"2 Fungi Beasts","floor":14,"turns":3},{"damage":33,"enemies":"Slime Boss","floor":16,"turns":6}],"seed_played":"6562901521617592284","potions_obtained":[{"floor":1,"key":"SkillPotion"},{"floor":8,"key":"SpeedPotion"},{"floor":13,"key":"SkillPotion"}],"is_trial":false,"path_per_floor":["M","?","M","$","?","R","M","M","T","M","?","R","E","M","R"],"character_chosen":"IRONCLAD","items_purchased":["Juzu Bracelet","Shrug It Off"],"campfire_rested":0,"item_purchase_floors":[4,4],"current_hp_per_floor":[61,50,46,46,30,30,33,39,39,43,36,36,27,33,33,0],"gold":243,"neow_bonus":"TWO_FIFTY_GOLD","is_prod":false,"is_daily":false,"chose_seed":false,"campfire_upgraded":3,"win_rate":0.0,"timestamp":1535889685,"path_taken":["M","?","M","$","?","R","M","M","T","M","?","R","E","M","R","BOSS"],"build_version":"2018-08-30","purchased_purges":1,"victory":false,"max_hp_per_floor":[80,80,80,80,80,80,80,80,80,80,80,80,80,80,80,80],"card_choices":[{"not_picked":["Fire Breathing","Corruption"],"picked":"Entrench","floor":1},{"not_picked":["Heavy Blade","Warcry","Flex"],"picked":"SKIP","floor":3},{"not_picked":["Clash","Shrug It Off"],"picked":"True Grit","floor":7},{"not_picked":["Infernal Blade","Pommel Strike"],"picked":"Body Slam","floor":8},{"not_picked":["Clothesline","Thunderclap"],"picked":"Body Slam","floor":10},{"not_picked":["Perfected Strike","Demon Form","Seeing Red"],"picked":"SKIP","floor":13},{"not_picked":["Cleave","Iron Wave"],"picked":"Ghostly Armor","floor":14}],"player_experience":82692,"relics_obtained":[{"floor":9,"key":"Happy Flower"},{"floor":13,"key":"Centennial Puzzle"}],"event_choices":[{"event_name":"World of Goop","player_choice":"Gather Gold","floor":2,"damage_taken":0},{"event_name":"Shining Light","player_choice":"Entered Light","floor":5,"damage_taken":0},{"event_name":"Golden Wing","player_choice":"Card Removal","floor":11,"damage_taken":0}],"is_beta":false,"boss_relics":[],"items_purged_floors":[4],"is_endless":false,"potions_floor_spawned":[1,8,13],"killed_by":"Slime Boss","ascension_level":0}