{"gold_per_floor":[109,126,126,126,145,145,320,320,320,360,325,350,350,375,375,375],"floor_reached":16,"playtime":472,"items_purged":[],"score":100,"play_id":"73681171-9959-4e48-8cae-4d94f18e3c49","local_time":"20180721204128","is_ascension_mode":false,"campfire_choices":[{"floor":6,"key":"REST"},{"floor":8,"key":"REST"},{"data":"Anger","floor":13,"key":"SMITH"},{"floor":15,"key":"REST"}],"neow_cost":"NONE","seed_source_timestamp":302433032378362,"circlet_count":0,"master_deck":["Strike_R+1","Strike_R","Strike_R","Strike_R","Strike_R","Defend_R","Defend_R","Defend_R+1","Defend_R","Bash","Seeing Red","Doubt","Anger+1","Thunderclap"],"relics":["Burning Blood","Golden Idol","Pear","Bronze Scales"],"potions_floor_usage":[16,16],"damage_taken":[{"damage":12,"enemies":"Cultist","floor":1,"turns":5},{"damage":11,"enemies":"2 Louse","floor":2,"turns":2},{"damage":9,"enemies":"Jaw Worm","floor":5,"turns":5},{"damage":76,"enemies":"Lagavulin","floor":10,"turns":10},{"damage":14,"enemies":"Blue Slaver","floor":12,"turns":3},{"damage":15,"enemies":"Looter","floor":14,"turns":4},{"damage":54,"enemies":"The Guardian","floor":16,"turns":5}],"seed_played":"-2840109551715977604","potions_obtained":[{"floor":1,"key":"Strength Potion"},{"floor":10,"key":"FearPotion"}],"is_trial":false,"path_per_floor":["M","M","?","?","M","R","?","R","T","E","?","M","R","M","R"],"character_chosen":"IRONCLAD","items_purchased":[],"campfire_rested":3,"item_purchase_floors":[],"current_hp_per_floor":[74,69,53,33,30,54,54,78,88,18,40,32,32,23,50,0],"gold":375,"neow_bonus":"THREE_CARDS","is_prod":false,"is_daily":false,"chose_seed":false,"campfire_upgraded":1,"win_rate":0.0,"timestamp":1532198488,"path_taken":["M","M","?","?","M","R","?","R","T","E","?","M","R","M","R","BOSS"],"build_version":"2018-07-19v2","purchased_purges":0,"victory":false,"max_hp_per_floor":[80,80,80,80,80,80,80,80,90,90,90,90,90,90,90,90],"card_choices":[{"not_picked":["Intimidate","Metallicize","Flex"],"picked":"SKIP","floor":1},{"not_picked":["Armaments","Second Wind"],"picked":"Seeing Red","floor":2},{"not_picked":["Flex","Armaments","Infernal Blade"],"picked":"SKIP","floor":5},{"not_picked":["Double Tap","Uppercut","Heavy Blade"],"picked":"SKIP","floor":10},{"not_picked":["Clash","Rampage"],"picked":"Anger","floor":12},{"not_picked":["Pummel","Flex"],"picked":"Thunderclap","floor":14}],"player_experience":75414,"relics_obtained":[{"floor":9,"key":"Pear"},{"floor":10,"key":"Bronze Scales"}],"event_choices":[{"event_name":"Shining Light","player_choice":"Entered Light","floor":3,"damage_taken":0},{"event_name":"Golden Idol","player_choice":"Take Damage","floor":4,"damage_taken":0},{"event_name":"Liars Game","player_choice":"agreed","floor":7,"damage_taken":0},{"event_name":"The Cleric","player_choice":"Healed","floor":11,"damage_taken":0}],"is_beta":false,"boss_relics":[],"items_purged_floors":[],"is_endless":false,"potions_floor_spawned":[1,10],"killed_by":"The Guardian","ascension_level":0}