{"gold_per_floor":[113,113,132,132,142,170,170,195,195,211,36,36,84,14,14,117,117,132,132,47,58,58,58,75,75,154,168,178,28,44,60,60,162,162,182,44,44,44,56,56,68,68,113,113,113,113,113,26,26,26],"floor_reached":51,"playtime":2365,"items_purged":[],"score":1065,"play_id":"54e47a92-2e36-4dd0-8d18-cb4c497b27b6","local_time":"20181001001903","is_ascension_mode":true,"campfire_choices":[{"data":"Zap","floor":7,"key":"SMITH"},{"floor":12,"key":"REST"},{"floor":15,"key":"REST"},{"data":"Defragment","floor":23,"key":"SMITH"},{"floor":32,"key":"REST"},{"floor":40,"key":"REST"},{"data":"Echo Form","floor":42,"key":"SMITH"},{"data":"Echo Form","floor":46,"key":"SMITH"},{"floor":49,"key":"REST"}],"neow_cost":"NONE","seed_source_timestamp":36558044772641,"circlet_count":0,"master_deck":["Strike_B","Strike_B","Strike_B+1","Defend_B","Defend_B","Defend_B","Zap+1","Dualcast","AscendersBane","Go for the Eyes+1","Conserve Battery","Go for the Eyes","Echo Form+1","FTL","Defragment+1","BootSequence","Sunder","Electrodynamics","Undo","Conserve Battery+1","Glacier","J.A.X.","Coolheaded","Reinforced Body","Cold Snap","Conserve Battery","Coolheaded","Ball Lightning+1","Cold Snap","Echo Form+1","Undo+1","Defragment","Conserve Battery","Cold Snap","Defragment+1","Defragment+1","Chill+1","Hologram+1","Madness","Madness","BootSequence"],"special_seed":0,"relics":["Cracked Core","Ginger","Odd Mushroom","Gremlin Horn","Whetstone","Inserter","Potion Belt","Singing Bowl","Runic Pyramid","Ice Cream","Vajra"],"potions_floor_usage":[6,11,24,28,33,33,50,50],"damage_taken":[{"damage":3.0,"enemies":"2 Louse","floor":1.0,"turns":3.0},{"damage":2.0,"enemies":"Jaw Worm","floor":3.0,"turns":3.0},{"damage":0.0,"enemies":"Cultist","floor":5.0,"turns":3.0},{"damage":30,"enemies":"3 Sentries","floor":6,"turns":9},{"damage":20,"enemies":"The Mushroom Lair","floor":8,"turns":5},{"damage":11,"enemies":"Looter","floor":10,"turns":3},{"damage":17,"enemies":"The Guardian","floor":16,"turns":9},{"damage":7,"enemies":"Chosen","floor":18,"turns":5},{"damage":12,"enemies":"2 Thieves","floor":21,"turns":4},{"damage":7,"enemies":"Centurion and Healer","floor":24,"turns":5},{"damage":27,"enemies":"Shelled Parasite and Fungi","floor":27,"turns":6},{"damage":0,"enemies":"Snecko","floor":28,"turns":5},{"damage":6,"enemies":"Snake Plant","floor":30,"turns":6},{"damage":4,"enemies":"Chosen and Byrds","floor":31,"turns":10},{"damage":28,"enemies":"Automaton","floor":33,"turns":14},{"damage":25,"enemies":"3 Shapes","floor":35,"turns":5},{"damage":1,"enemies":"Mind Bloom Boss Battle","floor":38,"turns":9},{"damage":22,"enemies":"3 Darklings","floor":39,"turns":7},{"damage":0,"enemies":"Spire Growth","floor":41,"turns":6},{"damage":22,"enemies":"Time Eater","floor":50,"turns":12}],"seed_played":"8235932104863440708","potions_obtained":[{"floor":3.0,"key":"SteroidPotion"},{"floor":10,"key":"Explosive Potion"},{"floor":16,"key":"GamblersBrew"},{"floor":21,"key":"SkillPotion"},{"floor":24,"key":"Fruit Juice"},{"floor":31,"key":"SpeedPotion"},{"floor":39,"key":"SpeedPotion"},{"floor":41,"key":"Poison Potion"}],"is_trial":false,"path_per_floor":["M","?","M","?","M","E","R","?","T","M","$","R","T","$","R","B",null,"M","?","?","M","$","R","M","?","T","M","M","$","M","M","R","B",null,"M","$","?","?","M","R","M","R","T","?","?","R","?","$","R","B"],"character_chosen":"DEFECT","items_purchased":["BootSequence","Fruit Juice","Sunder","Cold Snap","Conserve Battery","Coolheaded","Defragment","Conserve Battery","Cold Snap","BootSequence","SpeedPotion"],"campfire_rested":5,"item_purchase_floors":[11,11,14,29,29,29,36,36,36,48,48],"current_hp_per_floor":[65,70,68,68,68,38,38,18,18,7,12,37,37,37,62,45,75,68,52,52,40,40,40,38,38,38,11,11,11,5,1,29,1,72,47,47,47,46,24,52,52,52,52,52,54,54,42,42,71,49],"gold":26,"neow_bonus":"REMOVE_CARD","is_prod":false,"is_daily":false,"chose_seed":false,"campfire_upgraded":4,"win_rate":0,"timestamp":1538324343,"path_taken":["M","?","M","?","?","E","R","?","T","M","?","R","?","?","R","BOSS","M","?","?","M","$","R","?","?","T","M","M","$","M","M","R","BOSS","M","$","?","?","M","R","M","R","T","?","?","R","?","?","R","BOSS"],"build_version":"2018-09-27","purchased_purges":0,"victory":true,"max_hp_per_floor":[75,80,80,80,80,80,80,80,80,80,85,85,85,85,85,85,85,85,90,90,90,90,90,95,95,95,95,95,95,95,95,95,95,95,95,95,95,95,95,95,95,95,95,95,97,97,97,97,97,97],"card_choices":[{"not_picked":["Streamline","Gash"],"picked":"Go for the Eyes","floor":1.0},{"not_picked":["Steam","Turbo"],"picked":"Conserve Battery","floor":3.0},{"not_picked":["Doom and Gloom","Static Discharge"],"picked":"Go for the Eyes","floor":5.0},{"not_picked":["Compile Driver","Genetic Algorithm"],"picked":"Echo Form","floor":6},{"not_picked":["Leap","Hologram"],"picked":"FTL","floor":8},{"not_picked":["Rebound","Stack"],"picked":"Defragment","floor":10},{"not_picked":["Creative AI","Machine Learning"],"picked":"Electrodynamics","floor":16},{"not_picked":["Go for the Eyes","Hologram"],"picked":"Undo","floor":18},{"not_picked":["Self Repair","Darkness"],"picked":"Conserve Battery+1","floor":21},{"not_picked":["Rebound","Streamline"],"picked":"Glacier","floor":24},{"not_picked":["Sweeping Beam","Melter+1"],"picked":"Coolheaded","floor":27},{"not_picked":["Beam Cell","Gash"],"picked":"Reinforced Body","floor":28},{"not_picked":["Rip and Tear+1","Recycle"],"picked":"Ball Lightning+1","floor":30},{"not_picked":["Beam Cell+1","Double Energy"],"picked":"Cold Snap","floor":31},{"not_picked":["Electrodynamics","Hyperbeam"],"picked":"Echo Form","floor":33},{"not_picked":["BootSequence","Steam+1"],"picked":"Undo+1","floor":35},{"not_picked":["Redo+1","Melter"],"picked":"Defragment+1","floor":38},{"not_picked":["Gash","Cold Snap+1"],"picked":"Chill+1","floor":39},{"not_picked":["Compile Driver","Beam Cell"],"picked":"Hologram+1","floor":41},{"not_picked":["Jack Of All Trades","PanicButton","The Bomb"],"picked":"Singing Bowl","floor":45}],"player_experience":398570,"relics_obtained":[{"floor":6,"key":"Ginger"},{"floor":8,"key":"Odd Mushroom"},{"floor":9,"key":"Gremlin Horn"},{"floor":13,"key":"Whetstone"},{"floor":26,"key":"Singing Bowl"},{"floor":38,"key":"Ice Cream"},{"floor":43,"key":"Vajra"}],"event_choices":[{"event_name":"Big Fish","player_choice":"Donut","floor":2.0,"damage_taken":0.0},{"event_name":"Liars Game","player_choice":"disagreed","floor":4.0,"damage_taken":0.0},{"event_name":"Mushrooms","player_choice":"Fought Mushrooms","floor":8,"damage_taken":0},{"event_name":"Forgotten Altar","player_choice":"Shed Blood","floor":19,"damage_taken":0},{"event_name":"Addict","player_choice":"Obtained Relic","floor":20,"damage_taken":0},{"event_name":"Drug Dealer","player_choice":"Got JAX","floor":25,"damage_taken":0},{"event_name":"Duplicator","player_choice":"One dupe","floor":37,"damage_taken":0},{"event_name":"MindBloom","player_choice":"Fight","floor":38,"damage_taken":0},{"event_name":"Falling","player_choice":"Removed Skill","floor":44,"damage_taken":0},{"event_name":"SensoryStone","player_choice":"Memory 1","floor":45,"damage_taken":0},{"event_name":"Winding Halls","player_choice":"Embrace Madness","floor":47,"damage_taken":0}],"is_beta":false,"boss_relics":[{"not_picked":["Busted Crown","Nuclear Battery"],"picked":"Inserter"},{"not_picked":["Cursed Key","Pandora\u0027s Box"],"picked":"Runic Pyramid"}],"items_purged_floors":[],"is_endless":false,"potions_floor_spawned":[3,10,16,21,24,31,39,41],"ascension_level":10}