{"gold_per_floor":[110,185,195,195,209,229,229,264,264,280,307,307,326,357,357,458,458,398,323,343,343,359,359,359,359,659,659,659],"floor_reached":28,"playtime":2513,"items_purged":["Strike_R"],"score":307,"play_id":"935f8c9c-5067-4cf4-9103-2c84dd0d0319","local_time":"20181217150529","is_ascension_mode":true,"campfire_choices":[{"data":"Armaments","floor":7,"key":"SMITH"},{"data":"Demon Form","floor":12,"key":"SMITH"},{"floor":15,"key":"REST"},{"data":"Limit Break","floor":23,"key":"SMITH"},{"data":"Sword Boomerang","floor":25,"key":"SMITH"}],"neow_cost":"NONE","seed_source_timestamp":73803249932841,"circlet_count":0,"master_deck":["Strike_R","Strike_R","Strike_R","Strike_R","Defend_R","Defend_R","Defend_R","Defend_R","Bash+1","Headbutt","Shrug It Off","Armaments+1","Demon Form+1","Seeing Red","Shrug It Off","Limit Break+1","Flex","Battle Trance","Sword Boomerang+1","Havoc+1"],"relics":["Burning Blood","Regal Pillow","Self Forming Clay","Dead Branch","Juzu Bracelet","Mark of Pain","Old Coin"],"potions_floor_usage":[8,11,14,28],"damage_taken":[{"damage":1,"enemies":"Cultist","floor":1,"turns":4},{"damage":1,"enemies":"2 Louse","floor":3,"turns":4},{"damage":24,"enemies":"Small Slimes","floor":5,"turns":4},{"damage":11,"enemies":"2 Fungi Beasts","floor":6,"turns":4},{"damage":12,"enemies":"Lagavulin","floor":8,"turns":7},{"damage":8,"enemies":"Blue Slaver","floor":10,"turns":4},{"damage":17,"enemies":"Gremlin Nob","floor":11,"turns":4},{"damage":12,"enemies":"Exordium Wildlife","floor":13,"turns":5},{"damage":9,"enemies":"Lagavulin","floor":14,"turns":6},{"damage":11,"enemies":"Slime Boss","floor":16,"turns":7},{"damage":12,"enemies":"2 Thieves","floor":18,"turns":4},{"damage":35,"enemies":"Spheric Guardian","floor":20,"turns":6},{"damage":16,"enemies":"Snake Plant","floor":22,"turns":5},{"damage":38,"enemies":"Gremlin Leader","floor":28,"turns":4}],"seed_played":"3475222144720624026","potions_obtained":[{"floor":3,"key":"BloodPotion"},{"floor":6,"key":"EssenceOfSteel"},{"floor":10,"key":"Block Potion"},{"floor":11,"key":"EssenceOfSteel"}],"is_trial":false,"path_per_floor":["M","?","M","?","M","M","R","E","T","M","E","R","M","E","R","B",null,"M","$","M","?","M","R","?","R","T","?","E"],"character_chosen":"IRONCLAD","items_purchased":[],"campfire_rested":1,"item_purchase_floors":[],"current_hp_per_floor":[85,74,79,79,61,56,56,50,50,48,37,37,31,28,69,64,82,76,76,47,47,37,37,37,37,37,20,0],"gold":659,"neow_bonus":"TEN_PERCENT_HP_BONUS","is_prod":false,"is_daily":false,"chose_seed":false,"campfire_upgraded":4,"win_rate":0,"timestamp":1545055529,"path_taken":["M","?","M","?","?","M","R","E","T","M","E","R","M","E","R","BOSS","M","$","M","?","M","R","?","R","T","?","E"],"build_version":"2018-12-13","purchased_purges":1,"victory":false,"max_hp_per_floor":[88,88,88,88,88,88,88,88,88,88,88,88,88,88,88,88,88,88,88,88,88,88,88,88,88,88,93,93],"card_choices":[{"not_picked":["Perfected Strike","Burning Pact"],"picked":"Headbutt","floor":1},{"not_picked":["Feel No Pain","Clash"],"picked":"Shrug It Off","floor":3},{"not_picked":["Sword Boomerang","Uppercut"],"picked":"Armaments","floor":5},{"not_picked":["Anger","Warcry"],"picked":"Demon Form","floor":6},{"not_picked":["Corruption","Feel No Pain","Clash"],"picked":"SKIP","floor":8},{"not_picked":["Cleave","Spot Weakness","Perfected Strike"],"picked":"SKIP","floor":10},{"not_picked":["Body Slam","Evolve","Dropkick"],"picked":"SKIP","floor":11},{"not_picked":["Clothesline","Warcry"],"picked":"Seeing Red","floor":13},{"not_picked":["Clash","Combust"],"picked":"Shrug It Off","floor":14},{"not_picked":["Brutality","Feed"],"picked":"Limit Break","floor":16},{"not_picked":["Perfected Strike","True Grit"],"picked":"Flex","floor":18},{"not_picked":["Flex","Rampage+1"],"picked":"Battle Trance","floor":20},{"not_picked":["Wild Strike","Twin Strike"],"picked":"Havoc+1","floor":22}],"player_experience":374448,"relics_obtained":[{"floor":8,"key":"Regal Pillow"},{"floor":9,"key":"Self Forming Clay"},{"floor":11,"key":"Dead Branch"},{"floor":14,"key":"Juzu Bracelet"},{"floor":26,"key":"Old Coin"}],"event_choices":[{"damage_healed":0,"gold_gain":75,"player_choice":"Gather Gold","damage_taken":11,"max_hp_gain":0,"max_hp_loss":0,"event_name":"World of Goop","floor":2,"gold_loss":0},{"damage_healed":0,"gold_gain":0,"player_choice":"Forge","damage_taken":0,"max_hp_gain":0,"max_hp_loss":0,"event_name":"Accursed Blacksmith","floor":4,"gold_loss":0,"cards_upgraded":["Bash"]},{"damage_healed":0,"gold_gain":0,"player_choice":"Read","damage_taken":0,"max_hp_gain":0,"max_hp_loss":0,"event_name":"The Library","floor":21,"gold_loss":0,"cards_obtained":["Sword Boomerang"]},{"damage_healed":0,"gold_gain":0,"player_choice":"Ignored","damage_taken":0,"max_hp_gain":0,"max_hp_loss":0,"event_name":"Vampires","floor":24,"gold_loss":0},{"damage_healed":0,"gold_gain":0,"player_choice":"Shed Blood","damage_taken":22,"max_hp_gain":5,"max_hp_loss":0,"event_name":"Forgotten Altar","floor":27,"gold_loss":0}],"is_beta":false,"boss_relics":[{"not_picked":["Astrolabe","Coffee Dripper"],"picked":"Mark of Pain"}],"items_purged_floors":[19],"is_endless":false,"potions_floor_spawned":[3,6,10,11],"killed_by":"Gremlin Leader","ascension_level":6}