{"gold_per_floor":[111,111,121,121,140,140,159,190,190,190],"floor_reached":10,"playtime":621,"items_purged":[],"score":85,"play_id":"747af1d8-d5d9-4dc7-b3f7-c715d407f947","local_time":"20190409190232","is_ascension_mode":true,"campfire_choices":[{"data":"True Grit","floor":6,"key":"SMITH"}],"neow_cost":"NONE","seed_source_timestamp":0,"circlet_count":0,"master_deck":["Strike_R","Strike_R","Strike_R","Strike_R","Strike_R","Defend_R","Defend_R","Defend_R","Defend_R","Bash","Seeing Red","True Grit+1","Impervious","Clothesline"],"special_seed":0,"relics":["Burning Blood","Letter Opener","Dream Catcher","Toxic Egg 2"],"potions_floor_usage":[8,10,10],"damage_taken":[{"damage":1.0,"enemies":"Cultist","floor":1.0,"turns":3.0},{"damage":0.0,"enemies":"2 Louse","floor":3.0,"turns":2.0},{"damage":0,"enemies":"Small Slimes","floor":5,"turns":3},{"damage":7,"enemies":"3 Louse","floor":7,"turns":4},{"damage":59,"enemies":"Gremlin Nob","floor":8,"turns":7},{"damage":32,"enemies":"3 Sentries","floor":10,"turns":8}],"seed_played":"-1384482291319462367","potions_obtained":[{"floor":0.0,"key":"SpeedPotion"},{"floor":0.0,"key":"Explosive Potion"},{"floor":0.0,"key":"EssenceOfSteel"}],"is_trial":false,"path_per_floor":["M","T","M","?","M","R","M","E","T","E"],"character_chosen":"IRONCLAD","items_purchased":[],"campfire_rested":0,"item_purchase_floors":[],"current_hp_per_floor":[80,80,80,80,80,80,79,26,26,0],"gold":190,"neow_bonus":"THREE_SMALL_POTIONS","is_prod":false,"is_daily":false,"chose_seed":false,"campfire_upgraded":1,"win_rate":0,"timestamp":1554829352,"path_taken":["M","?","M","?","M","R","M","E","T","E"],"build_version":"2019-01-23","purchased_purges":0,"victory":false,"max_hp_per_floor":[80,80,80,80,80,80,80,80,80,80],"card_choices":[{"not_picked":["Flame Barrier","Pommel Strike"],"picked":"Seeing Red","floor":1.0},{"not_picked":["Bloodletting","Disarm"],"picked":"True Grit","floor":3},{"not_picked":["Armaments","Twin Strike","Heavy Blade"],"picked":"SKIP","floor":5},{"not_picked":["Armaments","Metallicize"],"picked":"Impervious","floor":7},{"not_picked":["Sword Boomerang","Clothesline","Thunderclap"],"picked":"SKIP","floor":8},{"not_picked":["Sword Boomerang","Thunderclap"],"picked":"Clothesline","floor":8}],"player_experience":161557,"relics_obtained":[{"floor":2.0,"key":"Letter Opener"},{"floor":8,"key":"Dream Catcher"},{"floor":9,"key":"Toxic Egg 2"}],"event_choices":[{"damage_healed":0,"gold_gain":0,"player_choice":"Ignored","damage_taken":0,"max_hp_gain":0,"max_hp_loss":0,"event_name":"Liars Game","floor":4,"gold_loss":0}],"is_beta":false,"boss_relics":[],"items_purged_floors":[],"is_endless":false,"potions_floor_spawned":[5,7],"killed_by":"3 Sentries","ascension_level":5}