{"gold_per_floor":[115,115,140,16,16,67,100,112,181,227,239,251,263,275,287,430,442,473,485,516,542,570,615,627,660,672,684,443,443,443,24,24,24],"floor_reached":33,"playtime":2536,"items_purged":["Strike_R","Strike_R","Strike_R"],"score":346,"play_id":"5035752a-1a29-4316-a460-3c54ef722a09","local_time":"20180903144237","is_ascension_mode":false,"campfire_choices":[{"data":"True Grit","floor":8.0,"key":"SMITH"},{"data":"Bash","floor":11.0,"key":"SMITH"},{"data":"Demon Form","floor":15.0,"key":"SMITH"},{"data":"RitualDagger","floor":24,"key":"SMITH"},{"data":"Strike_R","floor":27,"key":"PURGE"},{"data":"Limit Break","floor":32,"key":"SMITH"}],"neow_cost":"NONE","seed_source_timestamp":151349822465499,"circlet_count":0,"master_deck":["Strike_R","Defend_R","Defend_R","Defend_R","Defend_R","Bash+1","Demon Form+1","Carnage+1","Headbutt","Shrug It Off","True Grit+1","Heavy Blade+1","Limit Break+1","RitualDagger+1","Inflame+1","Feed","Seeing Red+1","Ghostly","Ghostly","Ghostly","Ghostly","Ghostly"],"special_seed":0,"relics":["Burning Blood","Golden Idol","MawBank","Ginger","Tiny Chest","Matryoshka","Lantern","Champion Belt","Busted Crown","Gremlin Horn","Oddly Smooth Stone","Peace Pipe","Strawberry","MutagenicStrength","Thread and Needle"],"potions_floor_usage":[16,21,23,25],"damage_taken":[{"damage":6.0,"enemies":"2 Louse","floor":1.0,"turns":3.0},{"damage":11.0,"enemies":"Jaw Worm","floor":3.0,"turns":2.0},{"damage":22.0,"enemies":"Gremlin Nob","floor":6.0,"turns":4.0},{"damage":0.0,"enemies":"Small Slimes","floor":7.0,"turns":3.0},{"damage":8.0,"enemies":"Lagavulin","floor":10.0,"turns":7.0},{"damage":0,"enemies":"Slime Boss","floor":16,"turns":3},{"damage":1,"enemies":"Chosen","floor":18,"turns":3},{"damage":21,"enemies":"2 Thieves","floor":20,"turns":4},{"damage":22,"enemies":"Snake Plant","floor":21,"turns":5},{"damage":9,"enemies":"3 Cultists","floor":22,"turns":5},{"damage":13,"enemies":"Gremlin Leader","floor":23,"turns":7},{"damage":11,"enemies":"Snecko","floor":25,"turns":3},{"damage":47,"enemies":"Automaton","floor":33,"turns":6}],"seed_played":"1560378584119617694","potions_obtained":[{"floor":1.0,"key":"SteroidPotion"},{"floor":3.0,"key":"Poison Potion"},{"floor":10.0,"key":"SneckoOil"},{"floor":23,"key":"SkillPotion"}],"is_trial":false,"path_per_floor":["M","?","M","$","?","E","M","R","T","E","R","?","T","$","R","B",null,"M","?","M","M","M","E","R","M","T","R","$","?","?","$","R"],"character_chosen":"IRONCLAD","items_purchased":["Shrug It Off","Strawberry","Thread and Needle"],"campfire_rested":0,"item_purchase_floors":[4,28,31],"current_hp_per_floor":[80,74,69,69,62,46,52,52,52,50,50,35,35,35,35,41,74,74,68,53,37,34,27,27,25,25,25,32,32,32,32,32,0],"gold":24,"neow_bonus":"ONE_RANDOM_RARE_CARD","is_prod":false,"is_daily":false,"chose_seed":false,"campfire_upgraded":5,"win_rate":0.0,"timestamp":1535978557,"path_taken":["M","?","M","$","?","E","M","R","T","E","R","?","?","?","R","BOSS","M","?","M","?","M","E","R","M","T","R","$","?","?","$","R","BOSS"],"build_version":"2018-08-30","purchased_purges":3,"victory":false,"max_hp_per_floor":[80,74,74,74,74,74,74,74,74,74,74,74,74,74,74,74,74,74,74,74,74,74,74,74,77,77,77,84,84,42,42,42,42],"card_choices":[{"not_picked":["Seeing Red","Iron Wave"],"picked":"Carnage","floor":1.0},{"not_picked":["Thunderclap","Hemokinesis"],"picked":"Headbutt","floor":3.0},{"not_picked":["Armaments","Juggernaut"],"picked":"True Grit","floor":6.0},{"not_picked":["Flame Barrier","Havoc","Body Slam"],"picked":"SKIP","floor":7.0},{"not_picked":["Headbutt","Feel No Pain"],"picked":"Heavy Blade","floor":10.0},{"not_picked":["Barricade","Reaper"],"picked":"Limit Break","floor":16},{"not_picked":["Clash"],"picked":"SKIP","floor":18},{"not_picked":[],"picked":"Inflame+1","floor":20},{"not_picked":["Iron Wave"],"picked":"SKIP","floor":21},{"not_picked":["Heavy Blade"],"picked":"SKIP","floor":22},{"not_picked":[],"picked":"Feed","floor":23},{"not_picked":[],"picked":"Seeing Red+1","floor":25}],"player_experience":89322,"relics_obtained":[{"floor":6.0,"key":"Ginger"},{"floor":9.0,"key":"Tiny Chest"},{"floor":10.0,"key":"Matryoshka"},{"floor":13.0,"key":"Lantern"},{"floor":13.0,"key":"Champion Belt"},{"floor":23,"key":"Gremlin Horn"},{"floor":26,"key":"Oddly Smooth Stone"},{"floor":26,"key":"Peace Pipe"}],"event_choices":[{"event_name":"Golden Idol","player_choice":"Lose Max HP","floor":2.0,"damage_taken":0.0},{"event_name":"Scrap Ooze","player_choice":"success","floor":5.0,"damage_taken":7.0},{"event_name":"Shining Light","player_choice":"Entered Light","floor":12.0,"damage_taken":0.0},{"event_name":"Nest","player_choice":"Joined the Cult","floor":19,"damage_taken":0},{"event_name":"Drug Dealer","player_choice":"Inject Mutagens","floor":29,"damage_taken":0},{"event_name":"Ghosts","player_choice":"Became a Ghost","floor":30,"damage_taken":0}],"is_beta":false,"boss_relics":[{"not_picked":["Runic Dome","Ectoplasm"],"picked":"Busted Crown"}],"items_purged_floors":[4,28,31],"is_endless":false,"potions_floor_spawned":[1,3,10,23],"killed_by":"Automaton","ascension_level":0}