{"gold_per_floor":[111,111,129,129,79,113,113,139,139,159,171,171,184,198,198,300,300,311,76,90,90,102,102,102,116,139,76,107,119,131,162,174,290,302,334,361,373,402,430,442,454,466,503,515,541,565,29,47,47,47,47,47,47,73,73],"floor_reached":56,"playtime":4439,"items_purged":["Defend_R","Parasite"],"score":1138,"play_id":"fd717746-b1a1-49f9-b3a3-685496b08765","local_time":"20190422111323","is_ascension_mode":false,"campfire_choices":[{"data":"Demon Form","floor":12.0,"key":"SMITH"},{"data":"Cleave","floor":15.0,"key":"SMITH"},{"data":"Pommel Strike","floor":23.0,"key":"SMITH"},{"data":"Limit Break","floor":30.0,"key":"SMITH"},{"data":"Heavy Blade","floor":32.0,"key":"SMITH"},{"data":"Limit Break","floor":40,"key":"SMITH"},{"data":"Demon Form","floor":42,"key":"SMITH"},{"floor":49,"key":"RECALL"},{"data":"Flex","floor":52,"key":"SMITH"}],"neow_cost":"NONE","seed_source_timestamp":0,"circlet_count":0,"master_deck":["Strike_R","Defend_R","Defend_R","Defend_R+1","Bash+1","Purity","Sword Boomerang","Pommel Strike+1","Cleave+1","Flex+1","Flame Barrier","Demon Form+1","Heavy Blade+1","Demon Form+1","Limit Break+1","Shrug It Off+1","Impervious","Ghostly","Ghostly","Ghostly","Ghostly","Ghostly","Limit Break+1","Pummel+1","Parasite"],"special_seed":0,"relics":["Burning Blood","Magic Flower","Mango","Pear","FossilizedHelix","Cursed Key","MawBank","Eternal Feather","ClockworkSouvenir","Dodecahedron","Bag of Preparation"],"potions_floor_usage":[50,50,50,50,50,50,55],"damage_taken":[{"damage":6.0,"enemies":"2 Louse","floor":1.0,"turns":2.0},{"damage":0.0,"enemies":"Small Slimes","floor":3.0,"turns":3.0},{"damage":25.0,"enemies":"Lagavulin","floor":6.0,"turns":6.0},{"damage":28.0,"enemies":"Gremlin Nob","floor":8.0,"turns":5.0},{"damage":0.0,"enemies":"Jaw Worm","floor":10.0,"turns":2.0},{"damage":34.0,"enemies":"Gremlin Gang","floor":11.0,"turns":5.0},{"damage":0.0,"enemies":"3 Louse","floor":13.0,"turns":2.0},{"damage":0.0,"enemies":"Large Slime","floor":14.0,"turns":5.0},{"damage":22.0,"enemies":"Slime Boss","floor":16.0,"turns":7.0},{"damage":21.0,"enemies":"Chosen","floor":18.0,"turns":5.0},{"damage":11.0,"enemies":"Spheric Guardian","floor":20.0,"turns":4.0},{"damage":30.0,"enemies":"3 Cultists","floor":22.0,"turns":4.0},{"damage":27.0,"enemies":"Snake Plant","floor":25.0,"turns":3.0},{"damage":16.0,"enemies":"Centurion and Healer","floor":28.0,"turns":5.0},{"damage":0.0,"enemies":"Snecko","floor":31.0,"turns":4.0},{"damage":12.0,"enemies":"Automaton","floor":33.0,"turns":7.0},{"damage":1,"enemies":"3 Darklings","floor":35,"turns":5},{"damage":4,"enemies":"3 Shapes","floor":36,"turns":4},{"damage":11,"enemies":"Writhing Mass","floor":38,"turns":8},{"damage":2,"enemies":"Maw","floor":39,"turns":5},{"damage":3,"enemies":"Spire Growth","floor":45,"turns":6},{"damage":6,"enemies":"4 Shapes","floor":46,"turns":6},{"damage":0,"enemies":"Writhing Mass","floor":48,"turns":5},{"damage":4,"enemies":"Awakened One","floor":50,"turns":7},{"damage":8,"enemies":"Shield and Spear","floor":54,"turns":7},{"damage":17,"enemies":"The Heart","floor":55,"turns":8}],"seed_played":"6284155956266409443","potions_obtained":[{"floor":1.0,"key":"Poison Potion"},{"floor":13.0,"key":"SpeedPotion"},{"floor":14.0,"key":"Explosive Potion"},{"floor":16.0,"key":"AttackPotion"},{"floor":20.0,"key":"EntropicBrew"},{"floor":22.0,"key":"SteroidPotion"},{"floor":33.0,"key":"LiquidBronze"},{"floor":45,"key":"Regen Potion"},{"floor":46,"key":"EntropicBrew"},{"floor":54,"key":"Swift Potion"}],"is_trial":false,"path_per_floor":["M","?","M","?","?","E","?","E","T","M","M","R","M","M","R","B",null,"M","$","M","?","M","R","?","M","T","?","M","?","R","M","R","B",null,"M","M","$","M","M","R","?","R","T","$","M","M","$","M","R","B",null,"R","$","E","B",null],"character_chosen":"IRONCLAD","items_purchased":["Limit Break","ClockworkSouvenir","Dodecahedron"],"campfire_rested":0,"item_purchase_floors":[19,47,47],"current_hp_per_floor":[80,64,70,63,63,61,54,45,45,54,29,29,38,47,47,34,104,92,92,90,90,69,69,69,51,51,51,44,44,44,52,52,49,52,52,52,52,50,52,52,52,52,52,52,52,52,49,49,49,49,49,49,49,49,41],"gold":73,"neow_bonus":"RANDOM_COLORLESS","is_prod":false,"is_daily":false,"chose_seed":false,"campfire_upgraded":8,"win_rate":0,"timestamp":1555924403,"path_taken":["M","?","M","?","?","E","?","E","T","?","?","R","M","M","R","BOSS","M","$","M","?","M","R","?","M","T","?","M","?","R","M","R","BOSS","M","M","$","M","M","R","?","R","T","$","M","?","$","?","R","BOSS","R","$","E","BOSS"],"build_version":"2019-01-23","purchased_purges":2,"victory":true,"max_hp_per_floor":[80,80,80,80,80,94,94,104,104,104,104,104,104,104,104,104,104,104,104,104,104,104,104,104,104,104,104,104,52,52,52,52,52,52,52,52,52,52,52,52,52,52,52,52,52,52,49,49,49,49,49,49,49,49,49],"card_choices":[{"not_picked":["Iron Wave","Clothesline"],"picked":"Sword Boomerang","floor":1.0},{"not_picked":["Body Slam","Feel No Pain"],"picked":"Pommel Strike","floor":3.0},{"not_picked":["Metallicize","Burning Pact"],"picked":"Cleave","floor":6.0},{"not_picked":["Evolve","Second Wind"],"picked":"Flex","floor":8.0},{"not_picked":["Twin Strike","Rage"],"picked":"Flame Barrier","floor":10.0},{"not_picked":["Wild Strike","Fire Breathing"],"picked":"Demon Form","floor":11.0},{"not_picked":["Body Slam","Thunderclap"],"picked":"Heavy Blade","floor":13.0},{"not_picked":["Anger","Cleave","Pommel Strike"],"picked":"SKIP","floor":14.0},{"not_picked":["Immolate","Brutality"],"picked":"Demon Form","floor":16.0},{"not_picked":["Disarm","True Grit","Armaments"],"picked":"SKIP","floor":18.0},{"not_picked":["Sword Boomerang","Clash"],"picked":"Shrug It Off+1","floor":20.0},{"not_picked":["Heavy Blade","Clash","Headbutt"],"picked":"SKIP","floor":22.0},{"not_picked":["Iron Wave+1","Battle Trance+1"],"picked":"Impervious","floor":25.0},{"not_picked":["Evolve","Power Through","Bloodletting"],"picked":"SKIP","floor":28.0},{"not_picked":["Evolve+1","Flame Barrier+1","Clash"],"picked":"SKIP","floor":31.0},{"not_picked":["Brutality","Dark Embrace"],"picked":"Limit Break","floor":33.0},{"not_picked":["Burning Pact","Rage+1","Flex+1"],"picked":"SKIP","floor":35},{"not_picked":["Headbutt","Thunderclap+1","Perfected Strike+1"],"picked":"SKIP","floor":36},{"not_picked":["Clothesline+1","Clash"],"picked":"Pummel+1","floor":38},{"not_picked":["Headbutt+1","Wild Strike+1","Intimidate+1"],"picked":"SKIP","floor":39},{"not_picked":["Spot Weakness+1","Twin Strike","Pommel Strike"],"picked":"SKIP","floor":45},{"not_picked":["Heavy Blade+1","True Grit+1","Shrug It Off"],"picked":"SKIP","floor":46},{"not_picked":["Reaper","Havoc+1","Body Slam+1"],"picked":"SKIP","floor":48},{"not_picked":["Twin Strike+1","Havoc+1","Disarm"],"picked":"SKIP","floor":54}],"player_experience":184314,"relics_obtained":[{"floor":6.0,"key":"Mango"},{"floor":8.0,"key":"Pear"},{"floor":9.0,"key":"FossilizedHelix"},{"floor":26.0,"key":"MawBank"},{"floor":54,"key":"Bag of Preparation"}],"event_choices":[{"damage_healed":0.0,"max_hp_gain":0.0,"max_hp_loss":0.0,"gold_gain":0.0,"event_name":"Shining Light","player_choice":"Entered Light","floor":2.0,"gold_loss":0.0,"damage_taken":16.0,"cards_upgraded":["Bash","Defend_R"]},{"damage_healed":0.0,"max_hp_gain":0.0,"max_hp_loss":0.0,"gold_gain":0.0,"event_name":"Scrap Ooze","player_choice":"Success","floor":4.0,"gold_loss":0.0,"damage_taken":7.0,"relics_obtained":["Magic Flower"]},{"cards_removed":["Strike_R"],"damage_healed":0.0,"max_hp_gain":0.0,"max_hp_loss":0.0,"gold_gain":0.0,"event_name":"The Cleric","player_choice":"Card Removal","floor":5.0,"gold_loss":50.0,"damage_taken":0.0},{"cards_removed":["Strike_R"],"damage_healed":0.0,"max_hp_gain":0.0,"max_hp_loss":0.0,"gold_gain":0.0,"event_name":"Golden Wing","player_choice":"Card Removal","floor":7.0,"gold_loss":0.0,"damage_taken":7.0},{"damage_healed":0.0,"max_hp_gain":0.0,"max_hp_loss":0.0,"gold_gain":0.0,"event_name":"The Mausoleum","player_choice":"Ignored","floor":21.0,"gold_loss":0.0,"damage_taken":0.0},{"cards_removed":["Strike_R"],"damage_healed":0.0,"max_hp_gain":0.0,"max_hp_loss":0.0,"gold_gain":0.0,"event_name":"Back to Basics","player_choice":"Elegance","floor":24.0,"gold_loss":0.0,"damage_taken":0.0},{"cards_removed":["Strike_R"],"damage_healed":0.0,"max_hp_gain":0.0,"max_hp_loss":0.0,"gold_gain":0.0,"event_name":"Beggar","player_choice":"Gave Gold","floor":27.0,"gold_loss":75.0,"damage_taken":0.0},{"damage_healed":0.0,"max_hp_gain":0.0,"max_hp_loss":52.0,"gold_gain":0.0,"event_name":"Ghosts","player_choice":"Became a Ghost","floor":29.0,"gold_loss":0.0,"damage_taken":0.0,"cards_obtained":["Ghostly","Ghostly","Ghostly","Ghostly","Ghostly"]},{"cards_removed":["Doubt"],"damage_healed":0,"gold_gain":0,"player_choice":"Card Removal","damage_taken":0,"max_hp_gain":0,"max_hp_loss":0,"event_name":"Wheel of Change","floor":41,"gold_loss":0}],"is_beta":false,"boss_relics":[{"not_picked":["Calling Bell","Runic Pyramid"],"picked":"Cursed Key"},{"not_picked":["Tiny House","Runic Cube"],"picked":"Eternal Feather"}],"items_purged_floors":[19,47],"is_endless":false,"potions_floor_spawned":[1,13,14,16,20,22,28,33,38,45,46,54],"ascension_level":0}