{"gold_per_floor":[142,0,0,15,15,49,49,13,13,43,43,73,73,73,73,73],"floor_reached":16,"playtime":864,"items_purged":[],"score":143,"play_id":"fc9c1bec-9ab1-4375-a25d-9728f25793be","local_time":"20181216145502","is_ascension_mode":true,"campfire_choices":[{"data":"Bash","floor":7,"key":"SMITH"},{"floor":11,"key":"REST"},{"floor":15,"key":"DIG"}],"neow_cost":"NONE","seed_source_timestamp":7172317815626,"circlet_count":0,"master_deck":["Strike_R","Strike_R","Strike_R","Strike_R","Strike_R","Defend_R","Defend_R","Defend_R","Defend_R","Bash+1","Corruption","Reaper","Seeing Red","Sentinel","Ghostly Armor","Headbutt"],"relics":["Burning Blood","Tiny Chest","Mercury Hourglass","WingedGreaves","Bird Faced Urn","Mango","Shovel","Matryoshka","Charon\u0027s Ashes"],"potions_floor_usage":[16,16],"damage_taken":[{"damage":1,"enemies":"Cultist","floor":1,"turns":4},{"damage":8,"enemies":"Jaw Worm","floor":4,"turns":5},{"damage":39,"enemies":"Gremlin Nob","floor":6,"turns":5},{"damage":45,"enemies":"Lagavulin","floor":10,"turns":9},{"damage":25,"enemies":"3 Sentries","floor":12,"turns":8},{"damage":32,"enemies":"Hexaghost","floor":16,"turns":9}],"seed_played":"4946903269167711179","potions_obtained":[{"floor":1,"key":"Ancient Potion"},{"floor":4,"key":"SneckoOil"},{"floor":12,"key":"LiquidBronze"}],"is_trial":false,"path_per_floor":["M","$","T","M","$","E","R","$","T","E","R","E","?","?","R","B"],"character_chosen":"IRONCLAD","items_purchased":["Reaper","Ghostly Armor"],"campfire_rested":1,"item_purchase_floors":[2,8],"current_hp_per_floor":[80,80,80,80,80,47,47,47,47,22,50,45,27,27,27,0],"gold":73,"neow_bonus":"RANDOM_COMMON_RELIC","is_prod":false,"is_daily":false,"chose_seed":false,"campfire_upgraded":1,"win_rate":0,"timestamp":1544968502,"path_taken":["M","$","?","M","?","E","R","$","T","E","R","E","?","?","R","BOSS"],"build_version":"2018-12-13","purchased_purges":0,"victory":false,"max_hp_per_floor":[80,80,80,80,80,80,80,80,80,94,94,94,94,94,94,94],"card_choices":[{"not_picked":["Havoc","Burning Pact"],"picked":"Corruption","floor":1},{"not_picked":["Shrug It Off","Thunderclap"],"picked":"Seeing Red","floor":4},{"not_picked":["Armaments","Thunderclap"],"picked":"Sentinel","floor":6},{"not_picked":["Cleave","Corruption"],"picked":"Headbutt","floor":10},{"not_picked":["Iron Wave","Heavy Blade","Clothesline"],"picked":"SKIP","floor":12}],"player_experience":348388,"relics_obtained":[{"floor":3,"key":"Mercury Hourglass"},{"floor":6,"key":"WingedGreaves"},{"floor":9,"key":"Bird Faced Urn"},{"floor":10,"key":"Mango"},{"floor":12,"key":"Shovel"},{"floor":15,"key":"Charon\u0027s Ashes"}],"event_choices":[{"damage_healed":0,"gold_gain":0,"player_choice":"Success","damage_taken":18,"relics_obtained":["Matryoshka"],"max_hp_gain":0,"max_hp_loss":0,"event_name":"Scrap Ooze","floor":13,"gold_loss":0}],"is_beta":false,"boss_relics":[],"items_purged_floors":[],"is_endless":false,"potions_floor_spawned":[1,4,12],"killed_by":"Hexaghost","ascension_level":5}