{"gold_per_floor":[118,118,135,155,155,182,33,33,33,33,33,33],"floor_reached":12,"playtime":491,"items_purged":["Strike_B"],"score":80,"play_id":"0f6ac6b9-5c4c-4a6b-bb9e-77fc48d7eed3","local_time":"20190328200739","is_ascension_mode":true,"campfire_choices":[{"data":"Double Energy","floor":11,"key":"SMITH"}],"neow_cost":"NONE","seed_source_timestamp":1552647404893958,"circlet_count":0,"master_deck":["Strike_B","Strike_B","Strike_B","Defend_B","Defend_B","Defend_B","Defend_B","Zap","Dualcast","Reboot","Redo","Zap","Ball Lightning","Storm","Double Energy+1","Capacitor"],"relics":["Cracked Core","Blue Candle","Dead Branch","Lantern"],"potions_floor_usage":[],"damage_taken":[{"damage":1,"enemies":"Cultist","floor":1,"turns":3},{"damage":1,"enemies":"Jaw Worm","floor":3,"turns":3},{"damage":5,"enemies":"2 Louse","floor":4,"turns":3},{"damage":40,"enemies":"3 Sentries","floor":6,"turns":6},{"damage":21,"enemies":"Lagavulin","floor":12,"turns":3}],"seed_played":"395983000524333776","potions_obtained":[],"is_trial":false,"path_per_floor":["M","?","M","M","?","E","$","?","T","$","R","E"],"character_chosen":"DEFECT","items_purchased":["Capacitor"],"campfire_rested":0,"item_purchase_floors":[7],"current_hp_per_floor":[74,74,73,68,56,16,16,16,16,16,16,0],"gold":33,"neow_bonus":"ONE_RANDOM_RARE_CARD","is_prod":false,"is_daily":false,"chose_seed":false,"campfire_upgraded":1,"win_rate":0,"timestamp":1553800059,"path_taken":["M","?","?","M","?","E","$","?","T","?","R","E"],"build_version":"2019-01-23","purchased_purges":1,"victory":false,"max_hp_per_floor":[75,75,75,75,75,75,75,75,75,75,75,75],"card_choices":[{"not_picked":["Sweeping Beam","Recycle"],"picked":"Redo","floor":1},{"not_picked":["Steam","Force Field"],"picked":"Ball Lightning","floor":3},{"not_picked":["Stack","Compile Driver"],"picked":"Storm","floor":4},{"not_picked":["Rainbow","Undo"],"picked":"Double Energy","floor":6}],"player_experience":142323,"relics_obtained":[{"floor":6,"key":"Dead Branch"},{"floor":9,"key":"Lantern"}],"event_choices":[{"damage_healed":0,"gold_gain":0,"player_choice":"1 cards matched","damage_taken":0,"max_hp_gain":0,"max_hp_loss":0,"event_name":"Match and Keep!","floor":2,"gold_loss":0,"cards_obtained":["Zap"]},{"damage_healed":0,"gold_gain":0,"player_choice":"Success","damage_taken":12,"relics_obtained":["Blue Candle"],"max_hp_gain":0,"max_hp_loss":0,"event_name":"Scrap Ooze","floor":5,"gold_loss":0},{"damage_healed":0,"gold_gain":0,"player_choice":"Ignored","damage_taken":0,"max_hp_gain":0,"max_hp_loss":0,"event_name":"Liars Game","floor":8,"gold_loss":0}],"is_beta":false,"boss_relics":[],"items_purged_floors":[7],"is_endless":false,"potions_floor_spawned":[],"killed_by":"Lagavulin","ascension_level":1}