{"gold_per_floor":[113,113,124,199,215,215,465,465,465,479,479,479,490,500,500,600,600,611,161,161,171,26,26,26,38,84,30,45,59,0,12,12,117,117,135,155,3,17,28,28,28],"floor_reached":41,"playtime":4541,"items_purged":["Writhe"],"score":437,"play_id":"cb5d7795-a330-4e24-be54-3ca87c41174c","local_time":"20180721043520","is_ascension_mode":false,"campfire_choices":[{"data":"Thunderclap","floor":6,"key":"SMITH"},{"data":"Anger","floor":8,"key":"SMITH"},{"data":"Whirlwind","floor":12,"key":"SMITH"},{"data":"Shrug It Off","floor":15,"key":"SMITH"},{"data":"Metallicize","floor":23,"key":"SMITH"},{"floor":32,"key":"REST"},{"data":"Anger","floor":40,"key":"SMITH"}],"neow_cost":"NONE","seed_source_timestamp":259114366729156,"circlet_count":0,"master_deck":["Strike_R","Strike_R","Defend_R","Defend_R","Defend_R","Bash","Feed+1","Anger+1","Shrug It Off+1","Thunderclap+1","Regret","Infernal Blade+1","Whirlwind+1","Ghostly Armor+1","Battle Trance+1","Double Tap+1","Shrug It Off+1","Flex+1","Metallicize+1","Bloodletting+1","Flex+1","Warcry+1","Anger+1","Inflame","Warcry+1","Impervious+1","Metallicize+1","Uppercut+1","Burning Pact+1","Anger+1","Intimidate+1","Pommel Strike+1"],"relics":["Burning Blood","Toxic Egg 2","Velvet Choker","Dream Catcher","Matryoshka","Bronze Scales","Regal Pillow","Meat on the Bone","Astrolabe","Centennial Puzzle"],"potions_floor_usage":[33,33,41],"damage_taken":[{"damage":9,"enemies":"Small Slimes","floor":1,"turns":4},{"damage":5,"enemies":"Cultist","floor":3,"turns":4},{"damage":15,"enemies":"2 Louse","floor":5,"turns":3},{"damage":6,"enemies":"2 Fungi Beasts","floor":10,"turns":6},{"damage":0,"enemies":"Gremlin Gang","floor":13,"turns":1},{"damage":15,"enemies":"3 Louse","floor":14,"turns":7},{"damage":64,"enemies":"The Guardian","floor":16,"turns":10},{"damage":27,"enemies":"3 Byrds","floor":18,"turns":4},{"damage":30,"enemies":"2 Thieves","floor":21,"turns":3},{"damage":12,"enemies":"Slaver and Parasite","floor":25,"turns":4},{"damage":26,"enemies":"Sentry and Sphere","floor":28,"turns":3},{"damage":15,"enemies":"Chosen and Byrds","floor":29,"turns":4},{"damage":26,"enemies":"Snake Plant","floor":31,"turns":3},{"damage":104,"enemies":"Champ","floor":33,"turns":14},{"damage":7,"enemies":"Flame Bruiser 1 Orb","floor":35,"turns":5},{"damage":2,"enemies":"3 Darklings","floor":36,"turns":4},{"damage":50,"enemies":"Spire Growth","floor":38,"turns":8},{"damage":48,"enemies":"Maw","floor":39,"turns":8},{"damage":52,"enemies":"Nemesis","floor":41,"turns":9}],"seed_played":"2519219088420948522","potions_obtained":[{"floor":5,"key":"Poison Potion"},{"floor":13,"key":"Swift Potion"},{"floor":14,"key":"BloodPotion"},{"floor":21,"key":"FearPotion"},{"floor":29,"key":"Fire Potion"}],"is_trial":false,"path_per_floor":["M","?","M","?","M","R","?","R","T","M","?","R","M","M","R","B",null,"M","$","?","M","$","R","$","M","T","$","M","M","?","M","R","B",null,"M","M","$","M","M","R"],"character_chosen":"IRONCLAD","items_purchased":["Flex+1","Dream Catcher","Matryoshka","Bloodletting+1","Warcry+1","Centennial Puzzle"],"campfire_rested":1,"item_purchase_floors":[19,19,19,22,27,37],"current_hp_per_floor":[80,80,85,74,69,69,69,69,69,73,73,73,79,74,74,16,99,82,82,82,58,58,58,58,56,56,56,48,55,55,51,100,25,115,118,119,119,75,49,49,0],"gold":28,"neow_bonus":"ONE_RANDOM_RARE_CARD","is_prod":false,"is_daily":false,"chose_seed":false,"campfire_upgraded":6,"win_rate":0.0,"timestamp":1532140520,"path_taken":["M","?","M","?","M","R","?","R","T","M","?","R","M","?","R","BOSS","M","?","?","?","?","R","$","M","T","$","M","M","?","M","R","BOSS","M","?","?","M","M","R","E"],"build_version":"2018-07-19v2","purchased_purges":1,"victory":false,"max_hp_per_floor":[83,83,87,87,91,91,91,91,91,95,95,95,95,99,99,99,99,103,103,103,103,103,103,103,107,107,107,107,111,111,115,115,115,115,119,119,119,119,123,123,123],"card_choices":[{"not_picked":["Clash","True Grit"],"picked":"Anger","floor":1},{"not_picked":["True Grit","Heavy Blade"],"picked":"Shrug It Off","floor":3},{"not_picked":["True Grit","Cleave"],"picked":"Thunderclap","floor":5},{"not_picked":["Perfected Strike","Warcry+1"],"picked":"Infernal Blade+1","floor":10},{"not_picked":["Clash","Anger"],"picked":"Ghostly Armor+1","floor":13},{"not_picked":["Second Wind+1","True Grit+1"],"picked":"Battle Trance+1","floor":14},{"not_picked":["Juggernaut","Demon Form"],"picked":"Double Tap+1","floor":16},{"not_picked":["Iron Wave+1","Clothesline+1"],"picked":"Shrug It Off+1","floor":18},{"not_picked":["True Grit+1","Sword Boomerang"],"picked":"Metallicize","floor":21},{"not_picked":["Feel No Pain+1","Limit Break+1"],"picked":"Flex+1","floor":25},{"not_picked":["Heavy Blade+1","True Grit+1","Body Slam"],"picked":"SKIP","floor":28},{"not_picked":["Cleave","Second Wind+1"],"picked":"Anger","floor":29},{"not_picked":["Rampage","Limit Break+1"],"picked":"Inflame","floor":31},{"not_picked":["Thunderclap","Flex+1"],"picked":"Warcry+1","floor":32},{"not_picked":["Limit Break+1","Juggernaut"],"picked":"Impervious+1","floor":33},{"not_picked":["Headbutt+1","Warcry+1"],"picked":"Anger+1","floor":35},{"not_picked":["Perfected Strike+1","Uppercut+1"],"picked":"Intimidate+1","floor":36},{"not_picked":["Thunderclap","Searing Blow+1","Spot Weakness+1"],"picked":"SKIP","floor":38},{"not_picked":["Sword Boomerang","Spot Weakness+1"],"picked":"Pommel Strike+1","floor":39}],"player_experience":46289,"relics_obtained":[{"floor":9,"key":"Toxic Egg 2"},{"floor":26,"key":"Regal Pillow"},{"floor":26,"key":"Meat on the Bone"}],"event_choices":[{"event_name":"Living Wall","player_choice":"Grow","floor":2,"damage_taken":0},{"event_name":"World of Goop","player_choice":"Gather Gold","floor":4,"damage_taken":0},{"event_name":"Golden Shrine","player_choice":"Desecrate","floor":7,"damage_taken":0},{"event_name":"Transmorgrifier","player_choice":"Transform","floor":11,"damage_taken":0},{"event_name":"The Mausoleum","player_choice":"Yes","floor":20,"damage_taken":0},{"event_name":"Masked Bandits","player_choice":"Paid Bandits 59 gold","floor":30,"damage_taken":0}],"is_beta":false,"boss_relics":[{"not_picked":["Mark of Pain","White Beast Statue"],"picked":"Velvet Choker"},{"not_picked":["Busted Crown","Sozu"],"picked":"Astrolabe"}],"items_purged_floors":[22],"is_endless":false,"potions_floor_spawned":[5,13,14,18,21,25,29],"killed_by":"Nemesis","ascension_level":0}