{"gold_per_floor":[110,121,52,52,65,65,65,65,65,65,65,104,104,125,125,245,245,261,276,201,226,351,351,384,384,407,322,341,365,390,390,390,390],"floor_reached":33,"playtime":2124,"items_purged":["Strike_B"],"score":383,"play_id":"2c03ce60-0c92-4ca1-b1c0-0d4ead342247","local_time":"20180901173036","is_ascension_mode":true,"campfire_choices":[{"data":"Zap","floor":6.0,"key":"SMITH"},{"data":"Dualcast","floor":8.0,"key":"SMITH"},{"data":"Sunder","floor":11.0,"key":"SMITH"},{"data":"Conserve Battery","floor":13.0,"key":"SMITH"},{"data":"Conserve Battery","floor":15.0,"key":"SMITH"},{"floor":23,"key":"REST"},{"floor":25,"key":"REST"},{"floor":32,"key":"REST"}],"neow_cost":"","seed_source_timestamp":0,"circlet_count":0,"master_deck":["Strike_B","Strike_B","Strike_B","Defend_B","Defend_B","Defend_B","Defend_B","Zap+1","Dualcast+1","Conserve Battery+1","Conserve Battery+1","Sunder+1","Coolheaded","Conserve Battery","Coolheaded","Electrodynamics","Cold Snap","Conserve Battery+1","Reinforced Body+1","FTL+1","Conserve Battery","Cold Snap"],"special_seed":0,"relics":["Cracked Core","Bloody Idol","Question Card","Lantern","Snecko Eye","Unceasing Top","Dodecahedron","Smiling Mask","Potion Belt","Centennial Puzzle"],"potions_floor_usage":[24,33],"damage_taken":[{"damage":1.0,"enemies":"Cultist","floor":1.0,"turns":3.0},{"damage":7.0,"enemies":"Small Slimes","floor":2.0,"turns":4.0},{"damage":0.0,"enemies":"2 Louse","floor":5.0,"turns":2.0},{"damage":6.0,"enemies":"3 Sentries","floor":12.0,"turns":6.0},{"damage":0.0,"enemies":"2 Fungi Beasts","floor":14.0,"turns":2.0},{"damage":31.0,"enemies":"Slime Boss","floor":16.0,"turns":15.0},{"damage":0.0,"enemies":"Chosen","floor":18.0,"turns":3.0},{"damage":0.0,"enemies":"2 Thieves","floor":19.0,"turns":3.0},{"damage":5.0,"enemies":"Snake Plant","floor":21.0,"turns":3.0},{"damage":21,"enemies":"Colosseum Slavers","floor":22,"turns":5},{"damage":8,"enemies":"Colosseum Nobs","floor":22,"turns":4},{"damage":17,"enemies":"Book of Stabbing","floor":24,"turns":6},{"damage":30,"enemies":"Shelled Parasite and Fungi","floor":28,"turns":11},{"damage":0,"enemies":"Sentry and Sphere","floor":29,"turns":4},{"damage":0,"enemies":"Snecko","floor":30,"turns":5},{"damage":81,"enemies":"Automaton","floor":33,"turns":12}],"seed_played":"-4341077412885710496","potions_obtained":[{"floor":5.0,"key":"Regen Potion"},{"floor":18.0,"key":"Explosive Potion"},{"floor":22,"key":"EssenceOfSteel"},{"floor":29,"key":"Explosive Potion"}],"is_trial":false,"path_per_floor":["M","M","$","?","M","R","$","R","T","$","R","E","R","M","R","B",null,"M","M","$","M","?","R","E","R","T","?","M","M","M","?","R"],"character_chosen":"DEFECT","items_purchased":["Sunder"],"campfire_rested":3,"item_purchase_floors":[3],"current_hp_per_floor":[67,60,60,42,42,42,42,42,42,42,42,51,51,51,51,20,61,61,61,61,56,27,49,32,54,54,54,24,24,24,24,46,0],"gold":390,"neow_bonus":"","is_prod":false,"is_daily":false,"chose_seed":false,"campfire_upgraded":5,"win_rate":0,"timestamp":1535794236,"path_taken":["M","M","?","?","?","R","$","R","T","?","R","E","R","?","R","BOSS","M","?","$","M","?","R","E","R","T","?","?","?","?","?","R","BOSS"],"build_version":"2018-08-30","purchased_purges":1,"victory":false,"max_hp_per_floor":[75,75,75,75,75,75,75,75,75,75,75,75,75,75,75,75,75,75,75,75,75,75,75,75,75,75,75,75,75,75,75,75,75],"card_choices":[{"not_picked":["Sweeping Beam","Barrage"],"picked":"Conserve Battery","floor":1.0},{"not_picked":["Reinforced Body","Undo"],"picked":"Conserve Battery","floor":2.0},{"not_picked":["Reinforced Body","Aggregate"],"picked":"Coolheaded","floor":5.0},{"not_picked":["Barrage","Leap","Chaos"],"picked":"Conserve Battery","floor":12.0},{"not_picked":["Chaos","Genetic Algorithm","Rip and Tear"],"picked":"Coolheaded","floor":14.0},{"not_picked":["Biased Cognition","Seek","Hyperbeam"],"picked":"Electrodynamics","floor":16.0},{"not_picked":["Ball Lightning","Leap+1","Turbo+1"],"picked":"Cold Snap","floor":18.0},{"not_picked":["Gash","Chaos","Compile Driver"],"picked":"Conserve Battery+1","floor":19.0},{"not_picked":["Sweeping Beam","Chaos","White Noise"],"picked":"Reinforced Body+1","floor":21.0},{"not_picked":["Reboot","Fusion","Static Discharge"],"picked":"FTL+1","floor":24},{"not_picked":["Redo","White Noise","Steam"],"picked":"Conserve Battery","floor":28},{"not_picked":["FTL","Chaos","Barrage","Lockon"],"picked":"SKIP","floor":29},{"not_picked":["Stack","Rebound","Beam Cell"],"picked":"Cold Snap","floor":30}],"player_experience":286052,"relics_obtained":[{"floor":9.0,"key":"Question Card"},{"floor":12.0,"key":"Lantern"},{"floor":22,"key":"Unceasing Top"},{"floor":22,"key":"Dodecahedron"},{"floor":24,"key":"Smiling Mask"},{"floor":26,"key":"Potion Belt"}],"event_choices":[{"event_name":"Golden Idol","player_choice":"Take Damage","floor":4.0,"damage_taken":0.0},{"event_name":"Colosseum","player_choice":"Fight","floor":22,"damage_taken":0},{"event_name":"Colosseum","player_choice":"Fought Nobs","floor":22,"damage_taken":0},{"event_name":"Addict","player_choice":"Obtained Relic","floor":27,"damage_taken":0},{"event_name":"Forgotten Altar","player_choice":"Gave Idol","floor":31,"damage_taken":0}],"is_beta":false,"boss_relics":[{"not_picked":["Philosopher\u0027s Stone","Lizard Tail"],"picked":"Snecko Eye"}],"items_purged_floors":[20],"is_endless":false,"potions_floor_spawned":[5,18,22,29],"killed_by":"Automaton","ascension_level":7}