{"gold_per_floor":[119,119,44,44,63,96,18,18,18,18,18,58,58,81,81,81],"floor_reached":16,"playtime":645,"items_purged":["Strike_R"],"score":104,"play_id":"ad956e8c-12e5-491b-9686-6a6cbee645b0","local_time":"20180901133209","is_ascension_mode":false,"campfire_choices":[{"floor":11,"key":"REST"},{"floor":13,"key":"REST"},{"data":"Inflame","floor":15,"key":"SMITH"}],"neow_cost":"PERCENT_DAMAGE","seed_source_timestamp":1769430859752664,"circlet_count":0,"master_deck":["Strike_R","Strike_R","Defend_R","Defend_R","Defend_R","Bash","Flex","Inflame+1"],"relics":["Burning Blood","Darkstone Periapt","Golden Idol","The Courier","Bag of Marbles","Juzu Bracelet","Anchor"],"potions_floor_usage":[],"damage_taken":[{"damage":5,"enemies":"Small Slimes","floor":1,"turns":6},{"damage":1,"enemies":"Cultist","floor":5,"turns":3},{"damage":62,"enemies":"Lagavulin","floor":6,"turns":10},{"damage":23,"enemies":"Gremlin Nob","floor":12,"turns":4},{"damage":41,"enemies":"Slime Boss","floor":16,"turns":5}],"seed_played":"-22765498306100065","potions_obtained":[],"is_trial":false,"path_per_floor":["M","?","$","?","M","E","$","?","T","?","R","E","R","T","R"],"character_chosen":"IRONCLAD","items_purchased":["Regen Potion"],"campfire_rested":2,"item_purchase_floors":[7],"current_hp_per_floor":[57,57,57,62,67,11,11,11,11,11,34,17,40,40,40,0],"gold":81,"neow_bonus":"REMOVE_TWO","is_prod":false,"is_daily":false,"chose_seed":false,"campfire_upgraded":1,"win_rate":0.0,"timestamp":1535801529,"path_taken":["M","?","$","?","M","E","$","?","T","?","R","E","R","?","R","BOSS"],"build_version":"2018-08-30","purchased_purges":1,"victory":false,"max_hp_per_floor":[80,80,80,85,85,85,85,79,79,79,79,79,79,79,79,79],"card_choices":[{"not_picked":["Wild Strike","Iron Wave","Clothesline"],"picked":"SKIP","floor":1},{"not_picked":["Shrug It Off","Thunderclap"],"picked":"Flex","floor":5},{"not_picked":["Fire Breathing","Shrug It Off"],"picked":"Inflame","floor":6},{"not_picked":["Feed","Uppercut","Rage"],"picked":"SKIP","floor":12}],"player_experience":77411,"relics_obtained":[{"floor":6,"key":"Darkstone Periapt"},{"floor":9,"key":"The Courier"},{"floor":12,"key":"Juzu Bracelet"},{"floor":14,"key":"Anchor"}],"event_choices":[{"event_name":"Bonfire Elementals","player_choice":"BASIC","floor":2,"damage_taken":0},{"event_name":"Big Fish","player_choice":"Donut","floor":4,"damage_taken":0},{"event_name":"Golden Idol","player_choice":"Lose Max HP","floor":8,"damage_taken":0},{"event_name":"WeMeetAgain","player_choice":"Potion","floor":10,"damage_taken":0}],"is_beta":false,"boss_relics":[],"items_purged_floors":[3],"is_endless":false,"potions_floor_spawned":[],"killed_by":"Slime Boss","ascension_level":0}