{"gold_per_floor":[111,125,136,150,168,168,183,202,202,277,277,277,292,303,303,398,398,415,40,35,53,73,93,93],"floor_reached":24,"playtime":1141,"items_purged":["Strike_B"],"score":317,"play_id":"6bb55164-5a55-4dcc-8121-b6249d7f02dc","local_time":"20181011011552","is_ascension_mode":true,"campfire_choices":[{"data":"Defragment","floor":6,"key":"SMITH"},{"floor":12,"key":"REST"},{"floor":15,"key":"REST"}],"neow_cost":"NONE","seed_source_timestamp":36494994758933,"circlet_count":0,"master_deck":["Strike_B","Strike_B","Strike_B","Defend_B","Defend_B","Defend_B","Defend_B","Zap","Dualcast","AscendersBane","Defragment","BootSequence","Coolheaded","Defragment+1","Cold Snap","Echo Form","Coolheaded","Echo Form","Coolheaded","Conserve Battery","Electrodynamics"],"relics":["Cracked Core","Gremlin Horn","Calipers","Coffee Dripper","Toxic Egg 2"],"potions_floor_usage":[14,14,16,18,20,23],"damage_taken":[{"damage":1,"enemies":"Cultist","floor":1,"turns":3},{"damage":4,"enemies":"2 Louse","floor":2,"turns":2},{"damage":0,"enemies":"Jaw Worm","floor":3,"turns":3},{"damage":13,"enemies":"Large Slime","floor":4,"turns":6},{"damage":8,"enemies":"Exordium Thugs","floor":5,"turns":5},{"damage":1,"enemies":"Blue Slaver","floor":7,"turns":4},{"damage":1,"enemies":"3 Louse","floor":8,"turns":4},{"damage":3,"enemies":"Looter","floor":13,"turns":4},{"damage":3,"enemies":"Exordium Thugs","floor":14,"turns":4},{"damage":17,"enemies":"Slime Boss","floor":16,"turns":20},{"damage":25,"enemies":"3 Byrds","floor":18,"turns":6},{"damage":9,"enemies":"2 Thieves","floor":20,"turns":4},{"damage":18,"enemies":"Snake Plant","floor":21,"turns":7},{"damage":15,"enemies":"Shelled Parasite and Fungi","floor":22,"turns":10},{"damage":2,"enemies":"Cultist and Chosen","floor":23,"turns":9},{"damage":4,"enemies":"Snake Plant","floor":24,"turns":2}],"seed_played":"4027300838983133823","potions_obtained":[{"floor":1,"key":"EssenceOfSteel"},{"floor":8,"key":"Poison Potion"},{"floor":14,"key":"PowerPotion"},{"floor":16,"key":"AttackPotion"},{"floor":18,"key":"GamblersBrew"},{"floor":21,"key":"SkillPotion"},{"floor":23,"key":"Strength Potion"}],"is_trial":false,"path_per_floor":["M","M","M","M","M","R","M","M","T","?","?","R","M","M","R","B",null,"M","$","M","M","M","M"],"character_chosen":"DEFECT","items_purchased":["Conserve Battery","Toxic Egg 2"],"campfire_rested":2,"item_purchase_floors":[19,19],"current_hp_per_floor":[74,70,70,57,49,49,48,47,47,39,14,38,35,32,56,39,71,46,46,37,19,4,2,0],"gold":93,"neow_bonus":"TEN_PERCENT_HP_BONUS","is_prod":false,"is_daily":false,"chose_seed":false,"campfire_upgraded":1,"win_rate":0,"timestamp":1539191752,"path_taken":["M","M","?","M","M","R","M","M","T","?","?","R","M","M","R","BOSS","M","$","M","M","M","M","M"],"build_version":"2018-10-04v2","purchased_purges":1,"victory":false,"max_hp_per_floor":[82,82,82,82,82,82,82,82,82,82,82,82,82,82,82,82,82,82,82,82,82,82,82,82],"card_choices":[{"not_picked":["Beam Cell","Hologram"],"picked":"Defragment","floor":1},{"not_picked":["Recycle","Compile Driver"],"picked":"BootSequence","floor":2},{"not_picked":["Sweeping Beam","Auto Shields"],"picked":"Coolheaded","floor":3},{"not_picked":["Redo","Leap"],"picked":"Defragment","floor":4},{"not_picked":["Static Discharge","Fusion","Steam"],"picked":"SKIP","floor":5},{"not_picked":["Static Discharge","Sweeping Beam"],"picked":"Cold Snap","floor":7},{"not_picked":["Blizzard","Chaos","Steam"],"picked":"SKIP","floor":8},{"not_picked":["Steam","Reprogram"],"picked":"Echo Form","floor":13},{"not_picked":["Reprogram","Compile Driver"],"picked":"Coolheaded","floor":14},{"not_picked":["Rainbow","Hyperbeam"],"picked":"Echo Form","floor":16},{"not_picked":["Fusion","Steam Power"],"picked":"Coolheaded","floor":18},{"not_picked":["Stack+1","Barrage+1","Tempest+1"],"picked":"SKIP","floor":20},{"not_picked":["Gash","Rebound","Turbo+1"],"picked":"SKIP","floor":21},{"not_picked":["Rebound+1","Conserve Battery+1"],"picked":"Electrodynamics","floor":22},{"not_picked":["Skim+1","Compile Driver","Steam Power+1"],"picked":"SKIP","floor":23}],"player_experience":427946,"relics_obtained":[{"floor":9,"key":"Gremlin Horn"}],"event_choices":[{"event_name":"FaceTrader","player_choice":"Touch","floor":10,"damage_taken":0},{"event_name":"Scrap Ooze","player_choice":"success","floor":11,"damage_taken":25}],"is_beta":false,"boss_relics":[{"not_picked":["Orrery","Sozu"],"picked":"Coffee Dripper"}],"items_purged_floors":[19],"is_endless":false,"potions_floor_spawned":[1,8,14,16,18,21,23],"killed_by":"Snake Plant","ascension_level":12}