{"gold_per_floor":[117,137,87,17,17,46,46,74,142,142,142,159,186,186,186,281,281,281,17,17,0,0,0,0,0,0,0,0,0,0,0,0,0,0,0,0,0,0,0,0,0,0,0,0,0,0,0,0,0,0],"floor_reached":50,"playtime":2543,"items_purged":[],"score":658,"play_id":"061a4725-1920-4286-997b-d48518cd312b","local_time":"20190216185615","is_ascension_mode":true,"campfire_choices":[{"data":"Perfected Strike","floor":7.0,"key":"SMITH"},{"data":"Perfected Strike","floor":10.0,"key":"SMITH"},{"data":"Barricade","floor":15.0,"key":"SMITH"},{"floor":27,"key":"REST"},{"floor":32,"key":"REST"},{"data":"Mayhem","floor":40,"key":"SMITH"},{"floor":42,"key":"REST"},{"data":"Madness","floor":44,"key":"SMITH"},{"floor":49,"key":"RECALL"}],"neow_cost":"NONE","seed_source_timestamp":0,"circlet_count":0,"master_deck":["Strike_R+1","Strike_R","Strike_R+1","Strike_R+1","Defend_R","Defend_R","Defend_R+1","Bash","Cleave+1","Perfected Strike+1","Shockwave+1","Perfected Strike+1","Burning Pact","Barricade+1","Twin Strike","Immolate","Mayhem+1","Wild Strike","True Grit","Perfected Strike","Armaments","Rampage+1","Dropkick+1","Whirlwind","Perfected Strike+1","Pain","Offering","Madness+1","Madness","Flame Barrier+1","Flame Barrier"],"special_seed":0,"relics":["Burning Blood","NeowsBlessing","Blood Vial","Sundial","Whetstone","War Paint","Ectoplasm","Ancient Tea Set","Juzu Bracelet","Kunai","WarpedTongs","Runic Cube","Ginger","Gremlin Horn","Boot","Red Mask"],"potions_floor_usage":[25],"damage_taken":[{"damage":0.0,"enemies":"2 Louse","floor":1.0,"turns":1.0},{"damage":0.0,"enemies":"Small Slimes","floor":2.0,"turns":1.0},{"damage":0.0,"enemies":"3 Sentries","floor":6.0,"turns":2.0},{"damage":26.0,"enemies":"Gremlin Nob","floor":8.0,"turns":4.0},{"damage":0.0,"enemies":"Cultist","floor":12.0,"turns":2.0},{"damage":26.0,"enemies":"Lagavulin","floor":13.0,"turns":6.0},{"damage":16.0,"enemies":"Hexaghost","floor":16.0,"turns":8.0},{"damage":0.0,"enemies":"Spheric Guardian","floor":18.0,"turns":1.0},{"damage":25.0,"enemies":"2 Thieves","floor":21.0,"turns":3.0},{"damage":0,"enemies":"Centurion and Healer","floor":22,"turns":2},{"damage":37,"enemies":"Book of Stabbing","floor":23,"turns":4},{"damage":29,"enemies":"Gremlin Leader","floor":25,"turns":5},{"damage":0,"enemies":"3 Cultists","floor":28,"turns":4},{"damage":23,"enemies":"Shelled Parasite and Fungi","floor":29,"turns":3},{"damage":21,"enemies":"Collector","floor":33,"turns":5},{"damage":2,"enemies":"3 Shapes","floor":35,"turns":4},{"damage":13,"enemies":"Orb Walker","floor":38,"turns":2},{"damage":42,"enemies":"Giant Head","floor":41,"turns":7},{"damage":18,"enemies":"Reptomancer","floor":45,"turns":4},{"damage":49,"enemies":"Time Eater","floor":50,"turns":8}],"seed_played":"4872695313243114675","potions_obtained":[{"floor":2.0,"key":"PowerPotion"},{"floor":8.0,"key":"Explosive Potion"},{"floor":12.0,"key":"FearPotion"},{"floor":16.0,"key":"LiquidBronze"},{"floor":25,"key":"Poison Potion"}],"is_trial":false,"path_per_floor":["M","M","?","$","?","E","R","E","T","R","?","M","E","?","R","B",null,"M","$","?","M","M","E","?","E","T","R","M","M","?","?","R","B",null,"M","?","?","M","$","R","E","R","T","R","E","$","?","$","R","B"],"character_chosen":"IRONCLAD","items_purchased":["Shockwave","Mayhem","Wild Strike","True Grit"],"campfire_rested":3,"item_purchase_floors":[4,19,19,19],"current_hp_per_floor":[80,80,80,80,64,70,70,52,52,52,52,60,42,35,35,27,80,80,80,80,61,69,40,40,19,19,43,51,36,36,36,60,47,80,80,80,70,65,65,65,31,55,55,55,45,45,45,45,45,0],"gold":0,"neow_bonus":"THREE_ENEMY_KILL","is_prod":false,"is_daily":false,"chose_seed":false,"campfire_upgraded":5,"win_rate":0,"timestamp":1550339775,"path_taken":["M","M","?","$","?","E","R","E","T","R","?","?","E","?","R","BOSS","M","$","?","M","?","E","?","E","T","R","M","M","?","?","R","BOSS","M","?","?","M","$","R","E","R","T","R","E","$","?","?","R","BOSS"],"build_version":"2019-01-23","purchased_purges":0,"victory":false,"max_hp_per_floor":[80,80,80,80,80,80,80,80,80,80,80,80,80,80,80,80,80,80,80,80,80,80,80,80,80,80,80,80,80,80,80,80,80,80,80,80,80,80,80,80,80,80,80,80,80,80,80,80,80,80],"card_choices":[{"not_picked":["Flex","Headbutt"],"picked":"Cleave","floor":1.0},{"not_picked":["Metallicize","Dual Wield"],"picked":"Perfected Strike","floor":2.0},{"not_picked":["Blood for Blood","Havoc"],"picked":"Flex","floor":6.0},{"not_picked":["Armaments","Clothesline"],"picked":"Perfected Strike","floor":8.0},{"not_picked":["Twin Strike","Inflame"],"picked":"Barricade","floor":12.0},{"not_picked":["Hemokinesis","Body Slam"],"picked":"Twin Strike","floor":13.0},{"not_picked":["Dark Embrace","Offering"],"picked":"Immolate","floor":16.0},{"not_picked":["Clothesline+1","Havoc","Warcry"],"picked":"SKIP","floor":18.0},{"not_picked":["Thunderclap+1","Sentinel"],"picked":"Perfected Strike","floor":21.0},{"not_picked":["Anger","Havoc"],"picked":"Armaments","floor":22},{"not_picked":["Havoc","Anger"],"picked":"Rampage+1","floor":23},{"not_picked":["Offering","Second Wind"],"picked":"Dropkick+1","floor":25},{"not_picked":["Anger","Sword Boomerang"],"picked":"Whirlwind","floor":28},{"not_picked":["Warcry","Infernal Blade"],"picked":"Perfected Strike+1","floor":29},{"not_picked":["Dark Embrace","Bludgeon"],"picked":"Offering","floor":33},{"not_picked":["Battle Trance","Warcry","Sever Soul+1"],"picked":"SKIP","floor":35},{"not_picked":["Wild Strike","Rage"],"picked":"Flame Barrier+1","floor":38},{"not_picked":["Wild Strike","Clash","Warcry"],"picked":"SKIP","floor":41},{"not_picked":["Shrug It Off","Intimidate"],"picked":"Flame Barrier","floor":45}],"player_experience":158696,"relics_obtained":[{"floor":6.0,"key":"Blood Vial"},{"floor":8.0,"key":"Sundial"},{"floor":13.0,"key":"Whetstone"},{"floor":23,"key":"Ancient Tea Set"},{"floor":25,"key":"Juzu Bracelet"},{"floor":26,"key":"Kunai"},{"floor":41,"key":"Ginger"},{"floor":43,"key":"Gremlin Horn"},{"floor":45,"key":"Boot"}],"event_choices":[{"cards_removed":["Defend_R"],"damage_healed":0.0,"max_hp_gain":0.0,"max_hp_loss":0.0,"gold_gain":0.0,"event_name":"The Cleric","player_choice":"Card Removal","floor":3.0,"gold_loss":50.0,"damage_taken":0.0},{"damage_healed":0.0,"max_hp_gain":0.0,"max_hp_loss":0.0,"gold_gain":0.0,"event_name":"Shining Light","player_choice":"Entered Light","floor":5.0,"gold_loss":0.0,"damage_taken":16.0,"cards_upgraded":["Strike_R","Strike_R"]},{"damage_healed":0.0,"max_hp_gain":0.0,"max_hp_loss":0.0,"gold_gain":0.0,"cards_transformed":["Flex"],"event_name":"Transmorgrifier","player_choice":"Transformed","floor":11.0,"gold_loss":0.0,"damage_taken":0.0,"cards_obtained":["Burning Pact"]},{"damage_healed":0.0,"max_hp_gain":0.0,"max_hp_loss":0.0,"gold_gain":0.0,"event_name":"Scrap Ooze","player_choice":"Success","floor":14.0,"gold_loss":0.0,"damage_taken":7.0,"relics_obtained":["War Paint"]},{"damage_healed":0.0,"max_hp_gain":0.0,"max_hp_loss":0.0,"gold_gain":0.0,"event_name":"Wheel of Change","player_choice":"Cursed","floor":20.0,"gold_loss":0.0,"damage_taken":0.0,"cards_obtained":["Decay"]},{"damage_healed":0,"gold_gain":0,"player_choice":"Ignored","damage_taken":0,"max_hp_gain":0,"max_hp_loss":0,"event_name":"Vampires","floor":24,"gold_loss":0},{"cards_removed":["Decay"],"damage_healed":0,"gold_gain":0,"player_choice":"Purged","damage_taken":0,"max_hp_gain":0,"max_hp_loss":0,"event_name":"Purifier","floor":30,"gold_loss":0},{"damage_healed":0,"gold_gain":0,"player_choice":"Rummage","damage_taken":0,"relics_obtained":["WarpedTongs"],"max_hp_gain":0,"max_hp_loss":0,"event_name":"Accursed Blacksmith","floor":31,"gold_loss":0,"cards_obtained":["Pain"]},{"cards_removed":["Strike_R"],"damage_healed":0,"gold_gain":0,"player_choice":"Removed Attack","damage_taken":0,"max_hp_gain":0,"max_hp_loss":0,"event_name":"Falling","floor":36,"gold_loss":0},{"damage_healed":0,"gold_gain":0,"player_choice":"Embrace Madness","damage_taken":10,"max_hp_gain":0,"max_hp_loss":0,"event_name":"Winding Halls","floor":37,"gold_loss":0,"cards_obtained":["Madness","Madness"]},{"damage_healed":0,"gold_gain":0,"player_choice":"Paid","damage_taken":0,"relics_obtained":["Red Mask"],"max_hp_gain":0,"max_hp_loss":0,"event_name":"Tomb of Lord Red Mask","floor":47,"gold_loss":0}],"is_beta":false,"boss_relics":[{"not_picked":["Coffee Dripper","Fusion Hammer"],"picked":"Ectoplasm"},{"not_picked":["Eternal Feather","Pandora\u0027s Box"],"picked":"Runic Cube"}],"items_purged_floors":[],"is_endless":false,"potions_floor_spawned":[2,8,12,13,16,18,23,25,28,35,45],"killed_by":"Time Eater","ascension_level":2}