{"gold_per_floor":[215,0,14,32,42,42,74,74,97,125,146,146,172,182,182,284,284,301,166,184,200,5,5,32,32,85,85,102,131,131,158,158,256,256,276,276,294,294,305,305,38,63,122,134,25,52,66,66,66,66,66,66,3,38,38],"floor_reached":56,"playtime":4377,"items_purged":["Strike_R","Strike_R","Strike_R"],"score":1401,"play_id":"1e23da25-de8f-4e3b-979e-7fbacc1f7248","local_time":"20190216210426","is_ascension_mode":true,"campfire_choices":[{"data":"Armaments","floor":6,"key":"SMITH"},{"data":"Intimidate","floor":8,"key":"SMITH"},{"data":"Shockwave","floor":12,"key":"SMITH"},{"data":"Barricade","floor":15,"key":"SMITH"},{"data":"Double Tap","floor":23,"key":"SMITH"},{"data":"Ghostly Armor","floor":25,"key":"SMITH"},{"floor":30,"key":"REST"},{"data":"Spot Weakness","floor":32,"key":"SMITH"},{"floor":40,"key":"REST"},{"floor":44,"key":"RECALL"},{"data":"Demon Form","floor":49,"key":"SMITH"},{"data":"Juggernaut","floor":52,"key":"SMITH"}],"neow_cost":"NONE","seed_source_timestamp":25904554834607,"circlet_count":0,"master_deck":["Strike_R+1","Defend_R","Defend_R+1","Defend_R+1","Defend_R","Bash","Iron Wave","Intimidate+1","Armaments+1","Rampage+1","Dual Wield","Shockwave+1","Iron Wave","Barricade+1","Double Tap+1","Spot Weakness+1","Ghostly Armor+1","Dropkick","Whirlwind+1","Seeing Red+1","Demon Form+1","Battle Trance","True Grit+1","Dropkick","Iron Wave+1","Juggernaut+1","Fire Breathing"],"relics":["Burning Blood","Membership Card","Omamori","Happy Flower","Bag of Preparation","Odd Mushroom","Regal Pillow","Cursed Key","Whetstone","Turnip","Letter Opener","PreservedInsect","Anchor","Mark of Pain","Paper Frog","Lantern","MawBank","Centennial Puzzle","Bottled Tornado","War Paint","Gremlin Horn"],"potions_floor_usage":[11,16,21,33,37,55,55,55],"damage_taken":[{"damage":0,"enemies":"Small Slimes","floor":1,"turns":3},{"damage":6,"enemies":"Jaw Worm","floor":3,"turns":4},{"damage":0,"enemies":"Cultist","floor":4,"turns":3},{"damage":29,"enemies":"Exordium Wildlife","floor":5,"turns":6},{"damage":0,"enemies":"Lagavulin","floor":7,"turns":7},{"damage":32,"enemies":"3 Sentries","floor":10,"turns":11},{"damage":7,"enemies":"The Mushroom Lair","floor":11,"turns":4},{"damage":6,"enemies":"Looter","floor":14,"turns":4},{"damage":35,"enemies":"The Guardian","floor":16,"turns":13},{"damage":6,"enemies":"Shell Parasite","floor":18,"turns":7},{"damage":6,"enemies":"Chosen","floor":20,"turns":6},{"damage":19,"enemies":"Snake Plant","floor":21,"turns":5},{"damage":16,"enemies":"Slavers","floor":24,"turns":2},{"damage":2,"enemies":"Chosen and Byrds","floor":28,"turns":6},{"damage":34,"enemies":"Gremlin Leader","floor":29,"turns":6},{"damage":19,"enemies":"Slavers","floor":31,"turns":3},{"damage":0,"enemies":"Automaton","floor":33,"turns":8},{"damage":23,"enemies":"Orb Walker","floor":35,"turns":4},{"damage":29,"enemies":"3 Shapes","floor":37,"turns":4},{"damage":23,"enemies":"Sphere and 2 Shapes","floor":39,"turns":4},{"damage":0,"enemies":"Reptomancer","floor":42,"turns":3},{"damage":3,"enemies":"Nemesis","floor":46,"turns":5},{"damage":0,"enemies":"Jaw Worm Horde","floor":47,"turns":3},{"damage":29,"enemies":"Time Eater","floor":50,"turns":9},{"damage":10,"enemies":"Shield and Spear","floor":54,"turns":5},{"damage":55,"enemies":"The Heart","floor":55,"turns":8}],"seed_played":"9040173912386684419","potions_obtained":[{"floor":3,"key":"SpeedPotion"},{"floor":4,"key":"EssenceOfSteel"},{"floor":5,"key":"PowerPotion"},{"floor":14,"key":"BloodPotion"},{"floor":18,"key":"Block Potion"},{"floor":31,"key":"GamblersBrew"},{"floor":35,"key":"Energy Potion"},{"floor":46,"key":"Explosive Potion"}],"is_trial":false,"path_per_floor":["M","$","M","M","M","R","E","R","T","E","?","R","T","M","R","B",null,"M","$","M","M","$","R","E","R","T","?","M","E","R","E","R","B",null,"M","?","M","?","M","R","$","E","T","R","$","E","M","$","R","B",null,"R","$","E","B",null],"character_chosen":"IRONCLAD","items_purchased":["Membership Card","Intimidate","Whetstone","Ghostly Armor","Turnip","Paper Frog","Lantern","Bottled Tornado","LiquidBronze","PowerPotion"],"campfire_rested":2,"item_purchase_floors":[2,2,19,19,22,41,41,45,53,53],"current_hp_per_floor":[80,80,80,80,57,57,63,63,63,37,36,36,36,36,36,15,80,80,80,80,67,67,67,57,57,57,42,46,18,58,45,45,51,85,68,68,45,45,28,67,67,73,73,73,73,76,81,81,81,58,81,81,81,77,28],"gold":38,"neow_bonus":"HUNDRED_GOLD","is_prod":false,"is_daily":false,"chose_seed":false,"campfire_upgraded":9,"win_rate":0,"timestamp":1550347466,"path_taken":["M","$","M","M","M","R","E","R","T","E","?","R","?","?","R","BOSS","M","$","M","M","$","R","E","R","T","?","M","E","R","E","R","BOSS","M","?","M","?","M","R","$","E","T","R","$","E","?","?","R","BOSS","R","$","E","BOSS"],"build_version":"2019-01-23","purchased_purges":3,"victory":true,"max_hp_per_floor":[80,80,80,80,80,80,80,80,80,80,80,80,80,80,80,80,80,80,80,80,80,80,80,80,80,80,85,85,85,85,85,85,85,85,85,81,81,81,81,81,81,81,81,81,81,81,81,81,81,81,81,81,81,81,81],"card_choices":[{"not_picked":["Headbutt","Rage"],"picked":"Iron Wave","floor":1},{"not_picked":["Iron Wave","Cleave"],"picked":"Armaments","floor":3},{"not_picked":["Flex","Rage"],"picked":"Rampage","floor":4},{"not_picked":["True Grit","Clash"],"picked":"Dual Wield","floor":5},{"not_picked":["Sword Boomerang","Blood for Blood","Perfected Strike"],"picked":"SKIP","floor":7},{"not_picked":["Thunderclap","Hemokinesis"],"picked":"Shockwave","floor":10},{"not_picked":["Infernal Blade","Power Through"],"picked":"Iron Wave","floor":11},{"not_picked":["Pommel Strike","Sword Boomerang"],"picked":"Barricade","floor":14},{"not_picked":["Limit Break","Bludgeon"],"picked":"Double Tap","floor":16},{"not_picked":["Shrug It Off","Clash+1"],"picked":"Spot Weakness","floor":18},{"not_picked":["Iron Wave","Carnage+1"],"picked":"Dropkick","floor":20},{"not_picked":["Cleave","Perfected Strike"],"picked":"Whirlwind+1","floor":21},{"not_picked":["Thunderclap","Havoc+1","Intimidate"],"picked":"SKIP","floor":24},{"not_picked":["Hemokinesis","Clash","Perfected Strike"],"picked":"SKIP","floor":28},{"not_picked":["Bludgeon","Clothesline+1","Warcry+1"],"picked":"SKIP","floor":29},{"not_picked":["Headbutt+1","Cleave"],"picked":"Seeing Red+1","floor":31},{"not_picked":["Double Tap","Offering"],"picked":"Demon Form","floor":33},{"not_picked":["Rupture+1","Cleave"],"picked":"Battle Trance","floor":35},{"not_picked":["Havoc","Sword Boomerang"],"picked":"True Grit+1","floor":37},{"not_picked":["Second Wind+1","Anger"],"picked":"Iron Wave+1","floor":39},{"not_picked":["Dual Wield","Wild Strike"],"picked":"Juggernaut","floor":42},{"not_picked":["Armaments","Bludgeon","Body Slam"],"picked":"SKIP","floor":46},{"not_picked":["Iron Wave","Twin Strike+1","Dropkick+1"],"picked":"SKIP","floor":47},{"not_picked":["Sentinel","Reckless Charge+1"],"picked":"Fire Breathing","floor":54}],"player_experience":161239,"relics_obtained":[{"floor":7,"key":"Omamori"},{"floor":9,"key":"Happy Flower"},{"floor":10,"key":"Bag of Preparation"},{"floor":11,"key":"Odd Mushroom"},{"floor":13,"key":"Regal Pillow"},{"floor":24,"key":"Letter Opener"},{"floor":29,"key":"PreservedInsect"},{"floor":31,"key":"Anchor"},{"floor":42,"key":"MawBank"},{"floor":43,"key":"Centennial Puzzle"},{"floor":46,"key":"War Paint"},{"floor":54,"key":"Gremlin Horn"}],"event_choices":[{"damage_healed":0,"gold_gain":0,"player_choice":"Fought Mushrooms","damage_taken":0,"max_hp_gain":0,"max_hp_loss":0,"event_name":"Mushrooms","floor":11,"gold_loss":0},{"damage_healed":0,"gold_gain":0,"player_choice":"Shed Blood","damage_taken":20,"max_hp_gain":5,"max_hp_loss":0,"event_name":"Forgotten Altar","floor":27,"gold_loss":0},{"damage_healed":0,"gold_gain":0,"player_choice":"Max HP","damage_taken":0,"max_hp_gain":0,"max_hp_loss":4,"event_name":"Winding Halls","floor":36,"gold_loss":0},{"damage_healed":0,"gold_gain":0,"cards_transformed":["Strike_R"],"player_choice":"Transformed","damage_taken":0,"max_hp_gain":0,"max_hp_loss":0,"event_name":"Transmorgrifier","floor":38,"gold_loss":0,"cards_obtained":["Dropkick"]}],"is_beta":false,"boss_relics":[{"not_picked":["Busted Crown","Tiny House"],"picked":"Cursed Key"},{"not_picked":["White Beast Statue","Coffee Dripper"],"picked":"Mark of Pain"}],"items_purged_floors":[19,22,41],"is_endless":false,"potions_floor_spawned":[3,4,5,14,18,20,31,35,46,47],"ascension_level":2}