{"gold_per_floor":[113,126,126,46,62,62,77,95,95,18,18,77,88,105,105,200,200,218,218,218,232,242,242,270,270,270,280,296,309,309,323,323,428,428,445,77,77,88,99,99,118,118,143,143,143,143,169,189,189,189],"floor_reached":50,"playtime":3138,"items_purged":["Strike_R+1"],"score":538,"play_id":"85ae10d9-d7f6-4907-8bdd-f9f9bc73dc23","local_time":"20180726184659","is_ascension_mode":false,"campfire_choices":[{"data":"Blood for Blood","floor":6,"key":"SMITH"},{"floor":11,"key":"REST"},{"floor":15,"key":"REST"},{"floor":23,"key":"REST"},{"floor":25,"key":"REST"},{"data":"Bludgeon","floor":30,"key":"SMITH"},{"floor":32,"key":"REST"},{"floor":40,"key":"REST"},{"floor":42,"key":"REST"},{"floor":45,"key":"REST"},{"floor":49,"key":"REST"}],"neow_cost":"","seed_source_timestamp":551064673122228,"circlet_count":0,"master_deck":["Strike_R+1","Strike_R+1","Strike_R+1","Strike_R+1","Defend_R+1","Defend_R+1","Defend_R+1","Defend_R+1","Bash","Flame Barrier","Shockwave","Battle Trance","Blood for Blood+1","Cleave","Rage","Bloodletting","Sever Soul","Bloodletting","Pommel Strike","Shrug It Off","Heavy Blade","Bludgeon+1","Carnage","Seeing Red","Pommel Strike+1","Flex","Perfected Strike","Iron Wave","Carnage","Shockwave","Impervious","Seeing Red","Double Tap","Carnage","Madness","Madness","Flex+1","Evolve+1","Heavy Blade","Bludgeon+1","Doubt","Enlightenment","Madness","Madness","Spot Weakness+1","Headbutt+1","Battle Trance+1"],"relics":["Burning Blood","Dream Catcher","Strawberry","Snecko Eye","Bottled Lightning","Darkstone Periapt","Cursed Key","Happy Flower","Juzu Bracelet","Orichalcum","Boot"],"potions_floor_usage":[16,21,47,47,50,50,50],"damage_taken":[{"damage":10,"enemies":"Small Slimes","floor":1,"turns":4},{"damage":0,"enemies":"Cultist","floor":2,"turns":5},{"damage":8,"enemies":"Jaw Worm","floor":5,"turns":5},{"damage":5,"enemies":"2 Fungi Beasts","floor":7,"turns":5},{"damage":18,"enemies":"Exordium Thugs","floor":8,"turns":4},{"damage":17,"enemies":"Lagavulin Event","floor":12,"turns":6},{"damage":4,"enemies":"Red Slaver","floor":13,"turns":3},{"damage":5,"enemies":"Gremlin Gang","floor":14,"turns":3},{"damage":63,"enemies":"Hexaghost","floor":16,"turns":11},{"damage":0,"enemies":"Chosen","floor":18,"turns":3},{"damage":40,"enemies":"2 Thieves","floor":21,"turns":4},{"damage":3,"enemies":"3 Cultists","floor":22,"turns":4},{"damage":11,"enemies":"Gremlin Leader","floor":24,"turns":6},{"damage":20,"enemies":"Sentry and Sphere","floor":27,"turns":5},{"damage":3,"enemies":"Centurion and Healer","floor":28,"turns":3},{"damage":0,"enemies":"Slaver and Parasite","floor":29,"turns":2},{"damage":34,"enemies":"Snake Plant","floor":31,"turns":3},{"damage":60,"enemies":"Automaton","floor":33,"turns":8},{"damage":6,"enemies":"3 Shapes","floor":35,"turns":2},{"damage":0,"enemies":"Orb Walker","floor":38,"turns":3},{"damage":10,"enemies":"4 Shapes","floor":39,"turns":5},{"damage":35,"enemies":"Flame Bruiser 2 Orb","floor":41,"turns":4},{"damage":56,"enemies":"Giant Head","floor":47,"turns":7},{"damage":5,"enemies":"3 Darklings","floor":48,"turns":4},{"damage":61,"enemies":"Donu and Deca","floor":50,"turns":5}],"seed_played":"4943308754836614997","potions_obtained":[{"floor":1,"key":"Energy Potion"},{"floor":2,"key":"SteroidPotion"},{"floor":8,"key":"LiquidBronze"},{"floor":14,"key":"FearPotion"},{"floor":22,"key":"Explosive Potion"},{"floor":27,"key":"Strength Potion"},{"floor":35,"key":"FearPotion"},{"floor":47,"key":"SkillPotion"},{"floor":48,"key":"Dexterity Potion"}],"is_trial":false,"path_per_floor":["M","M","?","$","M","R","M","M","T","$","R","?","M","M","R","B",null,"M","?","$","M","M","R","E","R","T","M","M","M","R","M","R","B",null,"M","$","?","M","M","R","M","R","T","?","R","?","E","M","R"],"character_chosen":"IRONCLAD","items_purchased":["Battle Trance","Bloodletting","Happy Flower","Juzu Bracelet"],"campfire_rested":9,"item_purchase_floors":[4,10,36,36],"current_hp_per_floor":[76,80,80,80,78,78,79,67,67,67,80,76,78,79,87,30,87,87,87,87,53,56,82,77,87,87,73,76,82,82,54,80,26,87,87,87,76,82,78,87,58,84,90,90,93,83,33,34,61,0],"gold":189,"neow_bonus":"","is_prod":false,"is_daily":false,"chose_seed":false,"campfire_upgraded":2,"win_rate":0.0,"timestamp":1532623619,"path_taken":["M","M","?","$","M","R","M","M","T","$","R","?","M","?","R","BOSS","M","?","?","M","M","R","E","R","T","M","M","M","R","M","R","BOSS","M","$","?","M","M","R","M","R","T","?","R","?","E","M","R","BOSS"],"build_version":"2018-07-19v2","purchased_purges":1,"victory":false,"max_hp_per_floor":[80,80,80,80,80,80,80,80,80,80,80,87,87,87,87,87,87,87,87,87,87,87,87,87,87,87,87,87,87,87,87,87,87,87,87,87,87,87,87,87,87,87,93,93,93,93,93,93,93,93],"card_choices":[{"not_picked":["Reckless Charge","Sever Soul"],"picked":"Flame Barrier","floor":1},{"not_picked":["Rupture","Fire Breathing"],"picked":"Shockwave","floor":2},{"not_picked":["Power Through","Heavy Blade"],"picked":"Blood for Blood","floor":5},{"not_picked":["Pommel Strike","Wild Strike"],"picked":"Cleave","floor":7},{"not_picked":["Sword Boomerang","True Grit"],"picked":"Rage","floor":8},{"not_picked":["Rupture","Feel No Pain"],"picked":"Sever Soul","floor":11},{"not_picked":["Rupture","Wild Strike"],"picked":"Bloodletting","floor":12},{"not_picked":["Sever Soul","Disarm"],"picked":"Pommel Strike","floor":13},{"not_picked":["Shockwave","Anger"],"picked":"Shrug It Off","floor":14},{"not_picked":["Twin Strike","Clothesline"],"picked":"Heavy Blade","floor":15},{"not_picked":["Feed","Barricade"],"picked":"Bludgeon","floor":16},{"not_picked":["Cleave","Clash"],"picked":"Carnage","floor":18},{"not_picked":["Dual Wield","Pummel"],"picked":"Seeing Red","floor":21},{"not_picked":["Searing Blow","Warcry"],"picked":"Pommel Strike+1","floor":22},{"not_picked":["Pummel","Sword Boomerang+1"],"picked":"Flex","floor":23},{"not_picked":["Wild Strike","Clothesline"],"picked":"Perfected Strike","floor":24},{"not_picked":["Second Wind","Twin Strike"],"picked":"Iron Wave","floor":25},{"not_picked":["Warcry","Uppercut"],"picked":"Carnage","floor":27},{"not_picked":["Sentinel+1","Power Through","Iron Wave"],"picked":"SKIP","floor":28},{"not_picked":["True Grit","Dual Wield"],"picked":"Shockwave","floor":29},{"not_picked":["Ghostly Armor","Sever Soul"],"picked":"Impervious","floor":31},{"not_picked":["Headbutt","Dropkick+1"],"picked":"Seeing Red","floor":32},{"not_picked":["Offering","Feed"],"picked":"Double Tap","floor":33},{"not_picked":["Twin Strike","Reckless Charge+1"],"picked":"Carnage","floor":35},{"not_picked":["Anger+1","Sword Boomerang+1"],"picked":"Flex+1","floor":38},{"not_picked":["Thunderclap+1","Cleave"],"picked":"Evolve+1","floor":39},{"not_picked":["Twin Strike+1","Iron Wave+1"],"picked":"Heavy Blade","floor":41},{"not_picked":["Infernal Blade","Clash+1"],"picked":"Bludgeon","floor":42},{"not_picked":["Thinking Ahead","Good Instincts"],"picked":"Enlightenment","floor":46},{"not_picked":["Purity","Panacea"],"picked":"Madness","floor":46},{"not_picked":["Secret Weapon","Purity"],"picked":"Madness","floor":46},{"not_picked":["Dual Wield+1","Clash"],"picked":"Spot Weakness+1","floor":47},{"not_picked":["Dual Wield","Warcry"],"picked":"Headbutt+1","floor":48},{"not_picked":["Rupture+1","Evolve+1"],"picked":"Battle Trance+1","floor":49}],"player_experience":100987,"relics_obtained":[{"floor":9,"key":"Dream Catcher"},{"floor":12,"key":"Strawberry"},{"floor":24,"key":"Bottled Lightning"},{"floor":26,"key":"Darkstone Periapt"},{"floor":43,"key":"Orichalcum"},{"floor":47,"key":"Boot"}],"event_choices":[{"event_name":"Golden Wing","player_choice":"Ignored","floor":3,"damage_taken":0},{"event_name":"Dead Adventurer","player_choice":"Searched \u00272\u0027 times","floor":12,"damage_taken":0},{"event_name":"Back to Basics","player_choice":"Simplicity","floor":19,"damage_taken":0},{"event_name":"Winding Halls","player_choice":"Embrace Madness","floor":37,"damage_taken":0},{"event_name":"Upgrade Shrine","player_choice":"Upgraded","floor":44,"damage_taken":0},{"event_name":"SensoryStone","player_choice":"Memory 3","floor":46,"damage_taken":0}],"is_beta":false,"boss_relics":[{"not_picked":["Philosopher\u0027s Stone","Ectoplasm"],"picked":"Snecko Eye"},{"not_picked":["Mark of Pain","Eternal Feather"],"picked":"Cursed Key"}],"items_purged_floors":[36],"is_endless":false,"potions_floor_spawned":[1,2,8,14,22,27,29,31,33,35,38,47,48],"killed_by":"Donu and Deca","ascension_level":0}