{"gold_per_floor":[117,136,147,162,237,237,263,263,289,11,11,27,27,56,56,160,160,85,85,85,85,85],"floor_reached":22,"playtime":1168,"items_purged":["Strike_R"],"score":301,"play_id":"a28a8881-cbcb-4b6b-a13f-2a704b4fd7ff","local_time":"20190410225742","is_ascension_mode":true,"campfire_choices":[{"data":"Bash","floor":6,"key":"SMITH"},{"data":"Limit Break","floor":8,"key":"SMITH"},{"floor":11,"key":"REST"},{"floor":15,"key":"REST"}],"neow_cost":"NONE","seed_source_timestamp":38570361576664,"circlet_count":0,"master_deck":["AscendersBane","Strike_R","Strike_R","Strike_R","Strike_R","Defend_R","Defend_R+1","Defend_R+1","Defend_R","Bash+1","Limit Break+1","Shrug It Off","Headbutt","Flame Barrier","Inflame","Barricade","Offering","Whirlwind","Headbutt","Decay"],"relics":["Burning Blood","Bag of Marbles","Happy Flower","Sling","Regal Pillow","Ectoplasm"],"potions_floor_usage":[7,12],"damage_taken":[{"damage":6,"enemies":"Cultist","floor":1,"turns":4},{"damage":4,"enemies":"Jaw Worm","floor":2,"turns":4},{"damage":3,"enemies":"Small Slimes","floor":3,"turns":4},{"damage":12,"enemies":"3 Louse","floor":4,"turns":5},{"damage":39,"enemies":"Lagavulin","floor":7,"turns":7},{"damage":8,"enemies":"Blue Slaver","floor":12,"turns":5},{"damage":22,"enemies":"Gremlin Nob","floor":14,"turns":4},{"damage":47,"enemies":"The Guardian","floor":16,"turns":9},{"damage":30,"enemies":"2 Thieves","floor":18,"turns":5},{"damage":18,"enemies":"3 Byrds","floor":19,"turns":5},{"damage":41,"enemies":"Cultist and Chosen","floor":22,"turns":4}],"seed_played":"8599343956234381351","potions_obtained":[{"floor":4,"key":"AttackPotion"},{"floor":7,"key":"BloodPotion"},{"floor":14,"key":"FearPotion"},{"floor":16,"key":"PowerPotion"}],"is_trial":false,"path_per_floor":["M","M","M","M","?","R","E","R","T","$","R","M","?","E","R","B",null,"M","M","$","?","M"],"character_chosen":"IRONCLAD","items_purchased":["Sling"],"campfire_rested":2,"item_purchase_floors":[10],"current_hp_per_floor":[72,74,77,71,60,60,27,27,27,27,51,57,41,25,64,23,66,42,30,30,30,0],"gold":85,"neow_bonus":"ONE_RANDOM_RARE_CARD","is_prod":false,"is_daily":false,"chose_seed":false,"campfire_upgraded":2,"win_rate":0,"timestamp":1554929862,"path_taken":["M","M","M","?","?","R","E","R","T","$","R","M","?","E","R","BOSS","M","M","$","?","M"],"build_version":"2019-01-23","purchased_purges":1,"victory":false,"max_hp_per_floor":[80,80,80,80,80,80,80,80,80,80,80,80,80,80,80,80,80,80,80,80,80,80],"card_choices":[{"not_picked":["Pommel Strike","Combust"],"picked":"Shrug It Off","floor":1},{"not_picked":["Feel No Pain","True Grit"],"picked":"Headbutt","floor":2},{"not_picked":["True Grit","Clothesline","Entrench"],"picked":"SKIP","floor":3},{"not_picked":["Clash","Shockwave"],"picked":"Flame Barrier","floor":4},{"not_picked":["Dark Embrace","Anger"],"picked":"Inflame","floor":7},{"not_picked":["Clash","Twin Strike","Corruption"],"picked":"SKIP","floor":12},{"not_picked":["Sword Boomerang","Feel No Pain"],"picked":"Barricade","floor":14},{"not_picked":["Exhume","Impervious"],"picked":"Offering","floor":16},{"not_picked":["Inflame+1","Shrug It Off"],"picked":"Whirlwind","floor":18},{"not_picked":["Dropkick","Sword Boomerang"],"picked":"Headbutt","floor":19}],"player_experience":629191,"relics_obtained":[{"floor":7,"key":"Bag of Marbles"},{"floor":9,"key":"Happy Flower"},{"floor":14,"key":"Regal Pillow"}],"event_choices":[{"damage_healed":0,"gold_gain":75,"player_choice":"Gather Gold","damage_taken":11,"max_hp_gain":0,"max_hp_loss":0,"event_name":"World of Goop","floor":5,"gold_loss":0},{"damage_healed":0,"gold_gain":0,"player_choice":"Entered Light","damage_taken":16,"max_hp_gain":0,"max_hp_loss":0,"event_name":"Shining Light","floor":13,"gold_loss":0,"cards_upgraded":["Defend_R","Defend_R"]},{"damage_healed":0,"gold_gain":0,"player_choice":"Smashed Altar","damage_taken":0,"max_hp_gain":0,"max_hp_loss":0,"event_name":"Forgotten Altar","floor":21,"gold_loss":0,"cards_obtained":["Decay"]}],"is_beta":false,"boss_relics":[{"not_picked":["Tiny House","Runic Cube"],"picked":"Ectoplasm"}],"items_purged_floors":[10],"is_endless":false,"potions_floor_spawned":[4,7,14,16,18],"killed_by":"Cultist and Chosen","ascension_level":11}