{"gold_per_floor":[118,118,293,44,82,128,128,188,213,255,255,255,300,344,344,442,442,459,495,193,193,193,193,193,247,247,284,284],"floor_reached":28,"playtime":1882,"items_purged":["Doubt"],"score":246,"play_id":"16c86321-d3cb-46dc-a016-21c9cf6e8899","local_time":"20190228162858","is_ascension_mode":false,"campfire_choices":[{"data":"HandOfGreed","floor":7,"key":"SMITH"},{"data":"Consume","floor":11,"key":"SMITH"},{"data":"Beam Cell","floor":15,"key":"SMITH"},{"data":"Creative AI","floor":24,"key":"SMITH"}],"neow_cost":"NONE","seed_source_timestamp":1048742594641266,"circlet_count":0,"master_deck":["Strike_B+1","Strike_B+1","Defend_B","Zap","Dualcast","Sweeping Beam","Beam Cell+1","HandOfGreed+1","FTL","Sunder","Auto Shields","Consume+1","Conserve Battery","Conserve Battery","Creative AI+1","Leap+1","Cold Snap+1","Cold Snap+1","Streamline","Hello World+1","Genetic Algorithm","Static Discharge","Loop","Buffer"],"relics":["Cracked Core","Sundial","Anchor","Potion Belt","Dream Catcher","Astrolabe","Lantern","Oddly Smooth Stone","Pen Nib","Question Card"],"potions_floor_usage":[6,16,16],"damage_taken":[{"damage":0,"enemies":"Cultist","floor":1,"turns":3},{"damage":0,"enemies":"Small Slimes","floor":5,"turns":2},{"damage":12,"enemies":"3 Sentries","floor":6,"turns":5},{"damage":21,"enemies":"Lagavulin","floor":8,"turns":4},{"damage":0,"enemies":"Jaw Worm","floor":10,"turns":3},{"damage":0,"enemies":"Looter","floor":13,"turns":2},{"damage":0,"enemies":"Blue Slaver","floor":14,"turns":1},{"damage":27,"enemies":"Hexaghost","floor":16,"turns":11},{"damage":8,"enemies":"Shell Parasite","floor":18,"turns":22},{"damage":15,"enemies":"3 Byrds","floor":19,"turns":5},{"damage":35,"enemies":"Book of Stabbing","floor":25,"turns":7},{"damage":13,"enemies":"Shelled Parasite and Fungi","floor":27,"turns":5},{"damage":9,"enemies":"Slavers","floor":28,"turns":1}],"seed_played":"-2238885486072225036","potions_obtained":[{"floor":1,"key":"Explosive Potion"},{"floor":8,"key":"Fruit Juice"},{"floor":13,"key":"AttackPotion"},{"floor":25,"key":"Strength Potion"}],"is_trial":false,"path_per_floor":["M","T","?","$","M","E","R","E","T","M","R","?","M","M","R","B",null,"M","M","$","?","?","?","R","E","T","M","E"],"character_chosen":"DEFECT","items_purchased":["HandOfGreed","Lantern","Oddly Smooth Stone"],"campfire_rested":0,"item_purchase_floors":[4,20,20],"current_hp_per_floor":[75,75,75,75,75,63,63,42,42,42,42,27,27,27,27,5,80,72,57,57,57,57,57,57,22,22,9,0],"gold":284,"neow_bonus":"THREE_CARDS","is_prod":false,"is_daily":false,"chose_seed":false,"campfire_upgraded":4,"win_rate":0,"timestamp":1551367738,"path_taken":["M","?","?","$","M","E","R","E","T","M","R","?","M","M","R","BOSS","M","M","$","?","?","?","R","E","T","?","E"],"build_version":"2019-01-23","purchased_purges":1,"victory":false,"max_hp_per_floor":[75,75,75,75,75,75,75,75,75,75,75,75,75,75,75,80,80,80,80,80,80,80,80,80,80,80,80,80],"card_choices":[{"not_picked":["Beam Cell","Redo"],"picked":"Sweeping Beam","floor":0},{"not_picked":["Blizzard","Redo"],"picked":"Beam Cell","floor":1},{"not_picked":["Steam","Barrage"],"picked":"FTL","floor":5},{"not_picked":["Storm","Cold Snap"],"picked":"Sunder","floor":6},{"not_picked":["Tempest","Beam Cell"],"picked":"Auto Shields","floor":8},{"not_picked":["Beam Cell","Conserve Battery"],"picked":"Consume","floor":10},{"not_picked":["Thunder Strike","Sweeping Beam"],"picked":"Conserve Battery","floor":13},{"not_picked":["Redo","Stack"],"picked":"Conserve Battery","floor":14},{"not_picked":["Core Surge","Buffer"],"picked":"Creative AI","floor":16},{"not_picked":["Streamline","FTL","Sunder"],"picked":"SKIP","floor":18},{"not_picked":["FTL","Sunder"],"picked":"Streamline","floor":18},{"not_picked":["Beam Cell+1","Cold Snap"],"picked":"Hello World+1","floor":19},{"not_picked":["Beam Cell","Gash+1","Cold Snap"],"picked":"SKIP","floor":25},{"not_picked":["Go for the Eyes","Gash+1","Chaos"],"picked":"Buffer","floor":27}],"player_experience":242328,"relics_obtained":[{"floor":2,"key":"Sundial"},{"floor":6,"key":"Anchor"},{"floor":8,"key":"Potion Belt"},{"floor":9,"key":"Dream Catcher"},{"floor":25,"key":"Pen Nib"},{"floor":26,"key":"Question Card"}],"event_choices":[{"damage_healed":0,"gold_gain":175,"player_choice":"AGREE","damage_taken":0,"max_hp_gain":0,"max_hp_loss":0,"event_name":"Liars Game","floor":3,"gold_loss":0,"cards_obtained":["Doubt"]},{"damage_healed":0,"gold_gain":0,"player_choice":"Entered Light","damage_taken":15,"max_hp_gain":0,"max_hp_loss":0,"event_name":"Shining Light","floor":12,"gold_loss":0,"cards_upgraded":["Strike_B","Strike_B"]},{"damage_healed":0,"gold_gain":0,"player_choice":"Ignored","damage_taken":0,"max_hp_gain":0,"max_hp_loss":0,"event_name":"Ghosts","floor":21,"gold_loss":0},{"damage_healed":0,"gold_gain":0,"cards_transformed":["Strike_B","Defend_B"],"player_choice":"Became Test Subject","damage_taken":0,"max_hp_gain":0,"max_hp_loss":0,"event_name":"Drug Dealer","floor":22,"gold_loss":0,"cards_obtained":["Genetic Algorithm","Static Discharge"]},{"damage_healed":0,"gold_gain":0,"player_choice":"Read","damage_taken":0,"max_hp_gain":0,"max_hp_loss":0,"event_name":"The Library","floor":23,"gold_loss":0,"cards_obtained":["Loop"]}],"is_beta":false,"boss_relics":[{"not_picked":["Sozu","Busted Crown"],"picked":"Astrolabe"}],"items_purged_floors":[4],"is_endless":false,"potions_floor_spawned":[1,8,13,25],"killed_by":"Slavers","ascension_level":0}