{"gold_per_floor":[116,132,143,162,177,202,202,167,218,229,229,264,62,88,88,188,188,188,188,188,139,139,139,139,139,139,139,139,139,139,139,139,139,139,139,139,139,139,139],"floor_reached":39,"playtime":3080,"items_purged":["Defend_R"],"score":484,"play_id":"260a13d0-deea-4031-92d1-22a4a6ee6ba5","local_time":"20180704210413","is_ascension_mode":false,"campfire_choices":[{"data":"Rampage","floor":7,"key":"SMITH"},{"floor":11,"key":"REST"},{"floor":15,"key":"REST"},{"data":"Whirlwind","floor":24,"key":"SMITH"},{"floor":30,"key":"REST"},{"floor":32,"key":"REST"}],"neow_cost":"NONE","seed_source_timestamp":328558972060716,"circlet_count":0,"master_deck":["Defend_R","Defend_R","Defend_R","Bash","Iron Wave","Rampage+1","Iron Wave","Perfected Strike","Infernal Blade","Whirlwind+1","Flex","Feed","Barricade","Dual Wield","Necronomicurse","Flex","Double Tap","Headbutt","Bite","Bite","Bite+1","Bite","Metallicize","Impervious","Madness","Madness"],"relics":["Mark of Pain","Strawberry","Bronze Scales","Shuriken","Anchor","Ectoplasm","Smiling Mask","Necronomicon","Dream Catcher","Juzu Bracelet","Lantern","Oddly Smooth Stone","Tiny House"],"potions_floor_usage":[6,6,10,16,25,33,36,36,36,39],"damage_taken":[{"damage":5,"enemies":"Small Slimes","floor":1,"turns":3},{"damage":6,"enemies":"Cultist","floor":2,"turns":3},{"damage":1,"enemies":"2 Louse","floor":3,"turns":3},{"damage":15,"enemies":"Large Slime","floor":4,"turns":5},{"damage":8,"enemies":"2 Fungi Beasts","floor":5,"turns":3},{"damage":18,"enemies":"Lagavulin","floor":6,"turns":5},{"damage":6,"enemies":"Exordium Wildlife","floor":10,"turns":3},{"damage":22,"enemies":"Gremlin Nob","floor":12,"turns":5},{"damage":21,"enemies":"Lagavulin","floor":14,"turns":4},{"damage":50,"enemies":"Slime Boss","floor":16,"turns":10},{"damage":9,"enemies":"3 Byrds","floor":18,"turns":2},{"damage":8,"enemies":"Chosen","floor":22,"turns":4},{"damage":8,"enemies":"Gremlin Leader","floor":23,"turns":5},{"damage":5,"enemies":"Sentry and Sphere","floor":25,"turns":3},{"damage":20,"enemies":"Book of Stabbing","floor":27,"turns":3},{"damage":34,"enemies":"Gremlin Leader","floor":29,"turns":6},{"damage":0,"enemies":"Slaver and Parasite","floor":31,"turns":1},{"damage":57,"enemies":"Champ","floor":33,"turns":7},{"damage":39,"enemies":"3 Shapes","floor":35,"turns":2},{"damage":41,"enemies":"3 Darklings","floor":36,"turns":6},{"damage":23,"enemies":"Maw","floor":39,"turns":3}],"seed_played":"-409369206939138454","potions_obtained":[{"floor":3,"key":"SpeedPotion"},{"floor":5,"key":"Strength Potion"},{"floor":6,"key":"Energy Potion"},{"floor":12,"key":"Strength Potion"},{"floor":22,"key":"Fire Potion"},{"floor":29,"key":"BloodPotion"},{"floor":33,"key":"Regen Potion"},{"floor":34,"key":"AttackPotion"},{"floor":35,"key":"SkillPotion"},{"floor":36,"key":"GamblersBrew"}],"is_trial":false,"path_per_floor":["M","M","M","M","M","E","R","?","T","M","R","E","$","E","R","B",null,"M","T","?","$","M","E","R","M","T","E","?","E","R","M","R","B",null,"M","M","?","?"],"character_chosen":"IRONCLAD","items_purchased":["Whirlwind","Flex","Flex"],"campfire_rested":4,"item_purchase_floors":[13,13,21],"current_hp_per_floor":[75,69,68,53,45,34,34,55,55,49,75,53,53,32,58,11,90,81,81,65,65,57,61,61,56,56,39,39,19,38,38,57,17,73,34,19,19,10,0],"gold":139,"neow_bonus":"BOSS_RELIC","is_prod":false,"is_daily":false,"chose_seed":false,"campfire_upgraded":2,"win_rate":0.0,"timestamp":1530731053,"path_taken":["M","M","M","M","M","E","R","?","T","M","R","E","$","E","R","BOSS","M","?","?","?","M","E","R","M","T","E","?","E","R","M","R","BOSS","M","M","?","?","M"],"build_version":"2018-06-28","purchased_purges":1,"victory":false,"max_hp_per_floor":[80,80,80,80,80,87,87,87,87,87,87,87,87,87,87,90,90,90,90,90,90,90,90,90,90,90,93,65,65,65,65,65,68,73,73,73,73,73,73],"card_choices":[{"not_picked":["Sword Boomerang","Burning Pact","Shrug It Off"],"picked":"SKIP","floor":1},{"not_picked":["Thunderclap","Clash"],"picked":"Iron Wave","floor":2},{"not_picked":["Headbutt","Cleave"],"picked":"Rampage","floor":3},{"not_picked":["Cleave","Clash"],"picked":"Iron Wave","floor":4},{"not_picked":["Searing Blow","Blood for Blood","Seeing Red"],"picked":"SKIP","floor":5},{"not_picked":["Clothesline","True Grit"],"picked":"Perfected Strike","floor":6},{"not_picked":["Clothesline","Dual Wield"],"picked":"Infernal Blade","floor":10},{"not_picked":["Clothesline","Twin Strike","Burning Pact"],"picked":"SKIP","floor":12},{"not_picked":["Warcry","Dual Wield"],"picked":"Feed","floor":14},{"not_picked":["Fiend Fire","Brutality"],"picked":"Barricade","floor":16},{"not_picked":["True Grit","Twin Strike"],"picked":"Dual Wield","floor":18},{"not_picked":["Cleave+1","Sword Boomerang","Warcry"],"picked":"SKIP","floor":22},{"not_picked":["Shockwave","Rage+1","Rupture+1"],"picked":"SKIP","floor":23},{"not_picked":["Sword Boomerang","Body Slam"],"picked":"Double Tap","floor":25},{"not_picked":["Twin Strike","True Grit"],"picked":"Headbutt","floor":27},{"not_picked":["True Grit","Dark Embrace","Searing Blow"],"picked":"SKIP","floor":29},{"not_picked":["Clothesline","Shockwave"],"picked":"Metallicize","floor":31},{"not_picked":["Bludgeon","Berserk"],"picked":"Impervious","floor":33},{"not_picked":["Clash+1","Flex","Burning Pact"],"picked":"SKIP","floor":35},{"not_picked":["Thunderclap+1","Iron Wave","Spot Weakness+1"],"picked":"SKIP","floor":36}],"player_experience":40448,"relics_obtained":[{"floor":6,"key":"Strawberry"},{"floor":9,"key":"Bronze Scales"},{"floor":12,"key":"Shuriken"},{"floor":14,"key":"Anchor"},{"floor":19,"key":"Smiling Mask"},{"floor":20,"key":"Necronomicon"},{"floor":23,"key":"Dream Catcher"},{"floor":26,"key":"Juzu Bracelet"},{"floor":27,"key":"Lantern"},{"floor":29,"key":"Oddly Smooth Stone"}],"event_choices":[{"event_name":"The Cleric","player_choice":"Healed","floor":8,"damage_taken":0},{"event_name":"Cursed Tome","player_choice":"Obtained Book","floor":20,"damage_taken":0},{"event_name":"Vampires","player_choice":"Became a vampire","floor":28,"damage_taken":0},{"event_name":"Falling","player_choice":"Removed Attack","floor":37,"damage_taken":0},{"event_name":"Winding Halls","player_choice":"Embrace Madness","floor":38,"damage_taken":0}],"boss_relics":[{"not_picked":["Coffee Dripper","White Beast Statue"],"picked":"Ectoplasm"},{"not_picked":["Eternal Feather","Black Star"],"picked":"Tiny House"}],"items_purged_floors":[13],"is_endless":false,"potions_floor_spawned":[3,5,6,12,22,29,33,35,36],"killed_by":"Maw","ascension_level":0}