{"gold_per_floor":[208,144,256,372,487,487,124,124,237,347,460,410,90,90,202,202],"floor_reached":16,"playtime":1012,"items_purged":["Defend_R"],"score":1169,"play_id":"6fc6ce6f-5c9e-41de-acb4-fa4b281b94c0","local_time":"20190427233310","daily_mods":["CTS - Bronze Difficulty","CTS - Boss Rush","Uncertain Future"],"is_ascension_mode":false,"campfire_choices":[{"floor":8,"key":"REST"},{"data":"Bash","floor":14,"key":"SMITH"}],"neow_cost":"","seed_source_timestamp":0,"circlet_count":0,"master_deck":["Strike_R","Strike_R","Strike_R","Strike_R","Strike_R","Defend_R","Defend_R","Defend_R","Bash+1","Wild Strike+1","Iron Wave+1","Uppercut+1","Heavy Blade+1","Iron Wave+1","Inflame+1","Metallicize+1","Cleave+1","Reckless Charge+1","strawberrySpire:PowerStomp+1","strawberrySpire:PowerStomp+1"],"relics":["Burning Blood","The Courier","Molten Egg 2","Toxic Egg 2","Frozen Egg 2","Brimstone","hubris:Metronome","Self Forming Clay","Bronze Scales","Pantograph","Omamori","ReplayTheSpireMod:Lightbulb","hubris:GrandSneckoEye","hubris:CuriousFeather","Blood Vial","Regal Pillow","strawberrySpire:ElefentMask","energizedSpire:HugeHouse","Shuriken","Lantern"],"potions_floor_usage":[],"damage_taken":[{"damage":26,"enemies":"The Guardian","floor":3,"turns":5},{"damage":0,"enemies":"Slime Boss","floor":4,"turns":4},{"damage":54,"enemies":"Hexaghost","floor":5,"turns":3},{"damage":24,"enemies":"Automaton","floor":9,"turns":5},{"damage":21,"enemies":"Champ","floor":10,"turns":4},{"damage":20,"enemies":"Collector","floor":11,"turns":4},{"damage":57,"enemies":"Awakened One","floor":15,"turns":7},{"damage":66,"enemies":"Donu and Deca","floor":16,"turns":4}],"seed_played":"-8029481975802074208","potions_obtained":[{"floor":4,"key":"Elixir"},{"floor":9,"key":"SpeedPotion"},{"floor":10,"key":"LiquidBronze"},{"floor":11,"key":"Dexterity Potion"}],"is_trial":true,"path_per_floor":["$","$","M","M","M","T","$","R","M","M","M","T","$","R","M","M"],"character_chosen":"IRONCLAD","items_purchased":["Brimstone","hubris:Metronome","Heavy Blade+1","Wild Strike+1","Self Forming Clay","Bronze Scales","Iron Wave+1","Uppercut+1","Inflame+1","hubris:CuriousFeather","Metallicize+1","strawberrySpire:PowerStomp+1","Shuriken"],"campfire_rested":1,"item_purchase_floors":[1,1,1,1,1,1,1,2,7,7,7,13,13],"current_hp_per_floor":[80,80,60,80,32,32,32,56,62,65,66,66,66,66,24,0],"gold":202,"neow_bonus":"","is_prod":false,"is_daily":false,"chose_seed":false,"campfire_upgraded":1,"win_rate":0,"timestamp":1556400790,"path_taken":["$","$","M","M","M","T","$","R","M","M","M","T","$","R","M","M"],"build_version":"2019-01-23","purchased_purges":1,"victory":false,"max_hp_per_floor":[80,80,80,80,80,80,80,80,80,80,80,75,75,75,75,75],"card_choices":[{"not_picked":["Anger+1","jedi:suffering+1"],"picked":"Heavy Blade+1","floor":3},{"not_picked":["Seeing Red+1","Rampage+1"],"picked":"Iron Wave+1","floor":4},{"not_picked":["conspire:ExplosiveBarrier+1","Hemokinesis+1","Armaments+1"],"picked":"SKIP","floor":5},{"not_picked":["Pommel Strike+1","Iron Wave+1"],"picked":"Cleave+1","floor":9},{"not_picked":["Uppercut+1","strawberrySpire:PumpUp+1","Clash+1"],"picked":"SKIP","floor":10},{"not_picked":["jedi:controlledanger+1","Run Through+1","Pommel Strike+1"],"picked":"SKIP","floor":11},{"not_picked":["Sentinel+1","Infernal Blade+1"],"picked":"strawberrySpire:PowerStomp+1","floor":15}],"player_experience":446151,"relics_obtained":[{"floor":3,"key":"Pantograph"},{"floor":4,"key":"Omamori"},{"floor":5,"key":"ReplayTheSpireMod:Lightbulb"},{"floor":9,"key":"Blood Vial"},{"floor":10,"key":"Regal Pillow"},{"floor":11,"key":"strawberrySpire:ElefentMask"},{"floor":15,"key":"Lantern"}],"event_choices":[],"is_beta":false,"boss_relics":[{"not_picked":["Electric Blood","hubris:TerracottaHorce"],"picked":"hubris:GrandSneckoEye"},{"not_picked":["energizedSpire:RedRose","jedi:hotpepper"],"picked":"energizedSpire:HugeHouse"}],"items_purged_floors":[13],"is_endless":false,"potions_floor_spawned":[4,9,10,11],"killed_by":"Donu and Deca","ascension_level":0}