{"gold_per_floor":[113,125,39,39,4,37,37,37,37,37,49,79,79,95,95,95],"floor_reached":16,"playtime":831,"items_purged":[],"score":130,"play_id":"0e78b756-bec2-44a8-aeaa-4a5393ccda5c","local_time":"20181211182906","is_ascension_mode":true,"campfire_choices":[{"data":"Shockwave","floor":8,"key":"SMITH"},{"data":"Metallicize","floor":10,"key":"SMITH"},{"data":"Seeing Red","floor":13,"key":"SMITH"},{"floor":15,"key":"REST"}],"neow_cost":"NONE","seed_source_timestamp":101482066204784,"circlet_count":0,"master_deck":["Strike_R","Strike_R","Strike_R","Strike_R","Strike_R","Defend_R","Defend_R","Defend_R","Defend_R","Bash","True Grit","Shockwave+1","Shrug It Off","Metallicize+1","Clash","Power Through","Seeing Red+1"],"relics":["Burning Blood","NlothsMask","Pocketwatch","The Courier"],"potions_floor_usage":[16,16],"damage_taken":[{"damage":11,"enemies":"2 Louse","floor":1,"turns":3},{"damage":1,"enemies":"Cultist","floor":2,"turns":3},{"damage":26,"enemies":"Gremlin Nob","floor":6,"turns":5},{"damage":1,"enemies":"Jaw Worm","floor":11,"turns":4},{"damage":49,"enemies":"Lagavulin","floor":12,"turns":18},{"damage":11,"enemies":"3 Louse","floor":14,"turns":4},{"damage":60,"enemies":"The Guardian","floor":16,"turns":20}],"seed_played":"-4932486399031006335","potions_obtained":[{"floor":2,"key":"Swift Potion"},{"floor":14,"key":"Poison Potion"}],"is_trial":false,"path_per_floor":["M","M","$","?","$","E","$","R","T","R","M","E","R","M","R","B"],"character_chosen":"IRONCLAD","items_purchased":["Shockwave","Shrug It Off","Metallicize"],"campfire_rested":1,"item_purchase_floors":[3,3,5],"current_hp_per_floor":[83,88,88,88,88,68,68,68,68,68,73,30,30,25,51,0],"gold":95,"neow_bonus":"TEN_PERCENT_HP_BONUS","is_prod":false,"is_daily":false,"chose_seed":false,"campfire_upgraded":3,"win_rate":0,"timestamp":1544549346,"path_taken":["M","M","$","?","?","E","$","R","T","R","?","E","R","M","R","BOSS"],"build_version":"2018-12-06","purchased_purges":0,"victory":false,"max_hp_per_floor":[88,88,88,88,88,88,88,88,88,88,88,88,88,88,88,88],"card_choices":[{"not_picked":["Twin Strike","Perfected Strike","Sword Boomerang"],"picked":"SKIP","floor":1},{"not_picked":["Sever Soul","Flex"],"picked":"True Grit","floor":2},{"not_picked":["Sever Soul","Evolve"],"picked":"Clash","floor":6},{"not_picked":["Warcry","Havoc"],"picked":"Power Through","floor":11},{"not_picked":["Uppercut","Power Through"],"picked":"Seeing Red","floor":12},{"not_picked":["Warcry","Clothesline","Second Wind"],"picked":"SKIP","floor":14}],"player_experience":296073,"relics_obtained":[{"floor":6,"key":"Pocketwatch"},{"floor":12,"key":"The Courier"}],"event_choices":[{"damage_healed":0,"gold_gain":0,"player_choice":"Trade","damage_taken":0,"relics_obtained":["NlothsMask"],"max_hp_gain":0,"max_hp_loss":0,"event_name":"FaceTrader","floor":4,"gold_loss":0}],"is_beta":false,"boss_relics":[],"items_purged_floors":[],"is_endless":false,"potions_floor_spawned":[2,14],"killed_by":"The Guardian","ascension_level":4}