{"gold_per_floor":[109,109,123,140,140,140,153,165,243,277,287,287],"floor_reached":12,"playtime":789,"items_purged":[],"score":86,"play_id":"ebde5ed0-c34b-485a-bf24-a6c6a74b5d03","local_time":"20190414174135","is_ascension_mode":true,"campfire_choices":[{"data":"Rainbow","floor":6,"key":"SMITH"}],"neow_cost":"NONE","seed_source_timestamp":101316620093057,"circlet_count":0,"master_deck":["Strike_B","Strike_B","Strike_B","Strike_B","Defend_B","Defend_B","Defend_B","Defend_B","Zap","Dualcast","Rainbow+1","Cold Snap","Pain","Storm","BootSequence","Genetic Algorithm","Recycle","Fusion+1"],"relics":["Cracked Core","WarpedTongs","Toxic Egg 2","Bird Faced Urn"],"potions_floor_usage":[10,12],"damage_taken":[{"damage":1,"enemies":"Small Slimes","floor":1,"turns":4},{"damage":3,"enemies":"Cultist","floor":3,"turns":3},{"damage":2,"enemies":"2 Louse","floor":4,"turns":3},{"damage":8,"enemies":"Blue Slaver","floor":7,"turns":4},{"damage":31,"enemies":"Gremlin Gang","floor":8,"turns":5},{"damage":16,"enemies":"Lagavulin","floor":10,"turns":6},{"damage":2,"enemies":"Red Slaver","floor":11,"turns":4},{"damage":36,"enemies":"Gremlin Nob","floor":12,"turns":3}],"seed_played":"-2707645317147247736","potions_obtained":[{"floor":3,"key":"Dexterity Potion"},{"floor":8,"key":"Strength Potion"}],"is_trial":false,"path_per_floor":["M","?","M","M","?","R","M","M","T","E","M","E"],"character_chosen":"DEFECT","items_purchased":[],"campfire_rested":0,"item_purchase_floors":[],"current_hp_per_floor":[74,74,71,69,74,74,66,35,35,19,17,0],"gold":287,"neow_bonus":"ONE_RANDOM_RARE_CARD","is_prod":false,"is_daily":false,"chose_seed":false,"campfire_upgraded":1,"win_rate":0,"timestamp":1555256495,"path_taken":["M","?","?","M","?","R","M","M","T","E","M","E"],"build_version":"2019-01-23","purchased_purges":0,"victory":false,"max_hp_per_floor":[75,75,75,75,80,80,80,80,80,80,80,80],"card_choices":[{"not_picked":["Hologram","Turbo"],"picked":"Cold Snap","floor":1},{"not_picked":["Stack","Turbo"],"picked":"Storm","floor":3},{"not_picked":["Glacier","Steam"],"picked":"BootSequence","floor":4},{"not_picked":["Force Field","Hello World"],"picked":"Genetic Algorithm","floor":7},{"not_picked":["Steam","Streamline"],"picked":"Recycle","floor":8},{"not_picked":["Force Field+1","Tempest+1"],"picked":"Fusion+1","floor":10},{"not_picked":["Conserve Battery+1","Beam Cell","Cold Snap"],"picked":"SKIP","floor":11}],"player_experience":176844,"relics_obtained":[{"floor":9,"key":"Toxic Egg 2"},{"floor":10,"key":"Bird Faced Urn"}],"event_choices":[{"damage_healed":0,"gold_gain":0,"player_choice":"Rummage","damage_taken":0,"relics_obtained":["WarpedTongs"],"max_hp_gain":0,"max_hp_loss":0,"event_name":"Accursed Blacksmith","floor":2,"gold_loss":0,"cards_obtained":["Pain"]},{"damage_healed":0,"gold_gain":0,"player_choice":"Donut","damage_taken":0,"max_hp_gain":5,"max_hp_loss":0,"event_name":"Big Fish","floor":5,"gold_loss":0}],"is_beta":false,"boss_relics":[],"items_purged_floors":[],"is_endless":false,"potions_floor_spawned":[3,8],"killed_by":"Gremlin Nob","ascension_level":1}