{"gold_per_floor":[116,132,57,77,96,96,128,142,142,142,154,154,81,81,81,177,177,196,296,296,308,57,57,57,57,57,57,77,96,96,113,113,215,215,234,254,265,197,212,212,232,232,232,232,245,245,49,66,66,66],"floor_reached":50,"playtime":1113,"items_purged":["Defend_R","Defend_R","Writhe"],"score":446,"play_id":"7252c6b4-d8f0-4c19-b81f-ad13ced6a80a","local_time":"20190227145807","is_ascension_mode":false,"campfire_choices":[{"data":"Flex","floor":6.0,"key":"SMITH"},{"data":"Sword Boomerang","floor":12.0,"key":"SMITH"},{"data":"Bash","floor":15.0,"key":"SMITH"},{"floor":23.0,"key":"REST"},{"data":"Whirlwind","floor":25.0,"key":"SMITH"},{"data":"Limit Break","floor":32.0,"key":"SMITH"},{"data":"Flex","floor":40.0,"key":"SMITH"},{"data":"Iron Wave","floor":42.0,"key":"SMITH"},{"data":"Twin Strike","floor":44.0,"key":"SMITH"},{"data":"Double Tap","floor":49.0,"key":"SMITH"}],"neow_cost":"NONE","seed_source_timestamp":957575962259302,"circlet_count":0,"master_deck":["Strike_R","Strike_R","Strike_R","Strike_R","Strike_R","Bash+1","Perfected Strike+1","Cleave","Thunderclap","Flex+1","Sword Boomerang+1","Twin Strike+1","Whirlwind+1","Limit Break+1","Iron Wave+1","Shame","Flex+1","Heavy Blade+1","Flex+1","Shockwave+1","Clash+1","Reaper","Parasite","Double Tap+1"],"special_seed":0,"relics":["Burning Blood","Dream Catcher","Juzu Bracelet","Sozu","Gambling Chip","Dodecahedron","Pen Nib","Smiling Mask","Happy Flower","Matryoshka","Eternal Feather","Frozen Egg 2","Gremlin Horn","Centennial Puzzle"],"potions_floor_usage":[50,50],"damage_taken":[{"damage":11.0,"enemies":"Jaw Worm","floor":1.0,"turns":2.0},{"damage":6.0,"enemies":"Cultist","floor":2.0,"turns":3.0},{"damage":0.0,"enemies":"Small Slimes","floor":4.0,"turns":3.0},{"damage":6.0,"enemies":"3 Louse","floor":5.0,"turns":2.0},{"damage":18.0,"enemies":"3 Sentries","floor":7.0,"turns":3.0},{"damage":0.0,"enemies":"Large Slime","floor":8.0,"turns":4.0},{"damage":0.0,"enemies":"Lots of Slimes","floor":11.0,"turns":1.0},{"damage":66.0,"enemies":"Hexaghost","floor":16.0,"turns":7.0},{"damage":6.0,"enemies":"3 Byrds","floor":18.0,"turns":3.0},{"damage":9.0,"enemies":"Colosseum Slavers","floor":19.0,"turns":3.0},{"damage":39.0,"enemies":"Colosseum Nobs","floor":19.0,"turns":4.0},{"damage":10.0,"enemies":"Chosen","floor":21.0,"turns":3.0},{"damage":38.0,"enemies":"Centurion and Healer","floor":28.0,"turns":4.0},{"damage":8.0,"enemies":"Snecko","floor":29.0,"turns":3.0},{"damage":12.0,"enemies":"3 Cultists","floor":31.0,"turns":3.0},{"damage":25.0,"enemies":"Collector","floor":33.0,"turns":7.0},{"damage":9.0,"enemies":"3 Shapes","floor":35.0,"turns":2.0},{"damage":7.0,"enemies":"3 Darklings","floor":36.0,"turns":3.0},{"damage":32.0,"enemies":"Spire Growth","floor":37.0,"turns":3.0},{"damage":30.0,"enemies":"4 Shapes","floor":39.0,"turns":4.0},{"damage":10.0,"enemies":"Writhing Mass","floor":41.0,"turns":3.0},{"damage":21.0,"enemies":"Maw","floor":45.0,"turns":5.0},{"damage":9.0,"enemies":"Transient","floor":48.0,"turns":5.0},{"damage":88,"enemies":"Donu and Deca","floor":50,"turns":5}],"seed_played":"-3759272096404089958","potions_obtained":[{"floor":2.0,"key":"EssenceOfSteel"},{"floor":4.0,"key":"Explosive Potion"},{"floor":8.0,"key":"Swift Potion"},{"floor":11.0,"key":"GamblersBrew"}],"is_trial":false,"path_per_floor":["M","M","$","M","M","R","E","M","T","?","M","R","$","?","R","B",null,"M","?","?","M","$","R","?","R","T","?","M","M","?","M","R","B",null,"M","M","M","$","M","R","M","R","T","R","M","?","$","M","R","B"],"character_chosen":"IRONCLAD","items_purchased":["Whirlwind","Pen Nib","Reaper","Centennial Puzzle"],"campfire_rested":1,"item_purchase_floors":[13,22,38,47],"current_hp_per_floor":[75,75,75,80,80,80,68,74,74,74,80,80,80,80,80,20,80,80,44,44,40,40,64,80,80,80,80,48,46,46,40,40,21,80,77,76,50,50,42,54,50,62,62,74,65,65,65,77,80,0],"gold":66,"neow_bonus":"THREE_CARDS","is_prod":false,"is_daily":false,"chose_seed":false,"campfire_upgraded":9,"win_rate":0,"timestamp":1551275887,"path_taken":["M","M","$","M","M","R","E","M","T","?","M","R","$","?","R","BOSS","M","?","?","M","$","R","?","R","T","?","M","M","?","M","R","BOSS","M","M","M","$","M","R","M","R","T","R","M","?","$","M","R","BOSS"],"build_version":"2019-01-23","purchased_purges":3,"victory":false,"max_hp_per_floor":[80,80,80,80,80,80,80,80,80,80,80,80,80,80,80,80,80,80,80,80,80,80,80,80,80,80,80,80,80,80,80,80,80,80,80,80,80,80,80,80,80,80,80,80,80,80,80,80,80,80],"card_choices":[{"not_picked":["Havoc","True Grit"],"picked":"Perfected Strike","floor":0.0},{"not_picked":["Clothesline","Armaments"],"picked":"Cleave","floor":1.0},{"not_picked":["True Grit","Entrench"],"picked":"Thunderclap","floor":2.0},{"not_picked":["Disarm","Shockwave","Rupture"],"picked":"SKIP","floor":4.0},{"not_picked":["Metallicize","Combust"],"picked":"Flex","floor":5.0},{"not_picked":["Power Through","Hemokinesis","Entrench"],"picked":"SKIP","floor":7.0},{"not_picked":["Armaments","Dark Embrace"],"picked":"Sword Boomerang","floor":8.0},{"not_picked":["Rampage","Power Through"],"picked":"Twin Strike","floor":11.0},{"not_picked":["Brutality","Feed"],"picked":"Limit Break","floor":16.0},{"not_picked":["Whirlwind","Twin Strike","Warcry+1"],"picked":"SKIP","floor":18.0},{"not_picked":["Armaments","Rage","Metallicize"],"picked":"SKIP","floor":21.0},{"not_picked":["Flex","Reckless Charge+1"],"picked":"Iron Wave","floor":23.0},{"not_picked":["Twin Strike","Perfected Strike+1"],"picked":"Flex","floor":28.0},{"not_picked":["Bloodletting+1","Shrug It Off","Warcry+1"],"picked":"SKIP","floor":29.0},{"not_picked":["Battle Trance","Clothesline"],"picked":"Heavy Blade+1","floor":31.0},{"not_picked":["Clash+1","Twin Strike"],"picked":"Flex+1","floor":35.0},{"not_picked":["Shrug It Off","Inflame+1"],"picked":"Shockwave+1","floor":36.0},{"not_picked":["Bloodletting+1","Headbutt+1"],"picked":"Clash+1","floor":37.0},{"not_picked":["Headbutt","Flex","Armaments"],"picked":"SKIP","floor":39.0},{"not_picked":["Infernal Blade","Combust","Iron Wave"],"picked":"SKIP","floor":41.0},{"not_picked":["Wild Strike","Flex+1"],"picked":"Double Tap","floor":45.0},{"not_picked":["Twin Strike+1","Body Slam","Thunderclap"],"picked":"SKIP","floor":48.0}],"player_experience":235646,"relics_obtained":[{"floor":7.0,"key":"Dream Catcher"},{"floor":9.0,"key":"Juzu Bracelet"},{"floor":19.0,"key":"Gambling Chip"},{"floor":19.0,"key":"Dodecahedron"},{"floor":26.0,"key":"Smiling Mask"},{"floor":43.0,"key":"Frozen Egg 2"},{"floor":43.0,"key":"Gremlin Horn"}],"event_choices":[{"damage_healed":0.0,"max_hp_gain":0.0,"max_hp_loss":0.0,"gold_gain":0.0,"event_name":"Accursed Blacksmith","player_choice":"Forge","floor":10.0,"gold_loss":0.0,"damage_taken":0.0,"cards_upgraded":["Perfected Strike"]},{"cards_removed":["Defend_R"],"damage_healed":0.0,"max_hp_gain":0.0,"max_hp_loss":0.0,"gold_gain":0.0,"event_name":"Wheel of Change","player_choice":"Card Removal","floor":14.0,"gold_loss":0.0,"damage_taken":0.0},{"damage_healed":0.0,"max_hp_gain":0.0,"max_hp_loss":0.0,"gold_gain":0.0,"event_name":"Colosseum","player_choice":"Fight","floor":19.0,"gold_loss":0.0,"damage_taken":0.0},{"damage_healed":0.0,"max_hp_gain":0.0,"max_hp_loss":0.0,"gold_gain":0.0,"event_name":"Colosseum","player_choice":"Fought Nobs","floor":19.0,"gold_loss":0.0,"damage_taken":0.0},{"cards_removed":["Defend_R"],"damage_healed":0.0,"max_hp_gain":0.0,"max_hp_loss":0.0,"gold_gain":0.0,"event_name":"Back to Basics","player_choice":"Elegance","floor":20.0,"gold_loss":0.0,"damage_taken":0.0},{"damage_healed":26.0,"max_hp_gain":0.0,"max_hp_loss":0.0,"gold_gain":0.0,"event_name":"The Library","player_choice":"Heal","floor":24.0,"gold_loss":0.0,"damage_taken":0.0},{"damage_healed":0.0,"max_hp_gain":0.0,"max_hp_loss":0.0,"gold_gain":0.0,"event_name":"Addict","player_choice":"Stole Relic","floor":27.0,"gold_loss":0.0,"damage_taken":0.0,"relics_obtained":["Happy Flower"],"cards_obtained":["Shame"]},{"damage_healed":0.0,"max_hp_gain":0.0,"max_hp_loss":0.0,"gold_gain":0.0,"event_name":"The Mausoleum","player_choice":"Opened","floor":30.0,"gold_loss":0.0,"damage_taken":0.0,"relics_obtained":["Matryoshka"],"cards_obtained":["Writhe"]},{"damage_healed":0.0,"max_hp_gain":0.0,"max_hp_loss":0.0,"gold_gain":0.0,"event_name":"Tomb of Lord Red Mask","player_choice":"Ignored","floor":46.0,"gold_loss":0.0,"damage_taken":0.0}],"is_beta":false,"boss_relics":[{"not_picked":["Velvet Choker","Runic Cube"],"picked":"Sozu"},{"not_picked":["Fusion Hammer","Calling Bell"],"picked":"Eternal Feather"}],"items_purged_floors":[3,22,47],"is_endless":false,"potions_floor_spawned":[2,4,8,11,18,21,28,31,36,39,41,48],"killed_by":"Donu and Deca","ascension_level":0}