{"gold_per_floor":[216,236,1,15,29,55,55,116,116,132,132,152,187,187,187,284,284,296,306,306,322,322,322,355,355],"floor_reached":25,"playtime":1199,"items_purged":[],"score":300,"play_id":"45794556-a260-45d1-979f-9a043d48c270","local_time":"20190413121324","is_ascension_mode":true,"campfire_choices":[{"data":"Uppercut","floor":7,"key":"SMITH"},{"data":"True Grit","floor":11,"key":"SMITH"},{"data":"Heavy Blade","floor":15,"key":"SMITH"},{"floor":23,"key":"REST"}],"neow_cost":"NONE","seed_source_timestamp":8867049268090,"circlet_count":0,"master_deck":["Strike_R+1","Strike_R","Strike_R+1","Strike_R","Strike_R","Defend_R","Defend_R","Defend_R","Defend_R","Bash","Inflame","Uppercut+1","Metallicize","Armaments","Twin Strike","True Grit+1","Power Through","Heavy Blade+1","Demon Form","Second Wind","Shrug It Off"],"relics":["Burning Blood","Membership Card","Whetstone","Red Skull","Odd Mushroom","Question Card","Bag of Marbles","Mark of Pain","Paper Frog"],"potions_floor_usage":[6,24],"damage_taken":[{"damage":7,"enemies":"Jaw Worm","floor":1,"turns":3},{"damage":5,"enemies":"2 Louse","floor":2,"turns":3},{"damage":5,"enemies":"Small Slimes","floor":4,"turns":3},{"damage":11,"enemies":"Gremlin Gang","floor":5,"turns":8},{"damage":19,"enemies":"Lagavulin","floor":6,"turns":7},{"damage":19,"enemies":"Exordium Wildlife","floor":10,"turns":4},{"damage":18,"enemies":"The Mushroom Lair","floor":12,"turns":5},{"damage":14,"enemies":"3 Sentries","floor":13,"turns":7},{"damage":8,"enemies":"Slime Boss","floor":16,"turns":5},{"damage":27,"enemies":"Shell Parasite","floor":18,"turns":5},{"damage":28,"enemies":"2 Thieves","floor":19,"turns":4},{"damage":5,"enemies":"Centurion and Healer","floor":21,"turns":6},{"damage":29,"enemies":"Book of Stabbing","floor":24,"turns":4},{"damage":14,"enemies":"Shelled Parasite and Fungi","floor":25,"turns":2}],"seed_played":"8961384980154731658","potions_obtained":[{"floor":1,"key":"Poison Potion"},{"floor":4,"key":"SpeedPotion"},{"floor":12,"key":"SteroidPotion"},{"floor":13,"key":"SpeedPotion"},{"floor":19,"key":"Energy Potion"}],"is_trial":false,"path_per_floor":["M","M","$","M","M","E","R","?","T","M","R","?","E","T","R","B",null,"M","M","?","M","?","R","E","M"],"character_chosen":"IRONCLAD","items_purchased":["Membership Card","Metallicize"],"campfire_rested":1,"item_purchase_floors":[3,3],"current_hp_per_floor":[71,72,72,73,68,55,55,55,55,42,42,30,22,22,22,20,65,44,22,22,23,8,33,10,0],"gold":355,"neow_bonus":"HUNDRED_GOLD","is_prod":false,"is_daily":false,"chose_seed":false,"campfire_upgraded":3,"win_rate":0,"timestamp":1555150404,"path_taken":["M","M","$","M","M","E","R","?","T","M","R","?","E","?","R","BOSS","M","M","?","?","?","R","E","M"],"build_version":"2019-01-23","purchased_purges":0,"victory":false,"max_hp_per_floor":[80,80,80,80,80,80,80,80,80,80,80,80,80,80,80,80,80,80,80,80,80,85,85,85,85],"card_choices":[{"not_picked":["Burning Pact","Flex"],"picked":"Inflame","floor":1},{"not_picked":["Entrench","Flex"],"picked":"Uppercut","floor":2},{"not_picked":["Fire Breathing","Pummel"],"picked":"Armaments","floor":4},{"not_picked":["Thunderclap","Pommel Strike","Twin Strike"],"picked":"SKIP","floor":5},{"not_picked":["Thunderclap","Pommel Strike"],"picked":"Twin Strike","floor":5},{"not_picked":["Armaments","Rage"],"picked":"True Grit","floor":6},{"not_picked":["Flex","Perfected Strike"],"picked":"Power Through","floor":10},{"not_picked":["Havoc","Bludgeon"],"picked":"Heavy Blade","floor":13},{"not_picked":["Exhume","Dark Embrace","Impervious"],"picked":"Demon Form","floor":16},{"not_picked":["True Grit","Flex","Intimidate+1"],"picked":"Second Wind","floor":18},{"not_picked":["Headbutt+1","Body Slam","Second Wind"],"picked":"Shrug It Off","floor":19},{"not_picked":["Iron Wave","Metallicize","Heavy Blade","Perfected Strike"],"picked":"SKIP","floor":21},{"not_picked":["Armaments","Dropkick","Hemokinesis","Pommel Strike+1"],"picked":"SKIP","floor":24}],"player_experience":292118,"relics_obtained":[{"floor":6,"key":"Whetstone"},{"floor":9,"key":"Red Skull"},{"floor":12,"key":"Odd Mushroom"},{"floor":13,"key":"Question Card"},{"floor":14,"key":"Bag of Marbles"},{"floor":24,"key":"Paper Frog"}],"event_choices":[{"damage_healed":0,"gold_gain":61,"player_choice":"Gained Gold","damage_taken":0,"max_hp_gain":0,"max_hp_loss":0,"event_name":"Golden Wing","floor":8,"gold_loss":0},{"damage_healed":0,"gold_gain":0,"player_choice":"Fought Mushrooms","damage_taken":0,"max_hp_gain":0,"max_hp_loss":0,"event_name":"Mushrooms","floor":12,"gold_loss":0},{"damage_healed":0,"gold_gain":0,"player_choice":"Got Potions","damage_taken":0,"max_hp_gain":0,"max_hp_loss":0,"event_name":"Lab","floor":20,"gold_loss":0},{"damage_healed":0,"gold_gain":0,"player_choice":"Shed Blood","damage_taken":20,"max_hp_gain":5,"max_hp_loss":0,"event_name":"Forgotten Altar","floor":22,"gold_loss":0}],"is_beta":false,"boss_relics":[{"not_picked":["Cursed Key","Pandora\u0027s Box"],"picked":"Mark of Pain"}],"items_purged_floors":[],"is_endless":false,"potions_floor_spawned":[1,4,12,13,18,19],"killed_by":"Shelled Parasite and Fungi","ascension_level":6}