{"gold_per_floor":[112,124,53,73,148,148,158,158,158,27,27,27,27,42,42,173,173,192,207,207,207,220,220,235,235,235,250,250,274,313,20,20,139,139,158,221,244,263,282,282,42,42,42,83,8,33,33,67,67,67],"floor_reached":51,"playtime":4342,"items_purged":["Bite"],"score":692,"play_id":"e90d1fa8-076c-4be5-9636-cfb8ab5d7e11","local_time":"20180714175716","is_ascension_mode":false,"campfire_choices":[{"data":"Infinite Blades","floor":6.0,"key":"SMITH"},{"data":"Tools of the Trade","floor":8.0,"key":"SMITH"},{"data":"Accuracy","floor":11.0,"key":"SMITH"},{"floor":13.0,"key":"REST"},{"data":"Accuracy","floor":15.0,"key":"SMITH"},{"data":"Distraction","floor":23.0,"key":"SMITH"},{"data":"Blade Dance","floor":25.0,"key":"SMITH"},{"data":"Choke","floor":28.0,"key":"SMITH"},{"floor":32.0,"key":"REST"},{"data":"Neutralize","floor":40,"key":"SMITH"},{"floor":42,"key":"REST"},{"data":"Bite","floor":47,"key":"SMITH"},{"floor":49,"key":"REST"}],"neow_cost":"NONE","seed_source_timestamp":278025975883400,"circlet_count":0,"master_deck":["Defend_G","Defend_G","Defend_G","Defend_G","Defend_G","Survivor","Neutralize+1","Tools of the Trade+1","Infinite Blades+1","Distraction+1","Blade Dance+1","Accuracy+1","Cloak And Dagger+1","Accuracy+1","Bullet Time+1","Infinite Blades+1","Bite+1","Bite","Bite","Bite","Terror+1","Choke+1","Blade Dance+1","Outmaneuver+1","Phantasmal Killer+1","Distraction+1"],"special_seed":0,"relics":["Ring of the Snake","Toxic Egg 2","Golden Idol","Lizard Tail","Happy Flower","Darkstone Periapt","Shuriken","Runic Pyramid","Torii","Ninja Scroll","Juzu Bracelet","The Specimen","Bottled Flame"],"potions_floor_usage":[38,39,48,50,50],"damage_taken":[{"damage":0.0,"enemies":"Jaw Worm","floor":1.0,"turns":5.0},{"damage":2.0,"enemies":"Small Slimes","floor":2.0,"turns":4.0},{"damage":1.0,"enemies":"Cultist","floor":4.0,"turns":5.0},{"damage":1.0,"enemies":"Blue Slaver","floor":7.0,"turns":4.0},{"damage":0.0,"enemies":"Large Slime","floor":14.0,"turns":4.0},{"damage":17.0,"enemies":"Hexaghost","floor":16.0,"turns":5.0},{"damage":8.0,"enemies":"Shell Parasite","floor":18.0,"turns":7.0},{"damage":7.0,"enemies":"Chosen","floor":19.0,"turns":6.0},{"damage":17.0,"enemies":"Centurion and Healer","floor":22.0,"turns":6.0},{"damage":0.0,"enemies":"Sentry and Sphere","floor":24.0,"turns":3.0},{"damage":9.0,"enemies":"Snecko","floor":27.0,"turns":3.0},{"damage":8.0,"enemies":"Centurion and Healer","floor":29.0,"turns":3.0},{"damage":28.0,"enemies":"Slavers","floor":30.0,"turns":5.0},{"damage":18.0,"enemies":"Champ","floor":33.0,"turns":5.0},{"damage":7.0,"enemies":"3 Darklings","floor":35.0,"turns":3.0},{"damage":5.0,"floor":36.0,"turns":4.0},{"damage":1.0,"enemies":"Orb Walker","floor":37.0,"turns":2.0},{"damage":15,"enemies":"Transient","floor":38,"turns":5},{"damage":15,"enemies":"Flame Bruiser 2 Orb","floor":39,"turns":2},{"damage":9,"enemies":"Giant Head","floor":44,"turns":5},{"damage":11,"enemies":"3 Darklings","floor":46,"turns":4},{"damage":28,"enemies":"Nemesis","floor":48,"turns":5},{"damage":91,"enemies":"Donu and Deca","floor":50,"turns":7}],"seed_played":"2632981430158414759","potions_obtained":[{"floor":2.0,"key":"AttackPotion"},{"floor":4.0,"key":"SteroidPotion"},{"floor":14.0,"key":"FearPotion"},{"floor":16.0,"key":"Explosive Potion"},{"floor":19.0,"key":"Swift Potion"},{"floor":22.0,"key":"SpeedPotion"},{"floor":30.0,"key":"Explosive Potion"},{"floor":36.0,"key":"Regen Potion"},{"floor":38,"key":"GhostInAJar"},{"floor":39,"key":"Ancient Potion"},{"floor":46,"key":"SpeedPotion"},{"floor":48,"key":"GamblersBrew"}],"is_trial":false,"path_per_floor":["M","M","$","M","?","R","M","R","T","$","R","?","R","M","R","B",null,"M","M","?","?","M","R","M","R","T","M","R","M","E","$","R","B",null,"M","?","M","M","M","R","$","R","T","E","$","M","R","E","R","B"],"character_chosen":"THE_SILENT","items_purchased":["Distraction","Accuracy","Cloak And Dagger+1","Shuriken","SpeedPotion","Ninja Scroll"],"campfire_rested":4,"item_purchase_floors":[3,10,10,31,31,41],"current_hp_per_floor":[70,68,68,67,56,56,55,55,55,55,55,38,59,59,59,42,70,62,55,55,49,40,40,46,46,46,39,39,35,13,13,27,13,49,46,47,48,45,30,30,30,44,44,43,43,40,40,21,35,10],"gold":67,"neow_bonus":"ONE_RANDOM_RARE_CARD","is_prod":false,"is_daily":false,"chose_seed":false,"campfire_upgraded":9,"win_rate":0,"timestamp":1531583836,"path_taken":["M","M","$","M","?","R","?","R","T","$","R","?","R","M","R","BOSS","M","M","?","?","M","R","M","R","T","M","R","M","E","$","R","BOSS","M","?","M","M","M","R","?","R","T","E","$","M","R","E","R","BOSS"],"build_version":"2018-07-12","purchased_purges":1,"victory":true,"max_hp_per_floor":[70,70,70,70,70,70,70,70,70,70,70,70,70,70,70,70,70,70,70,70,49,49,49,49,49,49,49,49,49,49,49,49,49,49,49,49,49,49,49,49,49,49,49,49,49,49,49,49,49,49],"card_choices":[{"not_picked":["Sucker Punch","Acrobatics"],"picked":"Infinite Blades","floor":1.0},{"not_picked":["Well Laid Plans","Masterful Stab","Sucker Punch"],"picked":"SKIP","floor":2.0},{"not_picked":["Eviscerate","Dodge and Roll"],"picked":"Blade Dance","floor":4.0},{"not_picked":["Escape Plan","Skewer","Acrobatics"],"picked":"SKIP","floor":7.0},{"not_picked":["Corpse Explosion+1","Deadly Poison+1"],"picked":"Accuracy","floor":14.0},{"not_picked":["Die Die Die","Glass Knife"],"picked":"Bullet Time+1","floor":16.0},{"not_picked":["Quick Slash+1","Deadly Poison+1"],"picked":"Infinite Blades+1","floor":18.0},{"not_picked":["Skewer","Crippling Poison+1","Underhanded Strike"],"picked":"SKIP","floor":19.0},{"not_picked":["Poisoned Stab","Dagger Throw","Calculated Gamble+1"],"picked":"SKIP","floor":22.0},{"not_picked":["Poisoned Stab","Skewer+1"],"picked":"Terror+1","floor":24.0},{"not_picked":["Masterful Stab","Flechettes+1"],"picked":"Choke","floor":27.0},{"not_picked":["Deadly Poison+1","Quick Slash"],"picked":"Blade Dance+1","floor":29.0},{"not_picked":["Masterful Stab","Bane"],"picked":"Outmaneuver+1","floor":30.0},{"not_picked":["Die Die Die","Glass Knife"],"picked":"Phantasmal Killer+1","floor":33.0},{"not_picked":["Dagger Spray+1","Quick Slash","Backflip+1"],"picked":"SKIP","floor":35.0},{"not_picked":["Calculated Gamble+1","Acrobatics+1"],"picked":"Distraction+1","floor":37.0},{"not_picked":["Eviscerate","Burst+1","Well Laid Plans+1"],"picked":"SKIP","floor":38},{"not_picked":["Slice","Blur+1","Dagger Throw+1"],"picked":"SKIP","floor":39},{"not_picked":["All Out Attack+1","Outmaneuver+1","Flechettes"],"picked":"SKIP","floor":44},{"not_picked":["Caltrops+1","Distraction+1","Prepared+1"],"picked":"SKIP","floor":46},{"not_picked":["Bane+1","Masterful Stab+1","Catalyst+1"],"picked":"SKIP","floor":48}],"player_experience":55953,"relics_obtained":[{"floor":9.0,"key":"Toxic Egg 2"},{"floor":26.0,"key":"Happy Flower"},{"floor":30.0,"key":"Darkstone Periapt"},{"floor":36.0,"key":"Torii"},{"floor":43,"key":"Juzu Bracelet"},{"floor":44,"key":"The Specimen"},{"floor":48,"key":"Bottled Flame"}],"event_choices":[{"event_name":"World of Goop","player_choice":"Gather Gold","floor":5.0,"damage_taken":0.0},{"event_name":"Golden Idol","player_choice":"Take Damage","floor":12.0,"damage_taken":0.0},{"event_name":"Drug Dealer","player_choice":"Ignored","floor":20.0,"damage_taken":0.0},{"event_name":"Vampires","player_choice":"Became a vampire","floor":21.0,"damage_taken":0.0},{"event_name":"Mysterious Sphere","player_choice":"Fight","floor":36.0,"damage_taken":0.0}],"boss_relics":[{"not_picked":["Busted Crown","Sozu"],"picked":"Lizard Tail"},{"not_picked":["Astrolabe","White Beast Statue"],"picked":"Runic Pyramid"}],"items_purged_floors":[45],"is_endless":false,"potions_floor_spawned":[2,4,14,16,19,22,30,33,36,38,39,46,48],"ascension_level":0}