{"gold_per_floor":[115,133,148,148,161,191,191,204,204,216,216,216,226,241,241,241],"floor_reached":16,"playtime":313,"items_purged":[],"score":106,"play_id":"51e71d78-6d52-40c0-bb24-3ddfdf67b540","local_time":"20190227142451","is_ascension_mode":false,"campfire_choices":[{"data":"Perfected Strike","floor":7.0,"key":"SMITH"},{"data":"Carnage","floor":11.0,"key":"SMITH"},{"data":"Twin Strike","floor":15,"key":"SMITH"}],"neow_cost":"NONE","seed_source_timestamp":956439697652887,"circlet_count":0,"master_deck":["Strike_R","Strike_R","Strike_R","Strike_R","Strike_R","Defend_R","Defend_R","Defend_R","Bash","Perfected Strike+1","Carnage+1","Sever Soul","Twin Strike+1","Heavy Blade"],"special_seed":0,"relics":["Burning Blood","NeowsBlessing","Anchor","Gremlin Horn"],"potions_floor_usage":[16,16],"damage_taken":[{"damage":0.0,"enemies":"Cultist","floor":1.0,"turns":1.0},{"damage":0.0,"enemies":"2 Louse","floor":2.0,"turns":1.0},{"damage":0.0,"enemies":"Small Slimes","floor":3.0,"turns":1.0},{"damage":20.0,"enemies":"Gremlin Gang","floor":5.0,"turns":5.0},{"damage":30.0,"enemies":"3 Sentries","floor":6.0,"turns":7.0},{"damage":3.0,"enemies":"Red Slaver","floor":8.0,"turns":2.0},{"damage":18.0,"enemies":"Exordium Thugs","floor":10.0,"turns":3.0},{"damage":0.0,"enemies":"3 Louse","floor":13.0,"turns":2.0},{"damage":0.0,"enemies":"Large Slime","floor":14.0,"turns":2.0},{"damage":50,"enemies":"Hexaghost","floor":16,"turns":7}],"seed_played":"2617595754915424839","potions_obtained":[{"floor":2.0,"key":"Energy Potion"},{"floor":6.0,"key":"SkillPotion"},{"floor":10.0,"key":"LiquidBronze"}],"is_trial":false,"path_per_floor":["M","M","M","?","M","E","R","M","T","M","R","?","M","M","R","B"],"character_chosen":"IRONCLAD","items_purchased":[],"campfire_rested":0,"item_purchase_floors":[],"current_hp_per_floor":[80,80,80,80,66,42,42,45,45,33,33,33,39,45,45,0],"gold":241,"neow_bonus":"THREE_ENEMY_KILL","is_prod":false,"is_daily":false,"chose_seed":false,"campfire_upgraded":3,"win_rate":0,"timestamp":1551273891,"path_taken":["M","M","?","?","M","E","R","M","T","M","R","?","?","M","R","BOSS"],"build_version":"2019-01-23","purchased_purges":0,"victory":false,"max_hp_per_floor":[80,80,80,80,80,80,80,80,80,80,80,80,80,80,80,80],"card_choices":[{"not_picked":["Iron Wave","Clothesline","Shockwave"],"picked":"SKIP","floor":1.0},{"not_picked":["Burning Pact","Headbutt","Havoc"],"picked":"SKIP","floor":2.0},{"not_picked":["Wild Strike","Iron Wave"],"picked":"Perfected Strike","floor":3.0},{"not_picked":["Twin Strike","Clash"],"picked":"Carnage","floor":5.0},{"not_picked":["Evolve","Entrench","Corruption"],"picked":"SKIP","floor":6.0},{"not_picked":["Armaments","Fiend Fire"],"picked":"Sever Soul","floor":8.0},{"not_picked":["Pommel Strike","Disarm","Reckless Charge"],"picked":"SKIP","floor":10.0},{"not_picked":["Uppercut","Shrug It Off","Clash"],"picked":"SKIP","floor":13.0},{"not_picked":["Armaments","Pommel Strike"],"picked":"Heavy Blade","floor":14.0}],"player_experience":234581,"relics_obtained":[{"floor":6.0,"key":"Anchor"},{"floor":9.0,"key":"Gremlin Horn"}],"event_choices":[{"cards_removed":["Defend_R"],"damage_healed":0.0,"max_hp_gain":0.0,"max_hp_loss":0.0,"gold_gain":0.0,"event_name":"Living Wall","player_choice":"Forget","floor":4.0,"gold_loss":0.0,"damage_taken":0.0},{"damage_healed":0.0,"max_hp_gain":0.0,"max_hp_loss":0.0,"gold_gain":0.0,"event_name":"Match and Keep!","player_choice":"1 cards matched","floor":12.0,"gold_loss":0.0,"damage_taken":0.0,"cards_obtained":["Twin Strike"]}],"is_beta":false,"boss_relics":[],"items_purged_floors":[],"is_endless":false,"potions_floor_spawned":[2,6,10,13,14],"killed_by":"Hexaghost","ascension_level":0}