{"gold_per_floor":[114,64,64,83,96,125,125,160,210,224,242,242,256,276,276,373,373,373,373,298,298,298,298,223,223,223,223,223,223,223,223,223,223],"floor_reached":33,"playtime":4089,"items_purged":["Defend_R"],"score":415,"play_id":"67d61280-ca30-468c-8806-39c17f59f209","local_time":"20190106165402","is_ascension_mode":true,"campfire_choices":[{"data":"Armaments","floor":7,"key":"SMITH"},{"data":"Armaments","floor":12,"key":"SMITH"},{"floor":15,"key":"RECALL"},{"floor":23,"key":"REST"},{"data":"Whirlwind","floor":28,"key":"SMITH"},{"data":"Offering","floor":30,"key":"SMITH"},{"data":"Searing Blow+1","floor":32,"key":"SMITH"}],"neow_cost":"NONE","seed_source_timestamp":5109223050513,"circlet_count":0,"master_deck":["Strike_R","Strike_R","Defend_R","Defend_R","Defend_R","Bash","Disarm","Armaments+1","Warcry","Body Slam","Reaper","Armaments+1","Cleave","Offering+1","Battle Trance+1","Infernal Blade","Pommel Strike","Flex+1","Whirlwind+1","Searing Blow+2","Metallicize"],"relics":["Burning Blood","Kunai","Red Skull","Regal Pillow","Ectoplasm","Bottled Lightning","Calipers","Sundial","Boot"],"potions_floor_usage":[6,16,16,16,29,33,33],"damage_taken":[{"damage":1,"enemies":"Small Slimes","floor":1,"turns":4},{"damage":2,"enemies":"Jaw Worm","floor":4,"turns":7},{"damage":3,"enemies":"Cultist","floor":5,"turns":5},{"damage":45,"enemies":"3 Sentries","floor":6,"turns":15},{"damage":33,"enemies":"Lagavulin","floor":8,"turns":8},{"damage":7,"enemies":"Looter","floor":10,"turns":4},{"damage":8,"enemies":"2 Fungi Beasts","floor":11,"turns":4},{"damage":9,"enemies":"Blue Slaver","floor":13,"turns":6},{"damage":11,"enemies":"Large Slime","floor":14,"turns":8},{"damage":67,"enemies":"Slime Boss","floor":16,"turns":16},{"damage":24,"enemies":"3 Byrds","floor":18,"turns":7},{"damage":6,"enemies":"Shell Parasite","floor":19,"turns":4},{"damage":6,"enemies":"Centurion and Healer","floor":21,"turns":5},{"damage":36,"enemies":"Sentry and Sphere","floor":22,"turns":4},{"damage":6,"enemies":"Chosen and Byrds","floor":25,"turns":4},{"damage":23,"enemies":"Slavers","floor":27,"turns":4},{"damage":37,"enemies":"Gremlin Leader","floor":29,"turns":6},{"damage":16,"enemies":"Slavers","floor":31,"turns":2},{"damage":83,"enemies":"Collector","floor":33,"turns":5}],"seed_played":"-5262554121077097350","potions_obtained":[{"floor":5,"key":"SpeedPotion"},{"floor":8,"key":"GamblersBrew"},{"floor":10,"key":"Weak Potion"},{"floor":11,"key":"Dexterity Potion"},{"floor":13,"key":"EssenceOfSteel"},{"floor":19,"key":"Poison Potion"},{"floor":22,"key":"Block Potion"},{"floor":31,"key":"Regen Potion"}],"is_trial":false,"path_per_floor":["M","?","?","M","M","E","R","E","T","M","M","R","M","M","R","B",null,"M","M","$","M","M","R","?","M","T","E","R","E","R","E","R","B"],"character_chosen":"IRONCLAD","items_purchased":[],"campfire_rested":1,"item_purchase_floors":[],"current_hp_per_floor":[85,85,85,88,88,49,49,22,22,29,34,34,39,50,50,7,68,61,61,61,73,43,84,84,88,88,79,79,63,63,53,53,0],"gold":223,"neow_bonus":"TEN_PERCENT_HP_BONUS","is_prod":false,"is_daily":false,"chose_seed":false,"campfire_upgraded":5,"win_rate":0,"timestamp":1546790042,"path_taken":["M","?","?","M","M","E","R","E","T","M","M","R","M","M","R","BOSS","M","M","$","M","M","R","?","M","T","E","R","E","R","E","R","BOSS"],"build_version":"2019-01-03v4","purchased_purges":1,"victory":false,"max_hp_per_floor":[88,88,88,88,88,88,88,88,88,88,88,88,88,88,88,88,88,88,88,88,88,88,88,88,88,88,88,88,88,88,88,88,88],"card_choices":[{"not_picked":["Flex","Metallicize"],"picked":"Disarm","floor":1},{"not_picked":["Flame Barrier","Entrench"],"picked":"Armaments","floor":4},{"not_picked":["Power Through","Body Slam"],"picked":"Warcry","floor":5},{"not_picked":["Second Wind","Warcry"],"picked":"Body Slam","floor":6},{"not_picked":["Havoc","Flex"],"picked":"Reaper","floor":8},{"not_picked":["Disarm","Shrug It Off"],"picked":"Armaments","floor":10},{"not_picked":["Evolve","Thunderclap","Corruption"],"picked":"SKIP","floor":11},{"not_picked":["Perfected Strike","Disarm","Iron Wave"],"picked":"SKIP","floor":13},{"not_picked":["Clothesline","Twin Strike"],"picked":"Cleave","floor":14},{"not_picked":["Feed","Immolate"],"picked":"Offering","floor":16},{"not_picked":["Clothesline","Heavy Blade"],"picked":"Battle Trance+1","floor":18},{"not_picked":["Clash","Clothesline"],"picked":"Infernal Blade","floor":19},{"not_picked":["Twin Strike","Rupture+1","Thunderclap"],"picked":"SKIP","floor":21},{"not_picked":["Clothesline","Feel No Pain"],"picked":"Pommel Strike","floor":22},{"not_picked":["Intimidate","Iron Wave"],"picked":"Flex+1","floor":25},{"not_picked":["Twin Strike","Ghostly Armor"],"picked":"Whirlwind","floor":27},{"not_picked":["Infernal Blade","Rupture"],"picked":"Searing Blow+1","floor":29},{"not_picked":["Clothesline+1","Second Wind"],"picked":"Metallicize","floor":31}],"player_experience":401670,"relics_obtained":[{"floor":6,"key":"Kunai"},{"floor":8,"key":"Red Skull"},{"floor":9,"key":"Regal Pillow"},{"floor":26,"key":"Bottled Lightning"},{"floor":27,"key":"Calipers"},{"floor":29,"key":"Sundial"},{"floor":31,"key":"Boot"}],"event_choices":[{"cards_removed":["Strike_R"],"damage_healed":0,"gold_gain":0,"player_choice":"Card Removal","damage_taken":0,"max_hp_gain":0,"max_hp_loss":0,"event_name":"The Cleric","floor":2,"gold_loss":50},{"cards_removed":["Strike_R"],"damage_healed":0,"gold_gain":0,"player_choice":"Offered Basic","damage_taken":0,"max_hp_gain":0,"max_hp_loss":0,"event_name":"Bonfire Elementals","floor":3,"gold_loss":0},{"cards_removed":["Strike_R"],"damage_healed":0,"gold_gain":0,"player_choice":"Gave Gold","damage_taken":0,"max_hp_gain":0,"max_hp_loss":0,"event_name":"Beggar","floor":24,"gold_loss":75}],"is_beta":false,"boss_relics":[{"not_picked":["Astrolabe","Pandora\u0027s Box"],"picked":"Ectoplasm"}],"items_purged_floors":[20],"is_endless":false,"potions_floor_spawned":[5,8,10,11,13,19,22,31],"killed_by":"Collector","ascension_level":6}