{"gold_per_floor":[116,143,93,112,112,112,147,163,163,198,215,228,228,228,228,324,324,337,262,281,302,336,336,536,556,582,582],"floor_reached":27,"playtime":1198,"items_purged":[],"score":368,"play_id":"48d5ef5e-5740-413b-a78f-3cd3e2328bc9","local_time":"20190221200514","is_ascension_mode":true,"campfire_choices":[{"data":"Heavy Blade","floor":6,"key":"SMITH"},{"data":"Inflame","floor":13,"key":"SMITH"},{"data":"Bash","floor":15,"key":"SMITH"},{"floor":23,"key":"REST"}],"neow_cost":"NONE","seed_source_timestamp":459750777552005,"circlet_count":0,"master_deck":["AscendersBane","Strike_R","Strike_R","Strike_R","Defend_R","Defend_R","Defend_R","Bash+1","Inflame+1","Heavy Blade+1","Flame Barrier","Metallicize+1","Metallicize+1","Fire Breathing+1","Injury","Barricade+1","Spot Weakness","Disarm","Demon Form+1"],"relics":["Burning Blood","Anchor","Frozen Egg 2","Matryoshka","Lantern","Happy Flower","Shuriken","Golden Idol","Snecko Eye","Red Mask","Omamori","Potion Belt"],"potions_floor_usage":[10,16,22],"damage_taken":[{"damage":1,"enemies":"Cultist","floor":1,"turns":4},{"damage":2,"enemies":"Jaw Worm","floor":4,"turns":3},{"damage":20,"enemies":"3 Sentries","floor":7,"turns":8},{"damage":0,"enemies":"Small Slimes","floor":8,"turns":3},{"damage":25,"enemies":"Lagavulin","floor":10,"turns":6},{"damage":2,"enemies":"Looter","floor":11,"turns":4},{"damage":4,"enemies":"3 Louse","floor":12,"turns":4},{"damage":38,"enemies":"Hexaghost","floor":16,"turns":10},{"damage":2,"enemies":"Chosen","floor":18,"turns":4},{"damage":25,"enemies":"Spheric Guardian","floor":20,"turns":6},{"damage":17,"enemies":"Snecko","floor":21,"turns":6},{"damage":32,"enemies":"Masked Bandits","floor":22,"turns":5},{"damage":30,"enemies":"Chosen and Byrds","floor":25,"turns":7},{"damage":17,"enemies":"Shelled Parasite and Fungi","floor":27,"turns":3}],"seed_played":"6941980344894704408","potions_obtained":[{"floor":1,"key":"SkillPotion"},{"floor":10,"key":"Energy Potion"},{"floor":21,"key":"SkillPotion"},{"floor":22,"key":"Explosive Potion"},{"floor":25,"key":"Strength Potion"}],"is_trial":false,"path_per_floor":["M","T","?","M","T","R","E","M","T","E","M","M","R","?","R","B",null,"M","?","M","M","?","R","?","M","T","M"],"character_chosen":"IRONCLAD","items_purchased":[],"campfire_rested":1,"item_purchase_floors":[],"current_hp_per_floor":[77,77,77,80,80,80,66,72,72,53,57,59,59,59,59,27,67,71,71,52,41,15,39,39,15,15,0],"gold":582,"neow_bonus":"REMOVE_CARD","is_prod":false,"is_daily":false,"chose_seed":false,"campfire_upgraded":3,"win_rate":0,"timestamp":1550750714,"path_taken":["M","?","?","M","?","R","E","M","T","E","M","M","R","?","R","BOSS","M","?","M","M","?","R","?","?","T","M"],"build_version":"2019-01-23","purchased_purges":0,"victory":false,"max_hp_per_floor":[80,80,80,80,80,80,80,80,80,80,80,80,80,80,80,80,80,80,80,80,80,80,80,80,80,80,80],"card_choices":[{"not_picked":["Power Through","Warcry"],"picked":"Inflame","floor":1},{"not_picked":["Entrench","Thunderclap"],"picked":"Heavy Blade","floor":4},{"not_picked":["Sentinel","Burning Pact"],"picked":"Flame Barrier","floor":7},{"not_picked":["Warcry","Feel No Pain+1"],"picked":"Metallicize+1","floor":8},{"not_picked":["Iron Wave","Perfected Strike"],"picked":"Metallicize+1","floor":10},{"not_picked":["Body Slam","Corruption+1"],"picked":"Fire Breathing+1","floor":11},{"not_picked":["Blood for Blood","Anger","Cleave"],"picked":"SKIP","floor":12},{"not_picked":["Dark Embrace+1","Reaper"],"picked":"Barricade+1","floor":16},{"not_picked":["Seeing Red","Fire Breathing+1","Warcry"],"picked":"SKIP","floor":18},{"not_picked":["Reckless Charge","Seeing Red"],"picked":"Spot Weakness","floor":20},{"not_picked":["Intimidate+1","Clash"],"picked":"Disarm","floor":21},{"not_picked":["Thunderclap","Warcry+1"],"picked":"Demon Form+1","floor":25}],"player_experience":438901,"relics_obtained":[{"floor":2,"key":"Anchor"},{"floor":5,"key":"Frozen Egg 2"},{"floor":7,"key":"Matryoshka"},{"floor":9,"key":"Lantern"},{"floor":9,"key":"Happy Flower"},{"floor":10,"key":"Shuriken"},{"floor":22,"key":"Red Mask"},{"floor":26,"key":"Omamori"},{"floor":26,"key":"Potion Belt"}],"event_choices":[{"cards_removed":["Strike_R"],"damage_healed":0,"gold_gain":0,"player_choice":"Card Removal","damage_taken":0,"max_hp_gain":0,"max_hp_loss":0,"event_name":"The Cleric","floor":3,"gold_loss":50},{"damage_healed":0,"gold_gain":0,"player_choice":"Take Wound","damage_taken":0,"relics_obtained":["Golden Idol"],"max_hp_gain":0,"max_hp_loss":0,"event_name":"Golden Idol","floor":14,"gold_loss":0,"cards_obtained":["Injury"]},{"cards_removed":["Defend_R"],"damage_healed":0,"gold_gain":0,"player_choice":"Gave Gold","damage_taken":0,"max_hp_gain":0,"max_hp_loss":0,"event_name":"Beggar","floor":19,"gold_loss":75},{"damage_healed":0,"gold_gain":0,"player_choice":"Fought Bandits","damage_taken":0,"max_hp_gain":0,"max_hp_loss":0,"event_name":"Masked Bandits","floor":22,"gold_loss":0},{"damage_healed":0,"gold_gain":200,"player_choice":"Gold","damage_taken":0,"max_hp_gain":0,"max_hp_loss":0,"event_name":"Wheel of Change","floor":24,"gold_loss":0}],"is_beta":false,"boss_relics":[{"not_picked":["Philosopher\u0027s Stone","Fusion Hammer"],"picked":"Snecko Eye"}],"items_purged_floors":[],"is_endless":false,"potions_floor_spawned":[1,10,21,22,25],"killed_by":"Shelled Parasite and Fungi","ascension_level":13}