{"gold_per_floor":[111,12,87,105,180,180,214,214,214,240,259,259,285,285,285,415,415,439,412,61,61],"floor_reached":21,"playtime":1225,"items_purged":["Strike_R","Strike_R"],"score":254,"play_id":"4b4bdd8f-d4d7-4cb1-abf7-eb6a37ca8821","local_time":"20181217202043","is_ascension_mode":true,"campfire_choices":[{"data":"Armaments","floor":6,"key":"SMITH"},{"floor":8,"key":"RECALL"},{"data":"Limit Break","floor":12,"key":"SMITH"},{"floor":15,"key":"REST"}],"neow_cost":"NONE","seed_source_timestamp":94006331428563,"circlet_count":0,"master_deck":["Strike_R","Strike_R","Strike_R","Defend_R","Defend_R","Defend_R","Defend_R","Bash","Flex+1","Armaments+1","Headbutt","Inflame","Limit Break+1","Ghostly Armor","Fiend Fire","Shrug It Off+1","Heavy Blade"],"relics":["Burning Blood","Happy Flower","Art of War","Paper Frog","Dream Catcher","Darkstone Periapt","Golden Idol","Mark of Pain","War Paint"],"potions_floor_usage":[13,21],"damage_taken":[{"damage":7,"enemies":"Small Slimes","floor":1,"turns":3},{"damage":2,"enemies":"Jaw Worm","floor":4,"turns":3},{"damage":11,"enemies":"3 Sentries","floor":7,"turns":10},{"damage":4,"enemies":"Lagavulin","floor":10,"turns":7},{"damage":0,"enemies":"Cultist","floor":11,"turns":5},{"damage":25,"enemies":"3 Sentries","floor":13,"turns":7},{"damage":19,"enemies":"Hexaghost","floor":16,"turns":8},{"damage":34,"enemies":"3 Byrds","floor":18,"turns":6},{"damage":35,"enemies":"2 Thieves","floor":19,"turns":5},{"damage":15,"enemies":"3 Cultists","floor":21,"turns":3}],"seed_played":"-770821973571195667","potions_obtained":[{"floor":1,"key":"Strength Potion"},{"floor":4,"key":"SteroidPotion"},{"floor":13,"key":"SpeedPotion"}],"is_trial":false,"path_per_floor":["M","$","?","M","?","R","E","R","T","E","M","R","E","?","R","B",null,"M","M","$","M"],"character_chosen":"IRONCLAD","items_purchased":["Armaments","War Paint","SpeedPotion","Heavy Blade"],"campfire_rested":1,"item_purchase_floors":[2,20,20,20],"current_hp_per_floor":[71,71,60,64,56,56,51,51,51,53,59,59,40,20,44,31,68,40,11,11,0],"gold":61,"neow_bonus":"RANDOM_COMMON_RELIC","is_prod":false,"is_daily":false,"chose_seed":false,"campfire_upgraded":2,"win_rate":0,"timestamp":1545074443,"path_taken":["M","$","?","M","?","R","E","R","T","E","?","R","E","?","R","BOSS","M","M","$","M"],"build_version":"2018-12-13","purchased_purges":2,"victory":false,"max_hp_per_floor":[80,80,80,80,80,80,80,80,80,80,80,80,80,80,80,80,80,80,80,80,80],"card_choices":[{"not_picked":["Dropkick","Feel No Pain"],"picked":"Flex","floor":1},{"not_picked":["Havoc","Burning Pact"],"picked":"Headbutt","floor":4},{"not_picked":["Iron Wave","Rupture"],"picked":"Inflame","floor":7},{"not_picked":["Cleave","Second Wind"],"picked":"Limit Break","floor":10},{"not_picked":["Iron Wave","Corruption","Body Slam"],"picked":"SKIP","floor":11},{"not_picked":["Pommel Strike","Searing Blow","Uppercut"],"picked":"SKIP","floor":13},{"not_picked":["Bloodletting","Corruption"],"picked":"Ghostly Armor","floor":15},{"not_picked":["Bludgeon","Exhume"],"picked":"Fiend Fire","floor":16},{"not_picked":["Body Slam+1","Pommel Strike"],"picked":"Shrug It Off","floor":18},{"not_picked":["True Grit","Rupture","Havoc"],"picked":"SKIP","floor":19}],"player_experience":390368,"relics_obtained":[{"floor":7,"key":"Art of War"},{"floor":9,"key":"Paper Frog"},{"floor":10,"key":"Dream Catcher"},{"floor":13,"key":"Darkstone Periapt"}],"event_choices":[{"damage_healed":0,"gold_gain":75,"player_choice":"Gather Gold","damage_taken":11,"max_hp_gain":0,"max_hp_loss":0,"event_name":"World of Goop","floor":3,"gold_loss":0},{"damage_healed":0,"gold_gain":75,"player_choice":"Touch","damage_taken":8,"max_hp_gain":0,"max_hp_loss":0,"event_name":"FaceTrader","floor":5,"gold_loss":0},{"damage_healed":0,"gold_gain":0,"player_choice":"Take Damage","damage_taken":20,"relics_obtained":["Golden Idol"],"max_hp_gain":0,"max_hp_loss":0,"event_name":"Golden Idol","floor":14,"gold_loss":0}],"is_beta":false,"boss_relics":[{"not_picked":["Velvet Choker","Busted Crown"],"picked":"Mark of Pain"}],"items_purged_floors":[2,20],"is_endless":false,"potions_floor_spawned":[1,4,13],"killed_by":"3 Cultists","ascension_level":6}