{"gold_per_floor":[110,125,2,14,31,31,51,51,99,133,64,77,77,94,94,168,168,188,188,188,70,83,83,100,100,124,150,160,188,200,224,236,248],"floor_reached":33,"playtime":1471,"items_purged":[],"score":518,"play_id":"f8c59920-ce01-4bc4-9600-6b3e10ef91d2","local_time":"20190221203002","is_ascension_mode":true,"campfire_choices":[{"data":"Metallicize","floor":6,"key":"SMITH"},{"data":"Armaments","floor":8,"key":"SMITH"},{"data":"Bandage Up","floor":13,"key":"SMITH"},{"data":"Shockwave","floor":15,"key":"SMITH"},{"data":"Searing Blow","floor":23,"key":"SMITH"},{"data":"Searing Blow+1","floor":25,"key":"SMITH"},{"data":"Spot Weakness","floor":30,"key":"SMITH"},{"data":"Searing Blow+2","floor":32,"key":"SMITH"}],"neow_cost":"NONE","seed_source_timestamp":460966156444472,"circlet_count":0,"master_deck":["AscendersBane","Strike_R+1","Strike_R+1","Strike_R+1","Strike_R+1","Strike_R+1","Defend_R+1","Defend_R+1","Defend_R+1","Defend_R+1","Bash+1","Cleave","Headbutt","Metallicize+1","Bandage Up+1","Shockwave+1","Shrug It Off","Armaments+1","Shockwave","Clothesline","Flame Barrier","Offering","Clothesline","Shrug It Off","Searing Blow+3","Iron Wave+1","Spot Weakness+1"],"relics":["Burning Blood","PreservedInsect","Bottled Tornado","Velvet Choker","Nilry\u0027s Codex","Pen Nib","Lantern","MawBank"],"potions_floor_usage":[12,16,16,27,29],"damage_taken":[{"damage":1,"enemies":"Cultist","floor":1,"turns":3},{"damage":7,"enemies":"Jaw Worm","floor":2,"turns":3},{"damage":7,"enemies":"Small Slimes","floor":4,"turns":5},{"damage":15,"enemies":"Red Slaver","floor":5,"turns":4},{"damage":8,"enemies":"Exordium Wildlife","floor":7,"turns":2},{"damage":9,"enemies":"Gremlin Nob","floor":10,"turns":4},{"damage":15,"enemies":"Exordium Thugs","floor":12,"turns":5},{"damage":9,"enemies":"Blue Slaver","floor":14,"turns":5},{"damage":36,"enemies":"Hexaghost","floor":16,"turns":10},{"damage":11,"enemies":"3 Byrds","floor":18,"turns":5},{"damage":0,"enemies":"Shell Parasite","floor":22,"turns":8},{"damage":8,"enemies":"Snecko","floor":24,"turns":4},{"damage":26,"enemies":"Book of Stabbing","floor":27,"turns":4},{"damage":17,"enemies":"Sentry and Sphere","floor":28,"turns":8},{"damage":0,"enemies":"Gremlin Leader","floor":29,"turns":5},{"damage":14,"enemies":"Snake Plant","floor":31,"turns":4},{"damage":82,"enemies":"Automaton","floor":33,"turns":12}],"seed_played":"7929780974345151277","potions_obtained":[{"floor":2,"key":"Ancient Potion"},{"floor":5,"key":"Explosive Potion"},{"floor":14,"key":"SteroidPotion"},{"floor":24,"key":"Energy Potion"},{"floor":28,"key":"Strength Potion"},{"floor":29,"key":"FearPotion"},{"floor":31,"key":"SmokeBomb"}],"is_trial":false,"path_per_floor":["M","M","$","M","M","R","M","R","T","E","$","M","R","M","R","B",null,"M","?","?","$","M","R","M","R","T","E","M","E","R","M","R","B"],"character_chosen":"IRONCLAD","items_purchased":["Metallicize","Bandage Up","Shockwave","Shrug It Off","Searing Blow"],"campfire_rested":0,"item_purchase_floors":[3,3,11,21,21],"current_hp_per_floor":[77,76,76,79,74,74,76,76,76,77,77,72,72,75,75,51,73,74,74,58,58,70,70,74,74,74,60,55,67,67,65,65,0],"gold":248,"neow_bonus":"UPGRADE_CARD","is_prod":false,"is_daily":false,"chose_seed":false,"campfire_upgraded":8,"win_rate":0,"timestamp":1550752202,"path_taken":["M","M","?","M","M","R","M","R","T","E","$","M","R","M","R","BOSS","M","?","?","$","?","R","M","R","T","E","M","E","R","M","R","BOSS"],"build_version":"2019-01-23","purchased_purges":0,"victory":false,"max_hp_per_floor":[80,80,80,80,80,80,80,80,80,80,80,80,80,80,80,80,80,80,80,80,80,80,80,80,80,80,80,80,80,80,80,80,80],"card_choices":[{"not_picked":["Wild Strike","Havoc"],"picked":"Cleave","floor":1},{"not_picked":["Iron Wave","Body Slam"],"picked":"Headbutt","floor":2},{"not_picked":["Intimidate","Heavy Blade"],"picked":"Shockwave","floor":4},{"not_picked":["Pummel","Body Slam"],"picked":"Shrug It Off","floor":5},{"not_picked":["Cleave","Havoc"],"picked":"Armaments","floor":7},{"not_picked":["Flex","Dual Wield","Berserk"],"picked":"SKIP","floor":10},{"not_picked":["Clash","Havoc"],"picked":"Clothesline","floor":12},{"not_picked":["Wild Strike","Perfected Strike"],"picked":"Flame Barrier","floor":14},{"not_picked":["Limit Break","Impervious"],"picked":"Offering","floor":16},{"not_picked":["Headbutt","Iron Wave"],"picked":"Clothesline","floor":18},{"not_picked":["Anger","Perfected Strike","Clash"],"picked":"SKIP","floor":22},{"not_picked":["Reckless Charge","Thunderclap","Flex"],"picked":"SKIP","floor":24},{"not_picked":["Wild Strike","Corruption"],"picked":"Iron Wave+1","floor":27},{"not_picked":["Flex","Second Wind","Clash"],"picked":"SKIP","floor":28},{"not_picked":["Berserk","Heavy Blade"],"picked":"Spot Weakness","floor":29},{"not_picked":["Sword Boomerang","Infernal Blade","Cleave"],"picked":"SKIP","floor":31}],"player_experience":440099,"relics_obtained":[{"floor":9,"key":"PreservedInsect"},{"floor":10,"key":"Bottled Tornado"},{"floor":20,"key":"Nilry\u0027s Codex"},{"floor":26,"key":"Pen Nib"},{"floor":27,"key":"Lantern"},{"floor":29,"key":"MawBank"}],"event_choices":[{"damage_healed":0,"gold_gain":0,"player_choice":"Simplicity","damage_taken":0,"max_hp_gain":0,"max_hp_loss":0,"event_name":"Back to Basics","floor":19,"gold_loss":0,"cards_upgraded":["Strike_R","Strike_R","Strike_R","Strike_R","Strike_R","Defend_R","Defend_R","Defend_R","Defend_R"]},{"damage_healed":0,"gold_gain":0,"player_choice":"Obtained Book","damage_taken":16,"max_hp_gain":0,"max_hp_loss":0,"event_name":"Cursed Tome","floor":20,"gold_loss":0}],"is_beta":false,"boss_relics":[{"not_picked":["Ectoplasm","Empty Cage"],"picked":"Velvet Choker"}],"items_purged_floors":[],"is_endless":false,"potions_floor_spawned":[2,5,14,24,28,29,31],"killed_by":"Automaton","ascension_level":13}