{"gold_per_floor":[119,138,138,138,157,182,182,182,182,146,165,165,181,200,200,324,324,348,298,316,14,63,63,63,63,63,63,81,81,95,45,45,45],"floor_reached":33,"playtime":1376,"items_purged":["Meteor Strike+1","Consume+1"],"score":245,"play_id":"8461ee80-9bba-459e-9b9a-5e185e22e8cd","local_time":"20190422153049","is_ascension_mode":false,"campfire_choices":[{"data":"Dualcast","floor":8,"key":"SMITH"},{"data":"Ball Lightning","floor":12,"key":"SMITH"},{"floor":15,"key":"REST"},{"data":"Defragment","floor":23,"key":"SMITH"},{"data":"Storm","floor":25,"key":"SMITH"},{"floor":32,"key":"REST"}],"neow_cost":"NONE","seed_source_timestamp":235242579836163,"circlet_count":0,"master_deck":["Strike_B","Strike_B","Defend_B","Defend_B","Zap+1","Dualcast+1","Genetic Algorithm","Ball Lightning+1","Machine Learning","Storm+1","Core Surge","Multi-Cast+1","Hologram","Heatsinks","Defragment+1","Conserve Battery+1","Creative AI"],"relics":["Cracked Core","Blue Candle","Golden Idol","The Courier","Astrolabe","Bronze Scales","Juzu Bracelet","Smiling Mask"],"potions_floor_usage":[6,30,30,33],"damage_taken":[{"damage":5,"enemies":"Small Slimes","floor":1,"turns":3},{"damage":1,"enemies":"Jaw Worm","floor":2,"turns":3},{"damage":0,"enemies":"2 Louse","floor":5,"turns":2},{"damage":45,"enemies":"Gremlin Nob","floor":6,"turns":5},{"damage":0,"enemies":"Blue Slaver","floor":11,"turns":3},{"damage":4,"enemies":"Gremlin Gang","floor":13,"turns":3},{"damage":7,"enemies":"Lots of Slimes","floor":14,"turns":3},{"damage":21,"enemies":"Slime Boss","floor":16,"turns":8},{"damage":20,"enemies":"Spheric Guardian","floor":18,"turns":4},{"damage":13,"enemies":"3 Byrds","floor":20,"turns":5},{"damage":15,"enemies":"Centurion and Healer","floor":28,"turns":5},{"damage":11,"enemies":"Snecko","floor":30,"turns":5},{"damage":45,"enemies":"Collector","floor":33,"turns":3}],"seed_played":"1567940671708988595","potions_obtained":[{"floor":1,"key":"GamblersBrew"},{"floor":13,"key":"EssenceOfSteel"},{"floor":16,"key":"EssenceOfSteel"},{"floor":20,"key":"FocusPotion"},{"floor":30,"key":"PowerPotion"}],"is_trial":false,"path_per_floor":["M","M","?","?","M","E","?","R","T","?","M","R","M","M","R","B",null,"M","?","M","$","T","R","?","R","T","?","M","?","M","$","R","B"],"character_chosen":"DEFECT","items_purchased":["Heatsinks","Defragment","Bronze Scales"],"campfire_rested":2,"item_purchase_floors":[21,21,21],"current_hp_per_floor":[70,69,69,69,69,24,24,24,24,24,24,24,20,13,33,12,69,49,49,36,36,36,36,36,36,36,36,21,21,10,10,30,0],"gold":45,"neow_bonus":"UPGRADE_CARD","is_prod":false,"is_daily":false,"chose_seed":false,"campfire_upgraded":4,"win_rate":0,"timestamp":1555939849,"path_taken":["M","M","?","?","M","E","?","R","T","?","M","R","M","M","R","BOSS","M","?","?","$","?","R","?","R","T","?","M","?","M","?","R","BOSS"],"build_version":"2019-01-23","purchased_purges":2,"victory":false,"max_hp_per_floor":[75,75,75,75,75,75,69,69,69,69,69,69,69,69,69,69,69,69,69,69,69,69,69,69,69,69,69,69,69,69,69,69,69],"card_choices":[{"not_picked":["Rip and Tear","Conserve Battery"],"picked":"Genetic Algorithm","floor":1},{"not_picked":["Streamline","Leap","Compile Driver"],"picked":"SKIP","floor":2},{"not_picked":["Recycle","Leap","Cold Snap"],"picked":"SKIP","floor":5},{"not_picked":["Cold Snap","Stack","Gash"],"picked":"SKIP","floor":6},{"not_picked":["Gash","Double Energy"],"picked":"Ball Lightning","floor":11},{"not_picked":["Barrage","Darkness"],"picked":"Machine Learning","floor":13},{"not_picked":["Rip and Tear","Self Repair"],"picked":"Storm","floor":14},{"not_picked":["Hyperbeam","Amplify"],"picked":"Core Surge","floor":16},{"not_picked":["Sweeping Beam","Streamline"],"picked":"Hologram","floor":18},{"not_picked":["Steam","Cold Snap","Doom and Gloom"],"picked":"SKIP","floor":20},{"not_picked":["Scrape","Skim+1"],"picked":"Conserve Battery+1","floor":28},{"not_picked":["Fusion","Streamline"],"picked":"Creative AI","floor":30}],"player_experience":188753,"relics_obtained":[{"floor":6,"key":"Blue Candle"},{"floor":9,"key":"The Courier"},{"floor":22,"key":"Juzu Bracelet"},{"floor":26,"key":"Smiling Mask"}],"event_choices":[{"cards_removed":["Defend_B"],"damage_healed":0,"gold_gain":0,"player_choice":"Forget","damage_taken":0,"max_hp_gain":0,"max_hp_loss":0,"event_name":"Living Wall","floor":3,"gold_loss":0},{"damage_healed":0,"gold_gain":0,"player_choice":"Ignored","damage_taken":0,"max_hp_gain":0,"max_hp_loss":0,"event_name":"Liars Game","floor":4,"gold_loss":0},{"damage_healed":0,"gold_gain":0,"player_choice":"Lose Max HP","damage_taken":0,"relics_obtained":["Golden Idol"],"max_hp_gain":0,"max_hp_loss":6,"event_name":"Golden Idol","floor":7,"gold_loss":0},{"damage_healed":0,"gold_gain":0,"player_choice":"Left Gold","damage_taken":0,"max_hp_gain":0,"max_hp_loss":0,"event_name":"World of Goop","floor":10,"gold_loss":36},{"damage_healed":0,"gold_gain":0,"player_choice":"Bet on Murderer","damage_taken":0,"max_hp_gain":0,"max_hp_loss":0,"event_name":"The Joust","floor":19,"gold_loss":50},{"damage_healed":0,"gold_gain":0,"player_choice":"Ignored","damage_taken":0,"max_hp_gain":0,"max_hp_loss":0,"event_name":"Ghosts","floor":24,"gold_loss":0},{"damage_healed":0,"gold_gain":0,"player_choice":"Ignored","damage_taken":0,"max_hp_gain":0,"max_hp_loss":0,"event_name":"Beggar","floor":27,"gold_loss":0},{"damage_healed":0,"gold_gain":0,"player_choice":"Ignored","damage_taken":0,"max_hp_gain":0,"max_hp_loss":0,"event_name":"Cursed Tome","floor":29,"gold_loss":0}],"is_beta":false,"boss_relics":[{"not_picked":["Philosopher\u0027s Stone","Runic Dome"],"picked":"Astrolabe"}],"items_purged_floors":[21,31],"is_endless":false,"potions_floor_spawned":[1,13,16,20,28,30],"killed_by":"Collector","ascension_level":0}