{"gold_per_floor":[112,123,123,123,141,141,152,152,197,215,215,290,290,309,309,412,412,428,448,448,458,458],"floor_reached":22,"playtime":1599,"items_purged":[],"score":276,"play_id":"f9ab58ed-5600-4532-8577-0314797fa560","local_time":"20181001223905","is_ascension_mode":true,"campfire_choices":[{"data":"Clothesline","floor":6.0,"key":"SMITH"},{"data":"Disarm","floor":8.0,"key":"SMITH"},{"data":"Evolve","floor":11.0,"key":"SMITH"},{"floor":13.0,"key":"REST"},{"data":"Barricade","floor":15.0,"key":"SMITH"}],"neow_cost":"NONE","seed_source_timestamp":117855102166955,"circlet_count":0,"master_deck":["Strike_R","Strike_R","Strike_R","Strike_R","Defend_R+1","Defend_R","Defend_R+1","Defend_R","Bash+1","AscendersBane","Clothesline+1","Disarm+1","Pommel Strike","Evolve+1","Barricade+1","Limit Break","Corruption","Power Through","Inflame"],"special_seed":0,"relics":["Burning Blood","War Paint","Coffee Dripper"],"potions_floor_usage":[21],"damage_taken":[{"damage":9.0,"enemies":"Jaw Worm","floor":1.0,"turns":5.0},{"damage":21.0,"enemies":"Small Slimes","floor":2.0,"turns":6.0},{"damage":3.0,"enemies":"2 Louse","floor":5.0,"turns":3.0},{"damage":4.0,"enemies":"Looter","floor":7.0,"turns":4.0},{"damage":13.0,"enemies":"Exordium Thugs","floor":10.0,"turns":6.0},{"damage":51.0,"enemies":"Gremlin Gang","floor":14.0,"turns":7.0},{"damage":16.0,"enemies":"The Guardian","floor":16.0,"turns":17.0},{"damage":8.0,"enemies":"Shell Parasite","floor":18.0,"turns":9.0},{"damage":42.0,"enemies":"2 Thieves","floor":19.0,"turns":5.0},{"damage":44,"enemies":"3 Cultists","floor":21,"turns":6},{"damage":12,"enemies":"Snake Plant","floor":22,"turns":1}],"seed_played":"-5225133955702691897","potions_obtained":[{"floor":5.0,"key":"Regen Potion"},{"floor":7.0,"key":"SteroidPotion"},{"floor":10.0,"key":"Regen Potion"},{"floor":14.0,"key":"SteroidPotion"},{"floor":20.0,"key":"FairyPotion"},{"floor":20.0,"key":"Strength Potion"},{"floor":21,"key":"Fire Potion"}],"is_trial":false,"path_per_floor":["M","M","?","?","M","R","M","R","T","M","R","?","R","M","R","B",null,"M","M","?","M"],"character_chosen":"IRONCLAD","items_purchased":[],"campfire_rested":1,"item_purchase_floors":[],"current_hp_per_floor":[69,54,54,54,57,57,59,59,59,52,52,41,65,35,35,25,66,64,42,42,12,0],"gold":458,"neow_bonus":"REMOVE_CARD","is_prod":false,"is_daily":false,"chose_seed":false,"campfire_upgraded":4,"win_rate":0,"timestamp":1538404745,"path_taken":["M","M","?","?","M","R","M","R","T","?","R","?","R","?","R","BOSS","M","M","?","?","M"],"build_version":"2018-09-27","purchased_purges":0,"victory":false,"max_hp_per_floor":[80,80,80,80,80,80,80,80,80,80,80,80,80,80,80,80,80,80,80,80,80,80],"card_choices":[{"not_picked":["Armaments","Thunderclap"],"picked":"Clothesline","floor":1.0},{"not_picked":["Wild Strike","Corruption"],"picked":"Disarm","floor":2.0},{"not_picked":["Wild Strike","Havoc","Blood for Blood"],"picked":"SKIP","floor":5.0},{"not_picked":["Havoc","Clash"],"picked":"Pommel Strike","floor":7.0},{"not_picked":["Heavy Blade","Pummel"],"picked":"Evolve","floor":10.0},{"not_picked":["Thunderclap","Perfected Strike"],"picked":"Barricade","floor":14.0},{"not_picked":["Bludgeon","Fiend Fire"],"picked":"Limit Break","floor":16.0},{"not_picked":["Sever Soul","Anger"],"picked":"Corruption","floor":18.0},{"not_picked":["Anger","Pummel"],"picked":"Power Through","floor":19.0},{"not_picked":["Dual Wield","Hemokinesis"],"picked":"Inflame","floor":21}],"player_experience":400935,"relics_obtained":[{"floor":9.0,"key":"War Paint"}],"event_choices":[{"event_name":"Liars Game","player_choice":"disagreed","floor":3.0,"damage_taken":0.0},{"event_name":"Upgrade Shrine","player_choice":"Upgraded","floor":4.0,"damage_taken":0.0},{"event_name":"World of Goop","player_choice":"Gather Gold","floor":12.0,"damage_taken":0.0},{"event_name":"The Lab","player_choice":"Got Potions","floor":20.0,"damage_taken":0.0}],"is_beta":false,"boss_relics":[{"not_picked":["Busted Crown","Runic Dome"],"picked":"Coffee Dripper"}],"items_purged_floors":[],"is_endless":false,"potions_floor_spawned":[5,7,10,14,16,18,21],"killed_by":"Snake Plant","ascension_level":11}