{"gold_per_floor":[12,12,12,26,26,26,36,36,63,63,82,82,102,119,119,224,274,255,255,66,266,286,286,286],"floor_reached":24,"playtime":1238,"items_purged":[],"score":205,"play_id":"63f4b649-fe0c-4fc7-a884-301b69e89cb1","local_time":"20181208001938","is_ascension_mode":true,"campfire_choices":[{"floor":6,"key":"REST"},{"data":"Barricade","floor":10,"key":"SMITH"},{"data":"Headbutt","floor":12,"key":"SMITH"},{"floor":15,"key":"REST"},{"data":"Entrench","floor":23,"key":"SMITH"}],"neow_cost":"NO_GOLD","seed_source_timestamp":220300082798571,"circlet_count":0,"master_deck":["Strike_R","Strike_R","Strike_R","Defend_R","Defend_R","Defend_R","Defend_R","Bash","Evolve+1","Barricade+1","Headbutt+1","Headbutt","Demon Form","Impervious","Warcry","Entrench+1","Necronomicurse","Power Through","Body Slam+1"],"relics":["Burning Blood","Du-Vu Doll","Blue Candle","Regal Pillow","Tiny House","Necronomicon","Lantern"],"potions_floor_usage":[16,16,18],"damage_taken":[{"damage":4,"enemies":"2 Louse","floor":1,"turns":4},{"damage":13,"enemies":"Small Slimes","floor":4,"turns":6},{"damage":4,"enemies":"Jaw Worm","floor":7,"turns":4},{"damage":16,"enemies":"Looter","floor":11,"turns":5},{"damage":26,"enemies":"3 Louse","floor":13,"turns":4},{"damage":22,"enemies":"Gremlin Gang","floor":14,"turns":4},{"damage":27,"enemies":"The Guardian","floor":16,"turns":12},{"damage":21,"enemies":"2 Thieves","floor":18,"turns":4},{"damage":12,"enemies":"Chosen","floor":22,"turns":9},{"damage":48,"enemies":"Masked Bandits","floor":24,"turns":3}],"seed_played":"-2999094283137134772","potions_obtained":[{"floor":13,"key":"SkillPotion"},{"floor":14,"key":"EssenceOfSteel"},{"floor":17,"key":"GamblersBrew"},{"floor":22,"key":"Swift Potion"}],"is_trial":false,"path_per_floor":["M","?","?","M","?","R","M","$","T","R","M","R","M","M","R","B",null,"M","?","$","?","M","R","?"],"character_chosen":"IRONCLAD","items_purchased":["Power Through","Lantern"],"campfire_rested":2,"item_purchase_floors":[20,20],"current_hp_per_floor":[80,55,48,41,41,65,67,67,67,67,57,57,37,21,60,39,85,70,54,54,54,48,48,0],"gold":286,"neow_bonus":"ONE_RARE_RELIC","is_prod":false,"is_daily":false,"chose_seed":false,"campfire_upgraded":3,"win_rate":0,"timestamp":1544224778,"path_taken":["M","?","?","M","?","R","M","$","T","R","?","R","M","M","R","BOSS","M","?","$","?","?","R","?"],"build_version":"2018-12-06","purchased_purges":0,"victory":false,"max_hp_per_floor":[80,80,80,80,80,80,80,80,80,80,80,80,80,80,80,80,85,85,85,85,85,85,85,85],"card_choices":[{"not_picked":["Flex","True Grit","Wild Strike"],"picked":"SKIP","floor":1},{"not_picked":["Sever Soul","Thunderclap","Perfected Strike"],"picked":"SKIP","floor":4},{"not_picked":["Havoc","Spot Weakness"],"picked":"Barricade","floor":7},{"not_picked":["Cleave","Wild Strike"],"picked":"Headbutt","floor":11},{"not_picked":["Havoc","Carnage"],"picked":"Headbutt","floor":13},{"not_picked":["Intimidate","Twin Strike"],"picked":"Demon Form","floor":14},{"not_picked":["Demon Form","Juggernaut"],"picked":"Impervious","floor":16},{"not_picked":["Reckless Charge","Iron Wave"],"picked":"Warcry","floor":17},{"not_picked":["Metallicize","Perfected Strike"],"picked":"Entrench","floor":18},{"not_picked":["Twin Strike","Armaments"],"picked":"Body Slam+1","floor":22}],"player_experience":237621,"relics_obtained":[{"floor":9,"key":"Regal Pillow"},{"floor":19,"key":"Necronomicon"}],"event_choices":[{"damage_healed":0,"gold_gain":0,"player_choice":"Success","damage_taken":25,"relics_obtained":["Blue Candle"],"max_hp_gain":0,"max_hp_loss":0,"event_name":"Scrap Ooze","floor":2,"gold_loss":0},{"cards_removed":["Strike_R"],"damage_healed":0,"gold_gain":0,"player_choice":"Card Removal","damage_taken":7,"max_hp_gain":0,"max_hp_loss":0,"event_name":"Golden Wing","floor":3,"gold_loss":0},{"damage_healed":0,"gold_gain":0,"cards_transformed":["Strike_R"],"player_choice":"Change","damage_taken":0,"max_hp_gain":0,"max_hp_loss":0,"event_name":"Living Wall","floor":5,"gold_loss":0,"cards_obtained":["Evolve"]},{"damage_healed":0,"gold_gain":0,"player_choice":"Obtained Book","damage_taken":16,"max_hp_gain":0,"max_hp_loss":0,"event_name":"Cursed Tome","floor":19,"gold_loss":0},{"damage_healed":0,"gold_gain":250,"player_choice":"Bet on Owner","damage_taken":0,"max_hp_gain":0,"max_hp_loss":0,"event_name":"The Joust","floor":21,"gold_loss":50},{"damage_healed":0,"gold_gain":0,"player_choice":"Fought Bandits","damage_taken":0,"max_hp_gain":0,"max_hp_loss":0,"event_name":"Masked Bandits","floor":24,"gold_loss":0}],"is_beta":false,"boss_relics":[{"not_picked":["Coffee Dripper","Busted Crown"],"picked":"Tiny House"}],"items_purged_floors":[],"is_endless":false,"potions_floor_spawned":[13,14,22],"killed_by":"Masked Bandits","ascension_level":2}