{"gold_per_floor":[110,110,185,460,40,68,80,121,133,162,188,200,229,258,270,386,398,427,439,462,924,954,992,1004,763,789,133,133,150,150],"floor_reached":30,"playtime":1223,"items_purged":["Regret","Strike_R","Strike_R"],"score":335,"play_id":"72166b3c-775e-48e2-939b-59c61c394ba6","local_time":"20190322201836","is_ascension_mode":true,"campfire_choices":[{"data":"Wild Strike","floor":7,"key":"SMITH"},{"data":"Bash","floor":12,"key":"SMITH"},{"data":"Headbutt","floor":15,"key":"SMITH"},{"data":"Rampage","floor":24,"key":"SMITH"},{"data":"Feed","floor":28,"key":"SMITH"}],"neow_cost":"NONE","seed_source_timestamp":1034164853842566,"circlet_count":0,"master_deck":["Strike_R+1","Strike_R+1","Strike_R+1","Defend_R","Defend_R","Defend_R","Defend_R","Bash+1","Wild Strike+1","Reaper+1","Rampage+1","Headbutt+1","Feed+1","Rampage+1"],"relics":["Burning Blood","Lantern","ClockworkSouvenir","Vajra","MawBank","Ornamental Fan","Charon\u0027s Ashes","Busted Crown","Matryoshka","Blood Vial","Happy Flower","Smiling Mask","Whetstone","DollysMirror","Boot"],"potions_floor_usage":[8,14,16,16,23,23,30],"damage_taken":[{"damage":7,"enemies":"Jaw Worm","floor":1,"turns":3},{"damage":40,"enemies":"3 Sentries","floor":6,"turns":7},{"damage":15,"enemies":"Lagavulin","floor":8,"turns":5},{"damage":1,"enemies":"Small Slimes","floor":10,"turns":2},{"damage":0,"enemies":"Cultist","floor":11,"turns":2},{"damage":2,"enemies":"Looter","floor":13,"turns":2},{"damage":8,"enemies":"Large Slime","floor":14,"turns":3},{"damage":17,"enemies":"Hexaghost","floor":16,"turns":9},{"damage":3,"enemies":"Chosen","floor":18,"turns":2},{"damage":0,"enemies":"Spheric Guardian","floor":20,"turns":3},{"damage":14,"enemies":"Shelled Parasite and Fungi","floor":22,"turns":3},{"damage":21,"enemies":"Gremlin Leader","floor":23,"turns":6},{"damage":11,"enemies":"Cultist and Chosen","floor":29,"turns":4},{"damage":49,"enemies":"Book of Stabbing","floor":30,"turns":4}],"seed_played":"-6695763044754323230","potions_obtained":[{"floor":6,"key":"Block Potion"},{"floor":10,"key":"GamblersBrew"},{"floor":13,"key":"Swift Potion"},{"floor":14,"key":"SpeedPotion"},{"floor":16,"key":"Dexterity Potion"},{"floor":18,"key":"Block Potion"},{"floor":22,"key":"Weak Potion"}],"is_trial":false,"path_per_floor":["M","?","?","?","$","E","R","E","T","M","M","R","M","M","R","B",null,"M","?","M","?","M","E","R","$","T","$","R","M","E"],"character_chosen":"IRONCLAD","items_purchased":["ClockworkSouvenir","Vajra","Blood Vial","Whetstone","DollysMirror","Boot","Energy Potion","SpeedPotion"],"campfire_rested":0,"item_purchase_floors":[5,5,25,27,27,27,27,27],"current_hp_per_floor":[79,63,52,52,52,18,18,9,9,14,20,20,24,22,22,11,80,80,80,80,32,36,38,38,38,38,38,38,47,0],"gold":150,"neow_bonus":"RANDOM_COMMON_RELIC","is_prod":false,"is_daily":false,"chose_seed":false,"campfire_upgraded":5,"win_rate":0,"timestamp":1553282316,"path_taken":["M","?","?","?","$","E","R","E","T","M","?","R","M","M","R","BOSS","M","?","M","?","M","E","R","$","T","$","R","M","E"],"build_version":"2019-01-23","purchased_purges":3,"victory":false,"max_hp_per_floor":[80,80,80,80,80,80,80,80,80,80,80,80,80,80,80,80,80,80,80,80,80,80,80,80,80,80,80,80,80,80],"card_choices":[{"not_picked":["Sentinel","True Grit"],"picked":"Wild Strike","floor":1},{"not_picked":["Intimidate","Sword Boomerang","Dual Wield"],"picked":"SKIP","floor":6},{"not_picked":["Corruption","Blood for Blood"],"picked":"Reaper","floor":8},{"not_picked":["Havoc","Whirlwind","Heavy Blade"],"picked":"SKIP","floor":10},{"not_picked":["Warcry","Corruption"],"picked":"Rampage","floor":11},{"not_picked":["Anger","Reckless Charge"],"picked":"Headbutt","floor":13},{"not_picked":["Rampage","Dropkick","Clothesline"],"picked":"SKIP","floor":14},{"not_picked":["Brutality","Barricade"],"picked":"Feed","floor":16},{"not_picked":["Dropkick"],"picked":"SKIP","floor":18},{"not_picked":["Metallicize"],"picked":"SKIP","floor":20},{"not_picked":["Warcry"],"picked":"SKIP","floor":22},{"not_picked":["Heavy Blade"],"picked":"SKIP","floor":23},{"not_picked":["Perfected Strike"],"picked":"SKIP","floor":29}],"player_experience":134228,"relics_obtained":[{"floor":6,"key":"MawBank"},{"floor":8,"key":"Ornamental Fan"},{"floor":9,"key":"Charon\u0027s Ashes"},{"floor":23,"key":"Matryoshka"},{"floor":26,"key":"Happy Flower"},{"floor":26,"key":"Smiling Mask"}],"event_choices":[{"damage_healed":0,"gold_gain":0,"player_choice":"Entered Light","damage_taken":16,"max_hp_gain":0,"max_hp_loss":0,"event_name":"Shining Light","floor":2,"gold_loss":0,"cards_upgraded":["Strike_R","Strike_R"]},{"damage_healed":0,"gold_gain":75,"player_choice":"Gather Gold","damage_taken":11,"max_hp_gain":0,"max_hp_loss":0,"event_name":"World of Goop","floor":3,"gold_loss":0},{"damage_healed":0,"gold_gain":275,"player_choice":"Desecrate","damage_taken":0,"max_hp_gain":0,"max_hp_loss":0,"event_name":"Golden Shrine","floor":4,"gold_loss":0,"cards_obtained":["Regret"]},{"damage_healed":0,"gold_gain":0,"player_choice":"Ignored","damage_taken":0,"max_hp_gain":0,"max_hp_loss":0,"event_name":"Vampires","floor":19,"gold_loss":0},{"damage_healed":0,"gold_gain":450,"player_choice":"GOLD GOLD GOLD GOLD GOLD ","damage_taken":48,"max_hp_gain":0,"max_hp_loss":0,"event_name":"Knowing Skull","floor":21,"potions_obtained":[],"gold_loss":0,"cards_obtained":[]}],"is_beta":false,"boss_relics":[{"not_picked":["Orrery","Mark of Pain"],"picked":"Busted Crown"}],"items_purged_floors":[5,25,27],"is_endless":false,"potions_floor_spawned":[6,10,13,14,16,18,22],"killed_by":"Book of Stabbing","ascension_level":4}