{"gold_per_floor":[117,292,292,7,307,307,326,326,326,361,378,413,428,161,161,161],"floor_reached":16,"playtime":799,"items_purged":["Strike_R"],"score":160,"play_id":"6e838793-1602-4e41-9cd5-1f82c60a27ab","local_time":"20190330160415","is_ascension_mode":true,"campfire_choices":[{"floor":6,"key":"DIG"},{"floor":8,"key":"DIG"},{"data":"True Grit","floor":15,"key":"SMITH"}],"neow_cost":"PERCENT_DAMAGE","seed_source_timestamp":784446515636218,"circlet_count":0,"master_deck":["Strike_R","Strike_R","Strike_R","Strike_R","Defend_R","Defend_R","Defend_R","Defend_R","Bash","Shrug It Off","Cleave","True Grit+1","Metallicize","Evolve"],"relics":["Burning Blood","Shovel","Old Coin","Pocketwatch","Letter Opener","Paper Frog","Potion Belt","Ice Cream","Chemical X"],"potions_floor_usage":[16],"damage_taken":[{"damage":16,"enemies":"Jaw Worm","floor":1,"turns":5},{"damage":0,"enemies":"2 Louse","floor":7,"turns":2},{"damage":32,"enemies":"Gremlin Nob","floor":10,"turns":4},{"damage":0,"enemies":"Cultist","floor":11,"turns":2},{"damage":18,"enemies":"3 Sentries","floor":12,"turns":10},{"damage":7,"enemies":"3 Louse","floor":13,"turns":3},{"damage":32,"enemies":"Slime Boss","floor":16,"turns":12}],"seed_played":"933825093159323952","potions_obtained":[{"floor":1,"key":"SneckoOil"},{"floor":7,"key":"SpeedPotion"}],"is_trial":false,"path_per_floor":["M","?","?","$","T","R","M","R","T","E","M","E","M","$","R","B"],"character_chosen":"IRONCLAD","items_purchased":["Shovel","Chemical X"],"campfire_rested":0,"item_purchase_floors":[4,14],"current_hp_per_floor":[62,62,55,55,55,55,61,61,61,35,41,29,28,28,28,0],"gold":161,"neow_bonus":"TWENTY_PERCENT_HP_BONUS","is_prod":false,"is_daily":false,"chose_seed":false,"campfire_upgraded":1,"win_rate":0,"timestamp":1553958255,"path_taken":["M","?","?","$","?","R","M","R","T","E","M","E","M","$","R","BOSS"],"build_version":"2019-01-23","purchased_purges":1,"victory":false,"max_hp_per_floor":[96,96,96,96,96,96,96,96,96,96,96,96,96,96,96,96],"card_choices":[{"not_picked":["Wild Strike","Rage"],"picked":"Shrug It Off","floor":1},{"not_picked":["Reckless Charge","Wild Strike"],"picked":"Cleave","floor":7},{"not_picked":["Flex","Wild Strike"],"picked":"True Grit","floor":10},{"not_picked":["Twin Strike","Flex"],"picked":"Metallicize","floor":11},{"not_picked":["Heavy Blade","Sword Boomerang","Flex"],"picked":"SKIP","floor":12},{"not_picked":["Juggernaut","Shrug It Off"],"picked":"Evolve","floor":13}],"player_experience":285124,"relics_obtained":[{"floor":5,"key":"Old Coin"},{"floor":6,"key":"Pocketwatch"},{"floor":8,"key":"Letter Opener"},{"floor":9,"key":"Paper Frog"},{"floor":10,"key":"Potion Belt"},{"floor":12,"key":"Ice Cream"}],"event_choices":[{"damage_healed":0,"gold_gain":175,"player_choice":"AGREE","damage_taken":0,"max_hp_gain":0,"max_hp_loss":0,"event_name":"Liars Game","floor":2,"gold_loss":0,"cards_obtained":["Doubt"]},{"cards_removed":["Doubt"],"damage_healed":0,"gold_gain":0,"player_choice":"Card Removal","damage_taken":7,"max_hp_gain":0,"max_hp_loss":0,"event_name":"Golden Wing","floor":3,"gold_loss":0}],"is_beta":false,"boss_relics":[],"items_purged_floors":[14],"is_endless":false,"potions_floor_spawned":[1,7],"killed_by":"Slime Boss","ascension_level":5}