{"gold_per_floor":[12,25,44,44,44,71,71,90,90,123,123,139,167,180,180,281,281,281,281,206,206,206,206],"floor_reached":23,"playtime":1571,"items_purged":["Strike_R"],"score":299,"play_id":"8074bce7-f881-4704-9e01-ab836bbf0296","local_time":"20180917204739","is_ascension_mode":true,"campfire_choices":[{"data":"Rampage","floor":7,"key":"SMITH"},{"data":"Intimidate","floor":15,"key":"SMITH"}],"neow_cost":"NO_GOLD","seed_source_timestamp":352140704645418,"circlet_count":0,"master_deck":["Defend_R","Defend_R","Defend_R","Bash","Rampage+1","Ghostly Armor","Intimidate+1","Warcry+1","Offering+1","Exhume+1","Bite","Bite","Bite","Bite","Bite"],"relics":["Burning Blood","Darkstone Periapt","Boot","Toxic Egg 2","Lantern","Shuriken","Ectoplasm"],"potions_floor_usage":[10,13],"damage_taken":[{"damage":7,"enemies":"Jaw Worm","floor":1,"turns":3},{"damage":0,"enemies":"2 Louse","floor":2,"turns":3},{"damage":5,"enemies":"Small Slimes","floor":3,"turns":3},{"damage":41,"enemies":"Gremlin Nob","floor":6,"turns":5},{"damage":1,"enemies":"Looter","floor":8,"turns":4},{"damage":10,"enemies":"Lagavulin","floor":10,"turns":7},{"damage":0,"enemies":"Exordium Wildlife","floor":12,"turns":4},{"damage":6,"enemies":"3 Sentries","floor":13,"turns":6},{"damage":0,"enemies":"Large Slime","floor":14,"turns":5},{"damage":49,"enemies":"Slime Boss","floor":16,"turns":12},{"damage":33,"enemies":"3 Byrds","floor":18,"turns":5},{"damage":30,"enemies":"Shell Parasite","floor":19,"turns":3},{"damage":21,"enemies":"Snecko","floor":21,"turns":6},{"damage":36,"enemies":"Book of Stabbing","floor":23,"turns":3}],"seed_played":"-2407006675813378857","potions_obtained":[{"floor":8,"key":"PowerPotion"},{"floor":10,"key":"Ancient Potion"},{"floor":12,"key":"AttackPotion"},{"floor":13,"key":"Strength Potion"},{"floor":14,"key":"FairyPotion"},{"floor":18,"key":"Ancient Potion"}],"is_trial":false,"path_per_floor":["M","M","M","?","?","E","R","M","T","E","?","M","E","M","R","B",null,"M","M","$","M","?"],"character_chosen":"IRONCLAD","items_purchased":[],"campfire_rested":0,"item_purchase_floors":[],"current_hp_per_floor":[79,80,80,68,68,33,33,38,38,34,34,40,40,46,46,14,80,53,29,29,14,14,0],"gold":206,"neow_bonus":"REMOVE_TWO","is_prod":false,"is_daily":false,"chose_seed":false,"campfire_upgraded":2,"win_rate":0,"timestamp":1537210059,"path_taken":["M","M","M","?","?","E","R","M","T","E","?","M","E","M","R","BOSS","M","M","$","?","?","E"],"build_version":"2018-09-06","purchased_purges":1,"victory":false,"max_hp_per_floor":[80,80,80,80,80,80,80,80,80,80,80,80,80,80,80,80,80,80,80,80,80,56,56],"card_choices":[{"not_picked":["Iron Wave","Pommel Strike"],"picked":"Rampage","floor":1},{"not_picked":["Flame Barrier","Clothesline"],"picked":"Ghostly Armor","floor":2},{"not_picked":["Thunderclap","Combust","Ghostly Armor"],"picked":"SKIP","floor":3},{"not_picked":["Bloodletting","Heavy Blade"],"picked":"Intimidate","floor":6},{"not_picked":["Iron Wave","Blood for Blood","Clash"],"picked":"SKIP","floor":8},{"not_picked":["Bloodletting+1","Cleave"],"picked":"Warcry+1","floor":10},{"not_picked":["Shrug It Off+1","Flex+1"],"picked":"Offering+1","floor":12},{"not_picked":["Twin Strike","Anger","Heavy Blade"],"picked":"SKIP","floor":13},{"not_picked":["Shockwave+1","Clash","Body Slam"],"picked":"SKIP","floor":14},{"not_picked":["Feed","Bludgeon"],"picked":"Exhume+1","floor":16},{"not_picked":["Battle Trance+1","Perfected Strike","Twin Strike"],"picked":"SKIP","floor":18},{"not_picked":["Searing Blow","Whirlwind+1","Heavy Blade+1"],"picked":"SKIP","floor":19},{"not_picked":["Thunderclap","Heavy Blade","Cleave"],"picked":"SKIP","floor":21}],"player_experience":119669,"relics_obtained":[{"floor":6,"key":"Boot"},{"floor":9,"key":"Toxic Egg 2"},{"floor":10,"key":"Lantern"},{"floor":13,"key":"Shuriken"}],"event_choices":[{"event_name":"Scrap Ooze","player_choice":"success","floor":4,"damage_taken":12},{"event_name":"Living Wall","player_choice":"Forget","floor":5,"damage_taken":0},{"event_name":"Liars Game","player_choice":"disagreed","floor":11,"damage_taken":0},{"event_name":"Vampires","player_choice":"Became a vampire","floor":22,"damage_taken":0}],"is_beta":false,"boss_relics":[{"not_picked":["Snecko Eye","Pandora\u0027s Box"],"picked":"Ectoplasm"}],"items_purged_floors":[20],"is_endless":false,"potions_floor_spawned":[8,10,12,13,14,18,21],"killed_by":"Book of Stabbing","ascension_level":3}