{"gold_per_floor":[112,112,126,18,31,31,46,11,11,30,30,30,30,12,12,90,90,101,115,128,128,128],"floor_reached":22,"playtime":725,"items_purged":[],"score":356,"play_id":"e134b5fe-d9b5-42b3-8330-6065e31b048d","local_time":"20190430185750","is_ascension_mode":true,"campfire_choices":[{"data":"Creative AI","floor":6,"key":"SMITH"},{"data":"Cold Snap","floor":11,"key":"SMITH"},{"data":"Dualcast","floor":13,"key":"SMITH"},{"floor":15,"key":"REST"}],"neow_cost":"NONE","seed_source_timestamp":3737096642279844,"circlet_count":0,"master_deck":["AscendersBane","Strike_B","Strike_B","Strike_B","Strike_B","Defend_B","Defend_B","Defend_B+1","Defend_B+1","Zap+1","Dualcast+1","Conserve Battery","Cold Snap+1","Creative AI+1","Coolheaded","Coolheaded","Seek","Capacitor","Defragment","FTL","Loop","Self Repair"],"relics":["Cracked Core","Darkstone Periapt","Orrery"],"potions_floor_usage":[14,16,20,20],"damage_taken":[{"damage":10,"enemies":"Small Slimes","floor":1,"turns":3},{"damage":0,"enemies":"Jaw Worm","floor":3,"turns":3},{"damage":1,"enemies":"2 Louse","floor":5,"turns":3},{"damage":7,"enemies":"Blue Slaver","floor":7,"turns":4},{"damage":3,"enemies":"3 Louse","floor":10,"turns":4},{"damage":15,"enemies":"Exordium Thugs","floor":14,"turns":4},{"damage":10,"enemies":"Hexaghost","floor":16,"turns":7},{"damage":24,"enemies":"Shell Parasite","floor":18,"turns":9},{"damage":10,"enemies":"Spheric Guardian","floor":19,"turns":7},{"damage":10,"enemies":"Chosen and Byrds","floor":20,"turns":5},{"damage":27,"enemies":"Snecko","floor":22,"turns":4}],"seed_played":"8182478355805540833","potions_obtained":[{"floor":3,"key":"SkillPotion"},{"floor":14,"key":"PowerPotion"},{"floor":16,"key":"Fire Potion"}],"is_trial":false,"path_per_floor":["M","?","M","$","M","R","M","?","T","M","R","?","R","M","R","B",null,"M","M","M","?","M"],"character_chosen":"DEFECT","items_purchased":["Cold Snap","PowerPotion"],"campfire_rested":1,"item_purchase_floors":[4,4],"current_hp_per_floor":[54,33,33,33,32,32,25,42,42,39,39,39,39,24,45,35,62,38,28,18,18,0],"gold":128,"neow_bonus":"UPGRADE_CARD","is_prod":false,"is_daily":false,"chose_seed":false,"campfire_upgraded":3,"win_rate":0,"timestamp":1556647070,"path_taken":["M","?","M","$","M","R","M","?","T","M","R","?","R","M","R","BOSS","M","M","M","?","M"],"build_version":"2019-01-23","purchased_purges":0,"victory":false,"max_hp_per_floor":[71,71,71,71,71,71,71,71,71,71,71,71,71,71,71,71,71,71,71,71,71,71],"card_choices":[{"not_picked":["Steam","Chaos"],"picked":"Conserve Battery","floor":1},{"not_picked":["Redo","Rebound","Leap"],"picked":"SKIP","floor":3},{"not_picked":["Aggregate","Ball Lightning"],"picked":"Creative AI","floor":5},{"not_picked":["Capacitor","Go for the Eyes"],"picked":"Coolheaded","floor":7},{"not_picked":["Aggregate","Conserve Battery","Steam"],"picked":"SKIP","floor":10},{"not_picked":["Thunder Strike","Beam Cell"],"picked":"Coolheaded","floor":14},{"not_picked":["Meteor Strike","Buffer"],"picked":"Seek","floor":16},{"not_picked":["Gash","Conserve Battery"],"picked":"Capacitor","floor":17},{"not_picked":["Barrage","Ball Lightning"],"picked":"Defragment","floor":17},{"not_picked":["Sweeping Beam","Conserve Battery"],"picked":"FTL","floor":17},{"not_picked":["Compile Driver","Coolheaded"],"picked":"Loop","floor":18},{"not_picked":["Rebound","Streamline","Steam Power"],"picked":"SKIP","floor":19},{"not_picked":["Rebound","Lockon"],"picked":"Self Repair","floor":20}],"player_experience":744288,"relics_obtained":[{"floor":9,"key":"Darkstone Periapt"}],"event_choices":[{"damage_healed":0,"gold_gain":0,"player_choice":"Entered Light","damage_taken":21,"max_hp_gain":0,"max_hp_loss":0,"event_name":"Shining Light","floor":2,"gold_loss":0,"cards_upgraded":["Defend_B","Defend_B"]},{"damage_healed":17,"gold_gain":0,"player_choice":"Healed","damage_taken":0,"max_hp_gain":0,"max_hp_loss":0,"event_name":"The Cleric","floor":8,"gold_loss":35},{"damage_healed":0,"gold_gain":0,"player_choice":"Ignored","damage_taken":0,"max_hp_gain":0,"max_hp_loss":0,"event_name":"Golden Idol","floor":12,"gold_loss":0},{"damage_healed":0,"gold_gain":0,"player_choice":"Ignored","damage_taken":0,"max_hp_gain":0,"max_hp_loss":0,"event_name":"Cursed Tome","floor":21,"gold_loss":0}],"is_beta":false,"boss_relics":[{"not_picked":["Coffee Dripper","Empty Cage"],"picked":"Orrery"}],"items_purged_floors":[],"is_endless":false,"potions_floor_spawned":[3,14,16,19],"killed_by":"Snecko","ascension_level":20}