{"gold_per_floor":[110,110,125,144,45,72,72,72,72,72,100,110,141,154,154,254,254,272,124,134,151,151,151,169,186,186,204,204,224,224],"floor_reached":30,"playtime":2671,"items_purged":["Defend_G","Strike_G"],"score":292,"play_id":"a6c8b8a1-7a76-4ef1-84da-b87df6710198","local_time":"20180806220720","is_ascension_mode":true,"campfire_choices":[{"floor":7.0,"key":"REST"},{"data":"Cloak And Dagger","floor":10.0,"key":"SMITH"},{"floor":15.0,"key":"REST"},{"floor":23.0,"key":"REST"},{"floor":28.0,"key":"REST"}],"neow_cost":"NONE","seed_source_timestamp":0,"circlet_count":0,"master_deck":["Defend_G","Defend_G","Defend_G","Defend_G","Strike_G","Strike_G","Strike_G","Strike_G","Survivor","Neutralize","Backflip","Terror","Accuracy","Cloak And Dagger+1","Flying Knee","Well Laid Plans","Choke","Tools of the Trade","Outmaneuver","Storm of Steel","Cloak And Dagger","Distraction","Cloak And Dagger","Deflect+1","Backstab+1"],"special_seed":0,"relics":["Ring of the Snake","Regal Pillow","Gremlin Horn","Question Card","Bottled Tornado","Bottled Lightning","WristBlade","Bag of Marbles"],"potions_floor_usage":[30],"damage_taken":[{"damage":1.0,"enemies":"Small Slimes","floor":1.0,"turns":5.0},{"damage":4.0,"enemies":"Jaw Worm","floor":3.0,"turns":8.0},{"damage":0.0,"enemies":"Cultist","floor":4.0,"turns":4.0},{"damage":29.0,"enemies":"Lagavulin","floor":6.0,"turns":8.0},{"damage":20.0,"enemies":"Gremlin Nob","floor":11.0,"turns":4.0},{"damage":8.0,"enemies":"Red Slaver","floor":12.0,"turns":3.0},{"damage":11.0,"enemies":"Lagavulin","floor":13.0,"turns":5.0},{"damage":1.0,"enemies":"2 Fungi Beasts","floor":14.0,"turns":3.0},{"damage":44.0,"enemies":"The Guardian","floor":16.0,"turns":7.0},{"damage":0.0,"enemies":"Spheric Guardian","floor":18.0,"turns":3.0},{"damage":19.0,"enemies":"2 Thieves","floor":20.0,"turns":3.0},{"damage":16.0,"enemies":"Cultist and Chosen","floor":21.0,"turns":6.0},{"damage":10.0,"enemies":"Centurion and Healer","floor":24.0,"turns":4.0},{"damage":21.0,"enemies":"Snecko","floor":25.0,"turns":4.0},{"damage":24.0,"enemies":"Snake Plant","floor":27.0,"turns":4.0},{"damage":20.0,"enemies":"Centurion and Healer","floor":29.0,"turns":4.0},{"damage":21,"enemies":"Book of Stabbing","floor":30,"turns":4}],"seed_played":"-7037558611627403747","potions_obtained":[{"floor":11.0,"key":"Strength Potion"},{"floor":12.0,"key":"FearPotion"},{"floor":13.0,"key":"EssenceOfSteel"},{"floor":20.0,"key":"Strength Potion"},{"floor":21.0,"key":"FearPotion"},{"floor":24.0,"key":"Energy Potion"},{"floor":25.0,"key":"EssenceOfSteel"},{"floor":27.0,"key":"FearPotion"}],"is_trial":false,"path_per_floor":["M","?","M","M","$","E","R","$","T","R","E","M","E","M","R","B",null,"M","$","M","M","?","R","M","M","T","M","R","M"],"character_chosen":"THE_SILENT","items_purchased":["Cloak And Dagger","Cloak And Dagger"],"campfire_rested":4,"item_purchase_floors":[5,19],"current_hp_per_floor":[69,69,65,65,65,36,70,70,70,70,50,42,31,30,66,22,70,70,70,51,35,22,59,49,28,28,4,41,21,0],"gold":224,"neow_bonus":"RANDOM_COMMON_RELIC","is_prod":false,"is_daily":false,"chose_seed":false,"campfire_upgraded":1,"win_rate":0,"timestamp":1533586040,"path_taken":["M","?","M","?","$","E","R","?","T","R","E","M","E","M","R","BOSS","M","$","M","M","?","R","?","M","T","M","R","M","E"],"build_version":"2018-08-02","purchased_purges":2,"victory":false,"max_hp_per_floor":[70,70,70,70,70,70,70,70,70,70,70,70,70,70,70,70,70,70,70,70,70,75,75,75,75,75,75,75,75,75],"card_choices":[{"not_picked":["Deflect","Sucker Punch"],"picked":"Backflip","floor":1.0},{"not_picked":["Dagger Spray","Concentrate"],"picked":"Terror","floor":3.0},{"not_picked":["Deflect","Dash"],"picked":"Accuracy","floor":4.0},{"not_picked":["Unload","Underhanded Strike"],"picked":"Flying Knee","floor":6.0},{"not_picked":["Endless Agony","Escape Plan","Dash"],"picked":"Well Laid Plans","floor":11.0},{"not_picked":["Tactician","Prepared","Catalyst"],"picked":"Choke","floor":12.0},{"not_picked":["Acrobatics","Bouncing Flask","Underhanded Strike"],"picked":"Tools of the Trade","floor":13.0},{"not_picked":["Bane","Leg Sweep","All Out Attack"],"picked":"Outmaneuver","floor":14.0},{"not_picked":["Night Terror","Adrenaline","Bullet Time"],"picked":"Storm of Steel","floor":16.0},{"not_picked":["Terror","Catalyst","Outmaneuver","Bane+1"],"picked":"SKIP","floor":18.0},{"not_picked":["Noxious Fumes","All Out Attack+1","Deadly Poison"],"picked":"Distraction","floor":20.0},{"not_picked":["Poisoned Stab","Outmaneuver","Bane"],"picked":"Cloak And Dagger","floor":21.0},{"not_picked":["Riddle With Holes","Outmaneuver","Bouncing Flask"],"picked":"Deflect+1","floor":24.0},{"not_picked":["Prepared","Deadly Poison","Escape Plan+1","PiercingWail"],"picked":"SKIP","floor":25.0},{"not_picked":["Slice+1","Caltrops","Flying Knee"],"picked":"Backstab+1","floor":27.0},{"not_picked":["Sucker Punch","Blade Dance","Poisoned Stab","Dodge and Roll"],"picked":"SKIP","floor":29.0}],"player_experience":108260,"relics_obtained":[{"floor":6.0,"key":"Gremlin Horn"},{"floor":9.0,"key":"Question Card"},{"floor":11.0,"key":"Bottled Tornado"},{"floor":13.0,"key":"Bottled Lightning"},{"floor":26.0,"key":"Bag of Marbles"}],"event_choices":[{"event_name":"Liars Game","player_choice":"disagreed","floor":2.0,"damage_taken":0.0},{"event_name":"Forgotten Altar","player_choice":"Shed Blood","floor":22.0,"damage_taken":0.0}],"is_beta":false,"boss_relics":[{"not_picked":["Ring of the Serpent","Fusion Hammer"],"picked":"WristBlade"}],"items_purged_floors":[5,19],"is_endless":false,"potions_floor_spawned":[11,12,13,20,21,24,25,27],"killed_by":"Book of Stabbing","ascension_level":3}