{"gold_per_floor":[161,179,179,141,156,189,189,217,240,270,270,285,315,328,328,433,433,443,368,283,301,107,107,127,157,157,171,189,207,207,50,50,147,147,160,171,171,17,31,60,60,79,127,127,140,140,140,151,151,151],"floor_reached":51,"playtime":5036,"items_purged":["Defend_R"],"score":877,"play_id":"9b8f3abb-aec6-4e92-8eba-8262a9ca4434","local_time":"20181209165341","is_ascension_mode":true,"campfire_choices":[{"data":"Heavy Blade","floor":7,"key":"SMITH"},{"floor":11,"key":"REST"},{"data":"Spot Weakness","floor":15,"key":"SMITH"},{"data":"Metallicize","floor":23,"key":"SMITH"},{"floor":30,"key":"REST"},{"data":"Inflame","floor":32,"key":"SMITH"},{"data":"Demon Form","floor":41,"key":"SMITH"},{"floor":44,"key":"REST"},{"floor":46,"key":"REST"},{"floor":49,"key":"REST"}],"neow_cost":"NONE","seed_source_timestamp":1541712548819,"circlet_count":0,"master_deck":["Strike_R+1","Strike_R+1","Strike_R+1","Defend_R","Spot Weakness+1","Heavy Blade+1","Power Through","Metallicize+1","Shrug It Off","Bludgeon","Rage+1","Offering","Battle Trance","Reaper","Metallicize+1","Offering+1","Battle Trance","Shrug It Off","Sword Boomerang+1","Inflame+1","Whirlwind+1","Headbutt+1","Metallicize","Demon Form+1","Intimidate+1","Feed+1","Spot Weakness+1","Body Slam+1","Heavy Blade","Discovery","Parasite","Bloodletting+1","Entrench+1","Body Slam+1","Madness","Madness","Headbutt+1"],"relics":["Tiny House","Ancient Tea Set","Art of War","Whetstone","Anchor","Potion Belt","Velvet Choker","Ornamental Fan","Pocketwatch","Pear","Astrolabe","Lantern","Matryoshka","Bag of Marbles","War Paint"],"potions_floor_usage":[6,6,13,18,29,33,33,39,48,50,50],"damage_taken":[{"damage":1,"enemies":"Cultist","floor":1,"turns":3},{"damage":6,"enemies":"2 Louse","floor":2,"turns":2},{"damage":0,"enemies":"Jaw Worm","floor":5,"turns":4},{"damage":22,"enemies":"3 Sentries","floor":6,"turns":9},{"damage":4,"enemies":"Gremlin Nob","floor":8,"turns":4},{"damage":28,"enemies":"3 Sentries","floor":10,"turns":7},{"damage":0,"enemies":"Red Slaver","floor":12,"turns":2},{"damage":2,"enemies":"Lagavulin","floor":13,"turns":6},{"damage":6,"enemies":"Lots of Slimes","floor":14,"turns":7},{"damage":25,"enemies":"Hexaghost","floor":16,"turns":9},{"damage":8,"enemies":"2 Thieves","floor":18,"turns":3},{"damage":21,"enemies":"3 Byrds","floor":21,"turns":7},{"damage":17,"enemies":"Snake Plant","floor":24,"turns":3},{"damage":12,"enemies":"Book of Stabbing","floor":25,"turns":4},{"damage":34,"enemies":"Sentry and Sphere","floor":27,"turns":8},{"damage":12,"enemies":"3 Cultists","floor":28,"turns":4},{"damage":11,"enemies":"Cultist and Chosen","floor":29,"turns":5},{"damage":23,"enemies":"Automaton","floor":33,"turns":8},{"damage":0,"enemies":"3 Shapes","floor":35,"turns":4},{"damage":0,"enemies":"Orb Walker","floor":36,"turns":3},{"damage":30,"enemies":"Writhing Mass","floor":39,"turns":5},{"damage":52,"enemies":"Reptomancer","floor":40,"turns":4},{"damage":24,"enemies":"Maw","floor":42,"turns":8},{"damage":46,"enemies":"4 Shapes","floor":45,"turns":7},{"damage":0,"enemies":"Transient","floor":48,"turns":5},{"damage":77,"enemies":"Awakened One","floor":50,"turns":9}],"seed_played":"-9097738378987947515","potions_obtained":[{"floor":0,"key":"Swift Potion"},{"floor":6,"key":"Fruit Juice"},{"floor":8,"key":"Block Potion"},{"floor":10,"key":"SteroidPotion"},{"floor":13,"key":"FearPotion"},{"floor":14,"key":"SpeedPotion"},{"floor":21,"key":"Strength Potion"},{"floor":25,"key":"Swift Potion"},{"floor":28,"key":"Energy Potion"},{"floor":29,"key":"Dexterity Potion"},{"floor":36,"key":"Dexterity Potion"},{"floor":42,"key":"Energy Potion"},{"floor":48,"key":"SpeedPotion"}],"is_trial":false,"path_per_floor":["M","M","?","$","M","E","R","E","T","E","R","M","E","M","R","B",null,"M","?","?","M","$","R","M","E","T","M","M","M","R","$","R","B",null,"M","M","?","$","M","E","R","M","T","R","M","R","?","M","R","B",null],"character_chosen":"IRONCLAD","items_purchased":["Metallicize","Offering","Battle Trance","Metallicize","Lantern"],"campfire_rested":5,"item_purchase_floors":[4,22,22,31,38],"current_hp_per_floor":[84,78,78,78,78,61,61,57,57,29,56,56,54,48,48,23,90,90,90,90,77,77,77,60,48,58,36,54,43,73,73,73,50,100,104,108,108,108,90,59,59,50,50,82,66,99,85,91,112,68],"gold":151,"neow_bonus":"BOSS_RELIC","is_prod":false,"is_daily":false,"chose_seed":false,"campfire_upgraded":5,"win_rate":0,"timestamp":1544370821,"path_taken":["M","M","?","$","M","E","R","E","T","E","R","M","E","M","R","BOSS","M","?","?","M","$","R","M","E","T","M","M","M","R","$","R","BOSS","M","M","?","$","M","E","R","M","T","R","M","R","?","M","R","BOSS"],"build_version":"2018-12-06","purchased_purges":1,"victory":true,"max_hp_per_floor":[85,85,85,85,85,90,90,90,90,90,90,90,90,90,90,90,90,90,90,90,90,90,90,90,90,100,100,100,100,100,100,100,100,100,104,108,108,108,108,108,108,108,108,108,112,112,112,112,112,112],"card_choices":[{"not_picked":["Perfected Strike","Twin Strike"],"picked":"Spot Weakness","floor":0},{"not_picked":["Havoc","Flex"],"picked":"Heavy Blade","floor":1},{"not_picked":["Sever Soul","Searing Blow","Iron Wave"],"picked":"SKIP","floor":2},{"not_picked":["Carnage","Clothesline"],"picked":"Shrug It Off","floor":5},{"not_picked":["Fire Breathing","Heavy Blade"],"picked":"Bludgeon","floor":6},{"not_picked":["Wild Strike","Body Slam","Clothesline"],"picked":"SKIP","floor":8},{"not_picked":["Shrug It Off","Body Slam"],"picked":"Rage","floor":10},{"not_picked":["Carnage","Clothesline","True Grit"],"picked":"SKIP","floor":12},{"not_picked":["Body Slam","Headbutt"],"picked":"Offering","floor":13},{"not_picked":["Second Wind","Entrench"],"picked":"Battle Trance","floor":14},{"not_picked":["Dark Embrace","Double Tap"],"picked":"Reaper","floor":16},{"not_picked":["Clash","Rampage","Combust+1"],"picked":"SKIP","floor":18},{"not_picked":["Warcry+1","Shrug It Off"],"picked":"Metallicize+1","floor":21},{"not_picked":["Perfected Strike+1","Thunderclap+1"],"picked":"Shrug It Off","floor":24},{"not_picked":["Shockwave","Warcry+1"],"picked":"Sword Boomerang+1","floor":25},{"not_picked":["Battle Trance","Wild Strike+1"],"picked":"Inflame","floor":27},{"not_picked":["Anger","Headbutt+1"],"picked":"Whirlwind+1","floor":28},{"not_picked":["Perfected Strike","Fiend Fire"],"picked":"Headbutt+1","floor":29},{"not_picked":["Dark Embrace","Exhume"],"picked":"Demon Form","floor":33},{"not_picked":["Burning Pact+1","Fire Breathing"],"picked":"Body Slam+1","floor":35},{"not_picked":["Battle Trance","Warcry"],"picked":"Heavy Blade","floor":36},{"not_picked":["Panacea","The Bomb"],"picked":"Discovery","floor":37},{"not_picked":["Armaments+1","Heavy Blade"],"picked":"Bloodletting+1","floor":39},{"not_picked":["Fire Breathing+1","Flex"],"picked":"Entrench+1","floor":40},{"not_picked":["Havoc","Hemokinesis+1","Cleave"],"picked":"SKIP","floor":42},{"not_picked":["Iron Wave+1","Havoc"],"picked":"Body Slam+1","floor":45},{"not_picked":["Anger","Seeing Red+1"],"picked":"Headbutt+1","floor":48}],"player_experience":247715,"relics_obtained":[{"floor":6,"key":"Ancient Tea Set"},{"floor":8,"key":"Art of War"},{"floor":9,"key":"Whetstone"},{"floor":10,"key":"Anchor"},{"floor":13,"key":"Potion Belt"},{"floor":25,"key":"Pocketwatch"},{"floor":26,"key":"Pear"},{"floor":40,"key":"Matryoshka"},{"floor":43,"key":"Bag of Marbles"},{"floor":43,"key":"War Paint"}],"event_choices":[{"damage_healed":0,"gold_gain":0,"cards_transformed":["Strike_R"],"player_choice":"Change","damage_taken":0,"max_hp_gain":0,"max_hp_loss":0,"event_name":"Living Wall","floor":3,"gold_loss":0,"cards_obtained":["Power Through"]},{"cards_removed":["Strike_R"],"damage_healed":0,"gold_gain":0,"player_choice":"Gave Gold","damage_taken":0,"max_hp_gain":0,"max_hp_loss":0,"event_name":"Beggar","floor":19,"gold_loss":75},{"damage_healed":0,"gold_gain":0,"player_choice":"Obtained Relic","damage_taken":0,"relics_obtained":["Ornamental Fan"],"max_hp_gain":0,"max_hp_loss":0,"event_name":"Addict","floor":20,"gold_loss":85},{"damage_healed":0,"gold_gain":0,"player_choice":"Memory 1","damage_taken":0,"max_hp_gain":0,"max_hp_loss":0,"event_name":"SensoryStone","floor":37,"gold_loss":0},{"damage_healed":0,"gold_gain":0,"player_choice":"Embrace Madness","damage_taken":14,"max_hp_gain":0,"max_hp_loss":0,"event_name":"Winding Halls","floor":47,"gold_loss":0,"cards_obtained":["Madness","Madness"]}],"is_beta":false,"boss_relics":[{"not_picked":["Runic Pyramid","Mark of Pain"],"picked":"Velvet Choker"},{"not_picked":["Black Star","Runic Cube"],"picked":"Astrolabe"}],"items_purged_floors":[31],"is_endless":false,"potions_floor_spawned":[6,8,10,13,14,21,25,28,29,36,42,48],"ascension_level":2}