{"gold_per_floor":[110,127,127,127,147,179,179,104,129,148,180,180,180,198,198,302,302,315,230,263,274,287,287,322,322,348,378,378,389,417,417,417,417],"floor_reached":33,"playtime":1881,"items_purged":["Strike_R"],"score":438,"play_id":"0c8ca012-8cf3-4f2c-88f1-adc5b66fb2d8","local_time":"20190328191201","is_ascension_mode":true,"campfire_choices":[{"data":"Searing Blow","floor":7.0,"key":"SMITH"},{"data":"Searing Blow+1","floor":12.0,"key":"SMITH"},{"data":"Searing Blow+2","floor":15.0,"key":"SMITH"},{"data":"Searing Blow+3","floor":23.0,"key":"SMITH"},{"data":"Searing Blow+4","floor":25.0,"key":"SMITH"},{"data":"Searing Blow+5","floor":32,"key":"SMITH"}],"neow_cost":"NONE","seed_source_timestamp":0,"circlet_count":0,"master_deck":["Strike_R","Strike_R+1","Strike_R+1","Defend_R","Defend_R","Defend_R","Defend_R","Bash","Flex","Carnage+1","Headbutt","Searing Blow+6","True Grit+1","Battle Trance+1","Cleave"],"special_seed":0,"relics":["Burning Blood","NeowsBlessing","Whetstone","Anchor","PreservedInsect","Happy Flower","Runic Cube","Matryoshka","Red Mask","Kunai","Regal Pillow","Art of War","Boot","Smiling Mask"],"potions_floor_usage":[31],"damage_taken":[{"damage":0.0,"enemies":"Small Slimes","floor":1.0,"turns":1.0},{"damage":0.0,"enemies":"2 Louse","floor":2.0,"turns":1.0},{"damage":0.0,"enemies":"Cultist","floor":5.0,"turns":1.0},{"damage":18.0,"enemies":"Gremlin Nob","floor":6.0,"turns":4.0},{"damage":7.0,"enemies":"Lots of Slimes","floor":10.0,"turns":3.0},{"damage":30.0,"enemies":"Lagavulin","floor":11.0,"turns":6.0},{"damage":8.0,"enemies":"Large Slime","floor":14.0,"turns":4.0},{"damage":21.0,"enemies":"Slime Boss","floor":16.0,"turns":8.0},{"damage":23.0,"enemies":"2 Thieves","floor":18.0,"turns":3.0},{"damage":30.0,"enemies":"Masked Bandits","floor":20.0,"turns":4.0},{"damage":0.0,"enemies":"Chosen","floor":21.0,"turns":4.0},{"damage":18.0,"enemies":"Snake Plant","floor":22.0,"turns":3.0},{"damage":0.0,"enemies":"Book of Stabbing","floor":24.0,"turns":2.0},{"damage":8.0,"enemies":"Gremlin Leader","floor":27.0,"turns":2.0},{"damage":17.0,"enemies":"Snecko","floor":29.0,"turns":5.0},{"damage":0.0,"enemies":"Book of Stabbing","floor":30.0,"turns":2.0},{"damage":0,"enemies":"Centurion and Healer","floor":31,"turns":1},{"damage":56,"enemies":"Collector","floor":33,"turns":3}],"seed_played":"3962766742617038379","potions_obtained":[{"floor":5.0,"key":"Weak Potion"},{"floor":6.0,"key":"FearPotion"},{"floor":11.0,"key":"Weak Potion"},{"floor":14.0,"key":"Weak Potion"},{"floor":20.0,"key":"SmokeBomb"},{"floor":27.0,"key":"AttackPotion"}],"is_trial":false,"path_per_floor":["M","M","?","?","M","E","R","$","T","M","E","R","?","M","R","B",null,"M","?","?","M","M","R","E","R","T","E","?","M","E","M","R","B"],"character_chosen":"IRONCLAD","items_purchased":[],"campfire_rested":0,"item_purchase_floors":[],"current_hp_per_floor":[80,80,80,80,80,68,68,68,68,67,43,43,31,29,29,14,80,63,63,39,45,33,33,39,39,39,37,37,26,32,38,38,0],"gold":417,"neow_bonus":"THREE_ENEMY_KILL","is_prod":false,"is_daily":false,"chose_seed":false,"campfire_upgraded":6,"win_rate":0,"timestamp":1553796721,"path_taken":["M","M","?","?","?","E","R","?","T","M","E","R","?","M","R","BOSS","M","?","?","M","M","R","E","R","T","E","?","M","E","M","R","BOSS"],"build_version":"2019-01-23","purchased_purges":1,"victory":false,"max_hp_per_floor":[80,80,80,80,80,80,80,80,80,80,80,80,80,80,80,80,80,80,80,80,80,80,80,80,80,80,80,80,80,80,80,80,80],"card_choices":[{"not_picked":["Second Wind","True Grit"],"picked":"Flex","floor":1.0},{"not_picked":["Shrug It Off","Armaments"],"picked":"Carnage","floor":2.0},{"not_picked":["Shrug It Off","Heavy Blade"],"picked":"Headbutt","floor":5.0},{"not_picked":["Impervious","Warcry"],"picked":"Searing Blow","floor":6.0},{"not_picked":["Havoc","Twin Strike","Armaments"],"picked":"SKIP","floor":10.0},{"not_picked":["Infernal Blade","Anger","Combust"],"picked":"SKIP","floor":11.0},{"not_picked":["Power Through","Headbutt","Hemokinesis"],"picked":"SKIP","floor":14.0},{"not_picked":["Headbutt","Pommel Strike","Dropkick"],"picked":"SKIP","floor":18.0},{"not_picked":["Second Wind","Ghostly Armor"],"picked":"True Grit+1","floor":21.0},{"not_picked":["Cleave","Warcry","Shrug It Off"],"picked":"SKIP","floor":22.0},{"not_picked":["Ghostly Armor+1","Corruption+1","Inflame"],"picked":"SKIP","floor":24.0},{"not_picked":["Feed","Havoc+1"],"picked":"Battle Trance+1","floor":27.0},{"not_picked":["Thunderclap","Evolve","Shrug It Off"],"picked":"SKIP","floor":29.0},{"not_picked":["Havoc","Sever Soul","Clash"],"picked":"SKIP","floor":30.0}],"player_experience":137661,"relics_obtained":[{"floor":6.0,"key":"Whetstone"},{"floor":9.0,"key":"Anchor"},{"floor":11.0,"key":"PreservedInsect"},{"floor":20.0,"key":"Red Mask"},{"floor":24.0,"key":"Kunai"},{"floor":26.0,"key":"Regal Pillow"},{"floor":26.0,"key":"Art of War"},{"floor":27.0,"key":"Boot"},{"floor":30.0,"key":"Smiling Mask"}],"event_choices":[{"damage_healed":0.0,"max_hp_gain":0.0,"max_hp_loss":0.0,"gold_gain":0.0,"event_name":"Living Wall","player_choice":"Grow","floor":3.0,"gold_loss":0.0,"damage_taken":0.0,"cards_upgraded":["Carnage"]},{"cards_removed":["Strike_R"],"damage_healed":0.0,"max_hp_gain":0.0,"max_hp_loss":0.0,"gold_gain":0.0,"event_name":"Purifier","player_choice":"Purged","floor":4.0,"gold_loss":0.0,"damage_taken":0.0},{"damage_healed":0.0,"max_hp_gain":0.0,"max_hp_loss":0.0,"gold_gain":0.0,"event_name":"Scrap Ooze","player_choice":"Success","floor":13.0,"gold_loss":0.0,"damage_taken":12.0,"relics_obtained":["Happy Flower"]},{"damage_healed":0.0,"max_hp_gain":0.0,"max_hp_loss":0.0,"gold_gain":0.0,"event_name":"Addict","player_choice":"Obtained Relic","floor":19.0,"gold_loss":85.0,"damage_taken":0.0,"relics_obtained":["Matryoshka"]},{"damage_healed":0.0,"max_hp_gain":0.0,"max_hp_loss":0.0,"gold_gain":0.0,"event_name":"Masked Bandits","player_choice":"Fought Bandits","floor":20.0,"gold_loss":0.0,"damage_taken":0.0},{"damage_healed":0.0,"max_hp_gain":0.0,"max_hp_loss":0.0,"gold_gain":0.0,"event_name":"The Library","player_choice":"Read","floor":28.0,"gold_loss":0.0,"damage_taken":0.0,"cards_obtained":["Cleave"]}],"is_beta":false,"boss_relics":[{"not_picked":["Black Blood","Fusion Hammer"],"picked":"Runic Cube"}],"items_purged_floors":[8],"is_endless":false,"potions_floor_spawned":[5,6,11,14,20,21,27],"killed_by":"Collector","ascension_level":4}