{"gold_per_floor":[109,109,284,284,303,303,342,365,392,245,245,270,290,325,337,468,480,515,527,464,576,561,573,604,616,682,709,733,745,790,829,841,948,960,972],"floor_reached":35,"playtime":2432,"items_purged":["Doubt"],"score":449,"play_id":"511e176c-f09a-4f1c-a8d3-e1ffc16f71e3","local_time":"20181207235848","is_ascension_mode":true,"campfire_choices":[{"floor":6,"key":"REST"},{"floor":11,"key":"REST"},{"floor":15,"key":"REST"},{"data":"Blood for Blood","floor":23,"key":"SMITH"},{"floor":29,"key":"REST"},{"floor":32,"key":"REST"}],"neow_cost":"NONE","seed_source_timestamp":217855532459097,"circlet_count":0,"master_deck":["Strike_R","Strike_R","Defend_R","Defend_R","Defend_R","Defend_R","Bash","Offering","Rupture","Shrug It Off","Power Through","Blood for Blood+1","Inflame","Shrug It Off","Body Slam","Immolate","Feed","Headbutt","Barricade","Entrench","Inflame+1","Headbutt","Demon Form","Whirlwind+1","Fire Breathing+1","Thunderclap+1"],"relics":["Burning Blood","Bloody Idol","Regal Pillow","MawBank","Lizard Tail","Pen Nib","Charon\u0027s Ashes","Happy Flower","Astrolabe"],"potions_floor_usage":[14,14,14,16,18,24,27],"damage_taken":[{"damage":3,"enemies":"Small Slimes","floor":1,"turns":4},{"damage":16,"enemies":"Cultist","floor":5,"turns":5},{"damage":55,"enemies":"3 Sentries","floor":7,"turns":13},{"damage":13,"enemies":"Jaw Worm","floor":8,"turns":4},{"damage":6,"enemies":"Blue Slaver","floor":12,"turns":6},{"damage":12,"enemies":"2 Fungi Beasts","floor":13,"turns":6},{"damage":21,"enemies":"Lagavulin","floor":14,"turns":6},{"damage":31,"enemies":"Slime Boss","floor":16,"turns":8},{"damage":39,"enemies":"3 Byrds","floor":18,"turns":7},{"damage":30,"enemies":"2 Thieves","floor":22,"turns":5},{"damage":42,"enemies":"Centurion and Healer","floor":24,"turns":6},{"damage":33,"enemies":"Snecko","floor":27,"turns":5},{"damage":25,"enemies":"Snake Plant","floor":28,"turns":4},{"damage":55,"enemies":"Book of Stabbing","floor":30,"turns":8},{"damage":99,"enemies":"Collector","floor":33,"turns":11},{"damage":80,"enemies":"3 Darklings","floor":35,"turns":5}],"seed_played":"-4587294407812214039","potions_obtained":[{"floor":1,"key":"Poison Potion"},{"floor":7,"key":"Strength Potion"},{"floor":12,"key":"Explosive Potion"},{"floor":14,"key":"SpeedPotion"},{"floor":16,"key":"Weak Potion"},{"floor":22,"key":"Fire Potion"},{"floor":24,"key":"SkillPotion"}],"is_trial":false,"path_per_floor":["M","?","?","?","M","R","E","M","T","$","R","M","M","E","R","B",null,"M","?","?","?","M","R","M","?","T","M","M","R","E","T","R","B",null,"M"],"character_chosen":"IRONCLAD","items_purchased":["Inflame"],"campfire_rested":5,"item_purchase_floors":[10],"current_hp_per_floor":[80,60,60,60,50,74,25,18,18,18,57,57,51,36,75,50,80,47,47,52,62,53,58,32,37,47,30,21,65,26,36,80,37,80,0],"gold":972,"neow_bonus":"ONE_RANDOM_RARE_CARD","is_prod":false,"is_daily":false,"chose_seed":false,"campfire_upgraded":1,"win_rate":0,"timestamp":1544223528,"path_taken":["M","?","?","?","M","R","E","M","T","$","R","M","?","E","R","BOSS","M","?","?","?","?","R","M","?","T","M","M","R","E","?","R","BOSS","M"],"build_version":"2018-12-06","purchased_purges":1,"victory":false,"max_hp_per_floor":[80,80,80,80,80,80,80,80,80,80,80,80,80,80,80,80,80,80,80,80,80,80,80,80,80,80,80,80,80,80,80,80,80,80,80],"card_choices":[{"not_picked":["Clash","Battle Trance"],"picked":"Rupture","floor":1},{"not_picked":["Intimidate","Flex"],"picked":"Shrug It Off","floor":5},{"not_picked":["Feel No Pain","Battle Trance"],"picked":"Power Through","floor":7},{"not_picked":["Havoc","Warcry"],"picked":"Blood for Blood","floor":8},{"not_picked":["Iron Wave","Sever Soul"],"picked":"Shrug It Off","floor":12},{"not_picked":["Perfected Strike","Warcry"],"picked":"Body Slam","floor":13},{"not_picked":["Clash","Thunderclap"],"picked":"Immolate","floor":14},{"not_picked":["Exhume","Double Tap"],"picked":"Feed","floor":16},{"not_picked":["Twin Strike","Perfected Strike+1","Clothesline+1"],"picked":"SKIP","floor":18},{"not_picked":["Burning Pact","Whirlwind+1"],"picked":"Headbutt","floor":22},{"not_picked":["Rage","Iron Wave"],"picked":"Barricade","floor":24},{"not_picked":["True Grit","Heavy Blade"],"picked":"Inflame+1","floor":27},{"not_picked":["Havoc","Heavy Blade","Searing Blow"],"picked":"SKIP","floor":28},{"not_picked":["Feel No Pain","Bloodletting"],"picked":"Headbutt","floor":30},{"not_picked":["Brutality","Barricade"],"picked":"Demon Form","floor":33}],"player_experience":235189,"relics_obtained":[{"floor":9,"key":"Regal Pillow"},{"floor":14,"key":"MawBank"},{"floor":26,"key":"Pen Nib"},{"floor":30,"key":"Charon\u0027s Ashes"},{"floor":31,"key":"Happy Flower"}],"event_choices":[{"damage_healed":0,"gold_gain":0,"player_choice":"Take Damage","damage_taken":20,"relics_obtained":["Golden Idol"],"max_hp_gain":0,"max_hp_loss":0,"event_name":"Golden Idol","floor":2,"gold_loss":0},{"damage_healed":0,"gold_gain":175,"player_choice":"AGREE","damage_taken":0,"max_hp_gain":0,"max_hp_loss":0,"event_name":"Liars Game","floor":3,"gold_loss":0,"cards_obtained":["Doubt"]},{"damage_healed":0,"gold_gain":0,"player_choice":"1 cards matched","damage_taken":0,"max_hp_gain":0,"max_hp_loss":0,"event_name":"Match and Keep!","floor":4,"gold_loss":0,"cards_obtained":["Clumsy"]},{"damage_healed":0,"gold_gain":0,"player_choice":"Gave Idol","damage_taken":0,"relics_obtained":["Bloody Idol"],"max_hp_gain":0,"max_hp_loss":0,"event_name":"Forgotten Altar","floor":19,"relics_lost":["Golden Idol"],"gold_loss":0},{"cards_removed":["Clumsy"],"damage_healed":0,"gold_gain":0,"player_choice":"Gave Gold","damage_taken":0,"max_hp_gain":0,"max_hp_loss":0,"event_name":"Beggar","floor":20,"gold_loss":75},{"damage_healed":0,"gold_gain":100,"player_choice":"Pray","damage_taken":0,"max_hp_gain":0,"max_hp_loss":0,"event_name":"Golden Shrine","floor":21,"gold_loss":0},{"damage_healed":0,"gold_gain":0,"player_choice":"Read","damage_taken":0,"max_hp_gain":0,"max_hp_loss":0,"event_name":"The Library","floor":25,"gold_loss":0,"cards_obtained":["Entrench"]}],"is_beta":false,"boss_relics":[{"not_picked":["Calling Bell","Tiny House"],"picked":"Lizard Tail"},{"not_picked":["Mark of Pain","Runic Cube"],"picked":"Astrolabe"}],"items_purged_floors":[10],"is_endless":false,"potions_floor_spawned":[1,7,12,14,16,22,24],"killed_by":"3 Darklings","ascension_level":2}