{"gold_per_floor":[109,109,109,130,143,143,164,164,164,189,207,132,132,83,83,212,212,226,241,254,154,169,169,193,193,193,213,11,11,11,0,0,123,123,141,0,333,349,349],"floor_reached":39,"playtime":3799,"items_purged":["Injury","Strike_R","Defend_R"],"score":373,"play_id":"e1bad54b-4468-4b37-a17a-27ef95ab4ee9","local_time":"20180703111032","is_ascension_mode":false,"campfire_choices":[{"data":"Clothesline","floor":6,"key":"SMITH"},{"data":"Rampage","floor":8,"key":"SMITH"},{"data":"Flame Barrier","floor":15,"key":"SMITH"},{"floor":23,"key":"REST"},{"data":"Feed","floor":25,"key":"SMITH"},{"data":"Armaments","floor":30,"key":"SMITH"},{"floor":32,"key":"REST"}],"neow_cost":"","seed_source_timestamp":205800950008469,"circlet_count":0,"master_deck":["Strike_R","Strike_R","Strike_R","Defend_R","Defend_R","Bash+1","Flame Barrier+1","Clothesline+1","Rampage+1","Iron Wave","Pommel Strike","Rage+1","Pommel Strike","Searing Blow+1","Feed+1","Flex","Armaments+1","Double Tap","Impervious+1","Flex+1","Seeing Red+1"],"relics":["Burning Blood","Regal Pillow","Velvet Choker","Ancient Tea Set","Astrolabe","Red Mask"],"potions_floor_usage":[16,33,39],"damage_taken":[{"damage":8,"enemies":"Jaw Worm","floor":1,"turns":4},{"damage":0,"enemies":"Cultist","floor":4,"turns":3},{"damage":0,"enemies":"Small Slimes","floor":5,"turns":3},{"damage":13,"enemies":"Exordium Wildlife","floor":7,"turns":4},{"damage":14,"enemies":"Lots of Slimes","floor":10,"turns":6},{"damage":2,"enemies":"Red Slaver","floor":11,"turns":4},{"damage":45,"enemies":"The Guardian","floor":16,"turns":13},{"damage":0,"enemies":"Chosen","floor":18,"turns":6},{"damage":24,"enemies":"Shell Parasite","floor":19,"turns":7},{"damage":3,"enemies":"Cultist and Chosen","floor":20,"turns":8},{"damage":25,"enemies":"Centurion and Healer","floor":22,"turns":11},{"damage":27,"enemies":"Slaver and Parasite","floor":24,"turns":7},{"damage":20,"enemies":"Chosen and Byrds","floor":27,"turns":8},{"damage":69,"enemies":"Champ","floor":33,"turns":11},{"damage":33,"enemies":"3 Shapes","floor":35,"turns":6},{"damage":16,"enemies":"Orb Walker","floor":38,"turns":4},{"damage":70,"enemies":"Maw","floor":39,"turns":9}],"seed_played":"4302630958133819884","potions_obtained":[{"floor":7,"key":"FearPotion"},{"floor":10,"key":"Swift Potion"},{"floor":22,"key":"Ancient Potion"},{"floor":33,"key":"Dexterity Potion"}],"is_trial":false,"path_per_floor":["M","?","?","M","M","R","M","R","T","M","M","$","?","$","R","B",null,"M","M","M","$","M","R","M","R","T","M","$","?","R","?","R","B",null,"M","?","?","M"],"character_chosen":"IRONCLAD","items_purchased":["Pommel Strike","Flex","Armaments"],"campfire_rested":2,"item_purchase_floors":[14,28,28],"current_hp_per_floor":[78,78,78,80,80,80,73,73,73,65,69,69,69,69,69,30,80,80,62,69,69,54,80,59,59,59,45,45,45,45,45,80,21,84,61,61,61,55,0],"gold":349,"neow_bonus":"","is_prod":false,"is_daily":false,"chose_seed":false,"campfire_upgraded":5,"win_rate":0.0,"timestamp":1530609032,"path_taken":["M","?","?","M","M","R","M","R","T","M","?","$","?","$","R","BOSS","M","M","M","$","M","R","M","R","T","M","$","?","R","?","R","BOSS","M","?","?","M","M"],"build_version":"2018-06-28","purchased_purges":3,"victory":false,"max_hp_per_floor":[80,80,80,80,80,80,80,80,80,80,80,80,80,80,80,80,80,80,80,80,80,80,80,80,80,80,80,80,80,80,80,80,84,84,88,88,88,92,92],"card_choices":[{"not_picked":["Perfected Strike","Clash"],"picked":"Flame Barrier","floor":1},{"not_picked":["Warcry","Entrench"],"picked":"Clothesline","floor":4},{"not_picked":["Anger","Thunderclap","Clash"],"picked":"SKIP","floor":5},{"not_picked":["Infernal Blade","Sever Soul"],"picked":"Rampage","floor":7},{"not_picked":["Intimidate","Twin Strike","Thunderclap"],"picked":"SKIP","floor":10},{"not_picked":["Reckless Charge","Cleave"],"picked":"Iron Wave","floor":11},{"not_picked":["Double Tap","Barricade"],"picked":"Reaper","floor":16},{"not_picked":["Shockwave","Clash"],"picked":"Rage+1","floor":18},{"not_picked":["Body Slam","Reckless Charge+1","Clash"],"picked":"SKIP","floor":19},{"not_picked":["Headbutt","True Grit"],"picked":"Pommel Strike","floor":20},{"not_picked":["Combust","Perfected Strike"],"picked":"Searing Blow+1","floor":22},{"not_picked":["Cleave+1","Dual Wield"],"picked":"Feed","floor":24},{"not_picked":["Anger","Pommel Strike","Shrug It Off"],"picked":"SKIP","floor":27},{"not_picked":["Berserk","Offering"],"picked":"Double Tap","floor":33},{"not_picked":["Anger","Thunderclap+1","Fire Breathing"],"picked":"SKIP","floor":35},{"not_picked":["Pommel Strike","Searing Blow+1","Rampage"],"picked":"SKIP","floor":38}],"player_experience":0,"relics_obtained":[{"floor":9,"key":"Regal Pillow"},{"floor":26,"key":"Ancient Tea Set"}],"event_choices":[{"event_name":"Upgrade Shrine","player_choice":"Upgraded","floor":2,"damage_taken":0},{"event_name":"Golden Idol","player_choice":"Take Wound","floor":3,"damage_taken":0},{"event_name":"The Cleric","player_choice":"Leave","floor":13,"damage_taken":0},{"event_name":"Beggar","player_choice":"Ignored","floor":29,"damage_taken":0},{"event_name":"Masked Bandits","player_choice":"Paid Bandits 11 gold","floor":31,"damage_taken":0},{"event_name":"Tomb of Lord Red Mask","player_choice":"Paid","floor":36,"damage_taken":0},{"event_name":"The Moai Head","player_choice":"Gave Idol","floor":37,"damage_taken":0}],"boss_relics":[{"not_picked":["Black Blood","Eternal Feather"],"picked":"Velvet Choker"},{"not_picked":["Lizard Tail","Cursed Key"],"picked":"Astrolabe"}],"items_purged_floors":[12,21,28],"is_endless":false,"potions_floor_spawned":[7,10,22,33],"killed_by":"Maw","ascension_level":0}