{"gold_per_floor":[132,166,166,4,44,44,104,104,172,216,234,299,47,67,67,67],"floor_reached":16,"playtime":488,"items_purged":["Shame"],"score":192,"play_id":"df973332-5992-4e06-9037-deacec28b2bc","local_time":"20190430190607","is_ascension_mode":true,"campfire_choices":[{"data":"Flame Barrier","floor":6,"key":"SMITH"},{"data":"Flame Barrier","floor":15,"key":"SMITH"}],"neow_cost":"CURSE","seed_source_timestamp":3737830829618986,"circlet_count":0,"master_deck":["AscendersBane","Strike_R","Strike_R","Strike_R","Strike_R","Defend_R","Defend_R","Defend_R","Defend_R","Bash","Bandage Up","HandOfGreed","Shrug It Off","Cleave","Hemokinesis","Flame Barrier+1","Thunderclap","Pummel","Flame Barrier+1","Rage","Hemokinesis","Backflip"],"relics":["Burning Blood","Golden Idol","Kunai","PrismaticShard"],"potions_floor_usage":[11,16,16],"damage_taken":[{"damage":14,"enemies":"Small Slimes","floor":1,"turns":4},{"damage":9,"enemies":"2 Louse","floor":2,"turns":3},{"damage":3,"enemies":"Cultist","floor":5,"turns":2},{"damage":15,"enemies":"Lots of Slimes","floor":7,"turns":4},{"damage":11,"enemies":"Looter","floor":10,"turns":2},{"damage":13,"enemies":"Blue Slaver","floor":11,"turns":4},{"damage":8,"enemies":"Gremlin Gang","floor":12,"turns":5},{"damage":9,"enemies":"Large Slime","floor":14,"turns":5},{"damage":41,"enemies":"Hexaghost","floor":16,"turns":9}],"seed_played":"3108474039692101129","potions_obtained":[{"floor":7,"key":"SmokeBomb"},{"floor":10,"key":"Swift Potion"},{"floor":12,"key":"Energy Potion"},{"floor":14,"key":"Weak Potion"}],"is_trial":false,"path_per_floor":["M","M","?","$","M","R","M","?","T","M","M","M","$","M","R","B"],"character_chosen":"IRONCLAD","items_purchased":["Hemokinesis","PrismaticShard","Hemokinesis"],"campfire_rested":0,"item_purchase_floors":[4,13,13],"current_hp_per_floor":[64,65,39,39,42,42,37,37,37,36,33,35,35,36,36,0],"gold":67,"neow_bonus":"RANDOM_COLORLESS_2","is_prod":false,"is_daily":false,"chose_seed":false,"campfire_upgraded":2,"win_rate":0,"timestamp":1556647567,"path_taken":["M","M","?","$","M","R","M","?","T","?","M","?","$","M","R","BOSS"],"build_version":"2019-01-23","purchased_purges":1,"victory":false,"max_hp_per_floor":[75,75,75,75,75,75,75,75,75,75,75,75,75,75,75,75],"card_choices":[{"not_picked":["Disarm","Heavy Blade"],"picked":"Shrug It Off","floor":1},{"not_picked":["Heavy Blade","True Grit"],"picked":"Cleave","floor":2},{"not_picked":["True Grit","Sword Boomerang"],"picked":"Flame Barrier","floor":5},{"not_picked":["Burning Pact","Cleave"],"picked":"Thunderclap","floor":7},{"not_picked":["Body Slam","Burning Pact"],"picked":"Flame Barrier","floor":10},{"not_picked":["Armaments","Corruption","Blood for Blood"],"picked":"SKIP","floor":11},{"not_picked":["Flex","Perfected Strike"],"picked":"Rage","floor":12},{"not_picked":["Blizzard","Prepared"],"picked":"Backflip","floor":14}],"player_experience":745013,"relics_obtained":[{"floor":9,"key":"Kunai"}],"event_choices":[{"damage_healed":0,"gold_gain":0,"player_choice":"Take Damage","damage_taken":26,"relics_obtained":["Golden Idol"],"max_hp_gain":0,"max_hp_loss":0,"event_name":"Golden Idol","floor":3,"gold_loss":0},{"damage_healed":0,"gold_gain":0,"cards_transformed":["Strike_R"],"player_choice":"Transformed","damage_taken":0,"max_hp_gain":0,"max_hp_loss":0,"event_name":"Transmorgrifier","floor":8,"gold_loss":0,"cards_obtained":["Pummel"]}],"is_beta":false,"boss_relics":[],"items_purged_floors":[4],"is_endless":false,"potions_floor_spawned":[7,10,12,14],"killed_by":"Hexaghost","ascension_level":20}