{"gold_per_floor":[115,115,133,96,108,143,143,163,190,218,218,244,254,266,266,266],"floor_reached":16,"playtime":1128,"items_purged":[],"score":177,"play_id":"318294bf-6343-42c6-8f56-8ac1390af343","local_time":"20190408225352","is_ascension_mode":true,"campfire_choices":[{"data":"Pommel Strike","floor":7,"key":"SMITH"},{"data":"Seeing Red","floor":15,"key":"SMITH"}],"neow_cost":"NONE","seed_source_timestamp":206494577379789,"circlet_count":0,"master_deck":["Strike_R","Strike_R","Strike_R","Strike_R","Strike_R","Defend_R+1","Defend_R","Defend_R","Defend_R+1","Bash","Iron Wave","Pummel","Warcry","Pommel Strike+1","Cleave","Seeing Red+1","Spot Weakness"],"relics":["Burning Blood","Boot","Happy Flower","War Paint","Bronze Scales"],"potions_floor_usage":[6,12,12,16],"damage_taken":[{"damage":5,"enemies":"2 Louse","floor":1,"turns":4},{"damage":6,"enemies":"Cultist","floor":3,"turns":4},{"damage":7,"enemies":"Jaw Worm","floor":5,"turns":3},{"damage":31,"enemies":"Gremlin Nob","floor":6,"turns":5},{"damage":9,"enemies":"Red Slaver","floor":8,"turns":2},{"damage":20,"enemies":"3 Sentries","floor":10,"turns":8},{"damage":18,"enemies":"Gremlin Nob","floor":12,"turns":3},{"damage":0,"enemies":"Exordium Thugs","floor":13,"turns":3},{"damage":0,"enemies":"2 Fungi Beasts","floor":14,"turns":2},{"damage":61,"enemies":"Hexaghost","floor":16,"turns":9}],"seed_played":"6408794670732893760","potions_obtained":[{"floor":1,"key":"AttackPotion"},{"floor":5,"key":"BloodPotion"},{"floor":8,"key":"SteroidPotion"},{"floor":11,"key":"Strength Potion"},{"floor":14,"key":"Regen Potion"}],"is_trial":false,"path_per_floor":["M","?","M","$","M","E","R","M","T","E","?","E","M","M","R","B"],"character_chosen":"IRONCLAD","items_purchased":["Pummel"],"campfire_rested":0,"item_purchase_floors":[4],"current_hp_per_floor":[81,81,81,81,80,55,55,52,52,38,38,34,40,46,46,0],"gold":266,"neow_bonus":"TEN_PERCENT_HP_BONUS","is_prod":false,"is_daily":false,"chose_seed":false,"campfire_upgraded":2,"win_rate":0,"timestamp":1554756832,"path_taken":["M","?","M","$","M","E","R","M","T","E","?","E","M","M","R","BOSS"],"build_version":"2019-01-23","purchased_purges":0,"victory":false,"max_hp_per_floor":[88,88,88,88,88,88,88,88,88,88,88,88,88,88,88,88],"card_choices":[{"not_picked":["Second Wind","Dropkick","Searing Blow"],"picked":"SKIP","floor":1},{"not_picked":["Wild Strike","Entrench"],"picked":"Iron Wave","floor":3},{"not_picked":["Twin Strike","Havoc"],"picked":"Warcry","floor":5},{"not_picked":["True Grit","Metallicize"],"picked":"Pommel Strike","floor":6},{"not_picked":["Pommel Strike","Combust","Dropkick"],"picked":"SKIP","floor":8},{"not_picked":["Warcry","Searing Blow"],"picked":"Cleave","floor":10},{"not_picked":["Berserk","Pommel Strike","Bloodletting"],"picked":"SKIP","floor":12},{"not_picked":["Flex","Iron Wave"],"picked":"Seeing Red","floor":13},{"not_picked":["Twin Strike","Clothesline"],"picked":"Spot Weakness","floor":14}],"player_experience":614122,"relics_obtained":[{"floor":6,"key":"Boot"},{"floor":9,"key":"Happy Flower"},{"floor":10,"key":"War Paint"},{"floor":12,"key":"Bronze Scales"}],"event_choices":[{"damage_healed":0,"gold_gain":0,"player_choice":"Ignored","damage_taken":0,"max_hp_gain":0,"max_hp_loss":0,"event_name":"Liars Game","floor":2,"gold_loss":0},{"damage_healed":0,"gold_gain":0,"player_choice":"Got Potions","damage_taken":0,"max_hp_gain":0,"max_hp_loss":0,"event_name":"Lab","floor":11,"gold_loss":0}],"is_beta":false,"boss_relics":[],"items_purged_floors":[],"is_endless":false,"potions_floor_spawned":[1,5,8,14],"killed_by":"Hexaghost","ascension_level":9}