{"gold_per_floor":[117,32,32,32,32,32,48,48,72,22,57,57,7,27,27,27],"floor_reached":16,"playtime":353,"items_purged":["Strike_G","Defend_G"],"score":158,"play_id":"36bd816f-3fb4-4fcf-925b-49e1219b3c8d","local_time":"20190430165046","is_ascension_mode":true,"campfire_choices":[{"data":"Neutralize","floor":6,"key":"SMITH"},{"data":"Dagger Spray","floor":8,"key":"SMITH"},{"floor":15,"key":"REST"}],"neow_cost":"NONE","seed_source_timestamp":304565743548760,"circlet_count":0,"master_deck":["AscendersBane","Defend_G","Defend_G","Defend_G","Defend_G","Strike_G","Strike_G","Strike_G","Survivor","Neutralize+1","Poisoned Stab","Catalyst","Dagger Spray","Dagger Spray+1","Glass Knife","Infinite Blades"],"relics":["Ring of the Snake","Golden Idol","Smiling Mask","Tough Bandages","Ancient Tea Set"],"potions_floor_usage":[14],"damage_taken":[{"damage":4,"enemies":"2 Louse","floor":1,"turns":7},{"damage":0,"enemies":"Small Slimes","floor":7,"turns":3},{"damage":27,"enemies":"3 Sentries","floor":11,"turns":7},{"damage":0,"enemies":"Cultist","floor":14,"turns":2},{"damage":43,"enemies":"The Guardian","floor":16,"turns":6}],"seed_played":"6256622386113931189","potions_obtained":[{"floor":7,"key":"Ancient Potion"},{"floor":14,"key":"Fruit Juice"}],"is_trial":false,"path_per_floor":["M","$","?","$","?","R","M","R","T","$","E","?","$","M","R","B"],"character_chosen":"THE_SILENT","items_purchased":["Catalyst","Dagger Spray"],"campfire_rested":1,"item_purchase_floors":[2,2],"current_hp_per_floor":[66,66,47,47,47,47,47,47,47,47,20,13,13,18,42,0],"gold":27,"neow_bonus":"TEN_PERCENT_HP_BONUS","is_prod":false,"is_daily":false,"chose_seed":false,"campfire_upgraded":2,"win_rate":0,"timestamp":1556614246,"path_taken":["M","$","?","$","?","R","?","R","T","?","E","?","$","M","R","BOSS"],"build_version":"2019-01-23","purchased_purges":2,"victory":false,"max_hp_per_floor":[77,77,77,77,77,77,77,77,77,77,77,77,77,82,82,82],"card_choices":[{"not_picked":["Flying Knee","Underhanded Strike"],"picked":"Poisoned Stab","floor":1},{"not_picked":["Acrobatics","Poisoned Stab"],"picked":"Dagger Spray","floor":7},{"not_picked":["Concentrate","Blade Dance"],"picked":"Glass Knife","floor":11},{"not_picked":["Quick Slash","Dagger Throw"],"picked":"Infinite Blades","floor":14}],"player_experience":454202,"relics_obtained":[{"floor":9,"key":"Smiling Mask"},{"floor":11,"key":"Tough Bandages"}],"event_choices":[{"damage_healed":0,"gold_gain":0,"player_choice":"Take Damage","damage_taken":19,"relics_obtained":["Golden Idol"],"max_hp_gain":0,"max_hp_loss":0,"event_name":"Golden Idol","floor":3,"gold_loss":0},{"cards_removed":["Strike_G"],"damage_healed":0,"gold_gain":0,"player_choice":"Purged","damage_taken":0,"max_hp_gain":0,"max_hp_loss":0,"event_name":"Purifier","floor":5,"gold_loss":0},{"damage_healed":0,"gold_gain":0,"player_choice":"Success","damage_taken":7,"relics_obtained":["Ancient Tea Set"],"max_hp_gain":0,"max_hp_loss":0,"event_name":"Scrap Ooze","floor":12,"gold_loss":0}],"is_beta":false,"boss_relics":[],"items_purged_floors":[10,13],"is_endless":false,"potions_floor_spawned":[7,14],"killed_by":"The Guardian","ascension_level":13}