{"gold_per_floor":[115,64,78,98,113,113,145,145,170,170,188,221,231,244,244,349,349,274,274,2,2,2,2,2,2,2,2,2,2,2,2,2,2,2,2,2,2,2,2,2,2,2,2,2,2,2,2,2,2,2],"floor_reached":50,"playtime":5335,"items_purged":["Strike_G"],"score":573,"play_id":"9803147c-9c4d-4f14-921b-4aab697697ab","local_time":"20180723230858","is_ascension_mode":true,"campfire_choices":[{"data":"Catalyst","floor":6.0,"key":"SMITH"},{"data":"Poisoned Stab","floor":8.0,"key":"SMITH"},{"data":"Outmaneuver","floor":10.0,"key":"SMITH"},{"floor":15.0,"key":"REST"},{"data":"Noxious Fumes","floor":23.0,"key":"SMITH"},{"floor":25.0,"key":"REST"},{"data":"Well Laid Plans","floor":27.0,"key":"SMITH"},{"data":"Burst","floor":29.0,"key":"SMITH"},{"floor":32.0,"key":"REST"},{"floor":40.0,"key":"REST"},{"floor":44,"key":"REST"},{"floor":49,"key":"REST"}],"neow_cost":"NONE","seed_source_timestamp":1073395675891003,"circlet_count":0,"master_deck":["Defend_G","Defend_G","Defend_G+1","Defend_G","Defend_G","Strike_G","Strike_G","Strike_G","Survivor+1","Neutralize+1","Quick Slash","Outmaneuver+1","Poisoned Stab+1","Blur","Catalyst+1","Poisoned Stab","Dodge and Roll","Well Laid Plans+1","Burst+1","Noxious Fumes+1","Backflip","Backflip","Night Terror","Poisoned Stab+1","Madness","Madness"],"special_seed":0,"relics":["Ring of the Snake","Snake Skull","Bag of Preparation","War Paint","Ectoplasm","Strange Spoon","Centennial Puzzle","Matryoshka","Kunai","WristBlade","Juzu Bracelet","Bronze Scales"],"potions_floor_usage":[41,42,50,50,50],"damage_taken":[{"damage":1.0,"enemies":"Small Slimes","floor":1.0,"turns":4.0},{"damage":1.0,"enemies":"2 Louse","floor":3.0,"turns":3.0},{"damage":0.0,"enemies":"Jaw Worm","floor":4.0,"turns":5.0},{"damage":0.0,"enemies":"Blue Slaver","floor":5.0,"turns":5.0},{"damage":22.0,"enemies":"3 Sentries","floor":7.0,"turns":10.0},{"damage":0.0,"enemies":"Looter","floor":11.0,"turns":2.0},{"damage":8.0,"enemies":"Gremlin Nob","floor":12.0,"turns":4.0},{"damage":1.0,"enemies":"2 Fungi Beasts","floor":13.0,"turns":3.0},{"damage":7.0,"enemies":"Lots of Slimes","floor":14.0,"turns":8.0},{"damage":10.0,"enemies":"Hexaghost","floor":16.0,"turns":8.0},{"damage":9.0,"enemies":"2 Thieves","floor":18.0,"turns":5.0},{"damage":0.0,"enemies":"Shell Parasite","floor":19.0,"turns":4.0},{"damage":7.0,"enemies":"3 Cultists","floor":21.0,"turns":5.0},{"damage":21.0,"enemies":"Book of Stabbing","floor":24.0,"turns":4.0},{"damage":2.0,"enemies":"Centurion and Healer","floor":28.0,"turns":5.0},{"damage":3.0,"enemies":"Slavers","floor":30.0,"turns":5.0},{"damage":52.0,"enemies":"Automaton","floor":33.0,"turns":7.0},{"damage":0.0,"enemies":"3 Shapes","floor":35.0,"turns":6.0},{"damage":14.0,"enemies":"3 Darklings","floor":36.0,"turns":6.0},{"damage":12.0,"enemies":"Spire Growth","floor":37.0,"turns":6.0},{"damage":9.0,"enemies":"Sphere and 2 Shapes","floor":39.0,"turns":7.0},{"damage":14,"enemies":"Transient","floor":41,"turns":3},{"damage":18,"enemies":"4 Shapes","floor":42,"turns":5},{"damage":21,"enemies":"Sphere and 2 Shapes","floor":47,"turns":6},{"damage":36,"enemies":"Awakened One","floor":50,"turns":5}],"seed_played":"4211800853793147293","potions_obtained":[{"floor":4.0,"key":"SpeedPotion"},{"floor":11.0,"key":"Weak Potion"},{"floor":14.0,"key":"Strength Potion"},{"floor":16.0,"key":"Strength Potion"},{"floor":18.0,"key":"Explosive Potion"},{"floor":30.0,"key":"Poison Potion"},{"floor":35.0,"key":"Dexterity Potion"},{"floor":41,"key":"LiquidBronze"},{"floor":47,"key":"Swift Potion"}],"is_trial":false,"path_per_floor":["M","$","M","M","M","R","E","R","T","R","M","E","M","M","R","B",null,"M","M","$","M","?","R","E","R","T","R","M","R","E","?","R","B",null,"M","M","M","?","M","R","M","M","T","R","?","?","M","$","R"],"character_chosen":"THE_SILENT","items_purchased":["Outmaneuver","Strange Spoon"],"campfire_rested":6,"item_purchase_floors":[2,20],"current_hp_per_floor":[69,69,68,68,68,68,46,46,46,46,46,38,37,30,51,41,70,61,61,61,54,54,54,33,54,54,54,52,52,49,49,70,18,70,70,56,44,44,35,56,42,24,24,45,36,36,15,15,36,0],"gold":2,"neow_bonus":"UPGRADE_CARD","is_prod":false,"is_daily":false,"chose_seed":false,"campfire_upgraded":6,"win_rate":0,"timestamp":1532380138,"path_taken":["M","$","M","M","M","R","E","R","T","R","M","E","M","M","R","BOSS","M","M","$","M","?","R","E","R","T","R","M","R","E","?","R","BOSS","M","M","M","?","?","R","M","?","T","R","?","?","M","$","R","BOSS"],"build_version":"2018-07-19v2","purchased_purges":1,"victory":false,"max_hp_per_floor":[70,70,70,70,70,70,70,70,70,70,70,70,70,70,70,70,70,70,70,70,70,70,70,70,70,70,70,70,70,70,70,70,70,70,70,70,70,70,70,70,70,70,70,70,70,70,70,70,70,70],"card_choices":[{"not_picked":["Acrobatics","Slice"],"picked":"Quick Slash","floor":1.0},{"not_picked":["Acrobatics","Well Laid Plans"],"picked":"Poisoned Stab","floor":3.0},{"not_picked":["Backstab","Sucker Punch"],"picked":"Blur","floor":4.0},{"not_picked":["Tactician","Underhanded Strike"],"picked":"Catalyst","floor":5.0},{"not_picked":["Blade Dance","Concentrate"],"picked":"Poisoned Stab","floor":7.0},{"not_picked":["Caltrops","Terror"],"picked":"Dodge and Roll","floor":11.0},{"not_picked":["Reflex","Crippling Poison","Flying Knee"],"picked":"SKIP","floor":12.0},{"not_picked":["Endless Agony","Slice","Sucker Punch"],"picked":"SKIP","floor":13.0},{"not_picked":["Reflex","Skewer"],"picked":"Well Laid Plans","floor":14.0},{"not_picked":["Unload","Adrenaline"],"picked":"Burst","floor":16.0},{"not_picked":["Backflip","Tactician"],"picked":"Noxious Fumes","floor":18.0},{"not_picked":["Quick Slash+1","PiercingWail+1"],"picked":"Backflip","floor":19.0},{"not_picked":["Burst","Dodge and Roll"],"picked":"Backflip","floor":21.0},{"not_picked":["Dagger Spray","Heel Hook","Endless Agony"],"picked":"SKIP","floor":24.0},{"not_picked":["Sucker Punch","Blade Dance","Blur+1"],"picked":"SKIP","floor":28.0},{"not_picked":["Prepared+1","Underhanded Strike","Deflect"],"picked":"SKIP","floor":30.0},{"not_picked":["Unload","Die Die Die"],"picked":"Night Terror","floor":33.0},{"not_picked":["Tactician+1","Cloak And Dagger+1"],"picked":"Poisoned Stab+1","floor":35.0},{"not_picked":["Slice+1","Poisoned Stab+1","Acrobatics"],"picked":"SKIP","floor":36.0},{"not_picked":["Slice","Acrobatics+1","Dodge and Roll"],"picked":"SKIP","floor":37.0},{"not_picked":["Infinite Blades+1","Concentrate+1","Deflect+1"],"picked":"SKIP","floor":39.0},{"not_picked":["Skewer+1","Sucker Punch","Tactician"],"picked":"SKIP","floor":41},{"not_picked":["Concentrate","Storm of Steel","Well Laid Plans+1"],"picked":"SKIP","floor":42},{"not_picked":["Cloak And Dagger+1","Eviscerate","Quick Slash+1"],"picked":"SKIP","floor":47}],"player_experience":93236,"relics_obtained":[{"floor":7.0,"key":"Snake Skull"},{"floor":9.0,"key":"Bag of Preparation"},{"floor":12.0,"key":"War Paint"},{"floor":24.0,"key":"Centennial Puzzle"},{"floor":26.0,"key":"Matryoshka"},{"floor":30.0,"key":"Kunai"},{"floor":43,"key":"Juzu Bracelet"},{"floor":43,"key":"Bronze Scales"}],"event_choices":[{"event_name":"Ghosts","player_choice":"Ignored","floor":22.0,"damage_taken":0.0},{"event_name":"Vampires","player_choice":"Ignored","floor":31.0,"damage_taken":0.0},{"event_name":"Mysterious Sphere","player_choice":"Ignore","floor":38.0,"damage_taken":0.0},{"event_name":"Winding Halls","player_choice":"Embrace Madness","floor":45,"damage_taken":0},{"event_name":"Falling","player_choice":"Removed Attack","floor":46,"damage_taken":0}],"is_beta":false,"boss_relics":[{"not_picked":["Empty Cage","Busted Crown"],"picked":"Ectoplasm"},{"not_picked":["Pandora\u0027s Box","Cursed Key"],"picked":"WristBlade"}],"items_purged_floors":[20],"is_endless":false,"potions_floor_spawned":[4,11,14,16,18,19,30,35,37,39,41,47],"killed_by":"Awakened One","ascension_level":2}