{"gold_per_floor":[114,189,189,201,214,214,242,242,267,14,14,56,93,106,106,306,306,371,439,439,479,14,14,69,69,69,69,124,97,107,151,151,151],"floor_reached":33,"playtime":1940,"items_purged":[],"score":344,"play_id":"b4f8ec85-a953-45b2-942f-5896ddc2588c","local_time":"20190301151212","is_ascension_mode":true,"campfire_choices":[{"data":"Bash","floor":6,"key":"SMITH"},{"data":"Warcry","floor":8,"key":"SMITH"},{"data":"HandOfGreed","floor":11,"key":"SMITH"},{"data":"Armaments","floor":15,"key":"SMITH"},{"data":"Demon Form","floor":23,"key":"SMITH"},{"data":"Sword Boomerang","floor":32,"key":"SMITH"}],"neow_cost":"NONE","seed_source_timestamp":1130486198409979,"circlet_count":0,"master_deck":["Strike_R+1","Strike_R+1","Strike_R+1","Strike_R+1","Strike_R+1","Defend_R+1","Defend_R+1","Defend_R+1","Defend_R+1","Bash+1","Sentinel","Headbutt","Warcry+1","Demon Form+1","HandOfGreed+1","Power Through","Dropkick","Armaments+1","Uppercut+1","Immolate+1","True Grit","Fire Breathing+1","Sword Boomerang+1","Second Wind","Feel No Pain","Warcry+1","Shrug It Off","Heavy Blade+1"],"relics":["Burning Blood","Lantern","Strawberry","Happy Flower","Sozu","Bag of Preparation","Brimstone","Smiling Mask","Bottled Flame","Whetstone"],"potions_floor_usage":[7,28,30],"damage_taken":[{"damage":10,"enemies":"Small Slimes","floor":1,"turns":3},{"damage":7,"enemies":"2 Louse","floor":4,"turns":4},{"damage":7,"enemies":"Jaw Worm","floor":5,"turns":3},{"damage":30,"enemies":"3 Sentries","floor":7,"turns":11},{"damage":3,"enemies":"Blue Slaver","floor":12,"turns":6},{"damage":9,"enemies":"Red Slaver","floor":13,"turns":4},{"damage":6,"enemies":"Looter","floor":14,"turns":2},{"damage":50,"enemies":"Slime Boss","floor":16,"turns":16},{"damage":9,"enemies":"2 Thieves","floor":18,"turns":3},{"damage":21,"enemies":"3 Byrds","floor":19,"turns":5},{"damage":1,"enemies":"Centurion and Healer","floor":21,"turns":6},{"damage":12,"enemies":"Slavers","floor":24,"turns":2},{"damage":4,"enemies":"Book of Stabbing","floor":28,"turns":4},{"damage":15,"enemies":"Snake Plant","floor":30,"turns":3},{"damage":16,"enemies":"Sentry and Sphere","floor":31,"turns":4},{"damage":78,"enemies":"Automaton","floor":33,"turns":6}],"seed_played":"4508095674617667892","potions_obtained":[{"floor":1,"key":"Fire Potion"},{"floor":4,"key":"Weak Potion"},{"floor":7,"key":"Weak Potion"}],"is_trial":false,"path_per_floor":["M","?","?","M","M","R","E","R","T","$","R","M","M","M","R","B",null,"M","M","?","M","$","R","E","?","T","?","E","$","M","M","R","B"],"character_chosen":"IRONCLAD","items_purchased":["HandOfGreed","Power Through","Sword Boomerang","Bag of Preparation","Brimstone","Second Wind","Shrug It Off"],"campfire_rested":0,"item_purchase_floors":[10,10,22,22,22,22,29],"current_hp_per_floor":[76,65,70,69,68,68,51,51,51,51,51,54,51,51,51,7,92,89,74,74,79,79,79,73,73,73,73,75,75,66,56,56,0],"gold":151,"neow_bonus":"RANDOM_COMMON_RELIC","is_prod":false,"is_daily":false,"chose_seed":false,"campfire_upgraded":6,"win_rate":0,"timestamp":1551449532,"path_taken":["M","?","?","M","M","R","E","R","T","?","R","?","M","M","R","BOSS","M","M","?","?","$","R","E","?","T","?","E","?","?","M","R","BOSS"],"build_version":"2019-01-23","purchased_purges":0,"victory":false,"max_hp_per_floor":[80,80,85,85,85,85,92,92,92,92,92,92,92,92,92,92,92,92,92,92,92,92,92,92,92,92,92,92,92,92,92,92,92],"card_choices":[{"not_picked":["Bloodletting","Entrench"],"picked":"Sentinel","floor":1},{"not_picked":["Body Slam","Hemokinesis"],"picked":"Headbutt","floor":4},{"not_picked":["Bloodletting","Seeing Red"],"picked":"Warcry","floor":5},{"not_picked":["Sword Boomerang","Shrug It Off"],"picked":"Demon Form","floor":7},{"not_picked":["Iron Wave","Thunderclap"],"picked":"Dropkick","floor":12},{"not_picked":["Thunderclap","Rupture"],"picked":"Armaments","floor":13},{"not_picked":["Flex","Headbutt"],"picked":"Uppercut","floor":14},{"not_picked":["Demon Form","Brutality"],"picked":"Immolate","floor":16},{"not_picked":["Infernal Blade","Perfected Strike","Seeing Red"],"picked":"SKIP","floor":18},{"not_picked":["Spot Weakness","Pommel Strike+1"],"picked":"True Grit","floor":19},{"not_picked":["Warcry","Iron Wave"],"picked":"Fire Breathing+1","floor":21},{"not_picked":["Perfected Strike","Fiend Fire","Anger"],"picked":"SKIP","floor":24},{"not_picked":["Armaments","Clash"],"picked":"Warcry+1","floor":28},{"not_picked":["Pommel Strike+1","Sword Boomerang"],"picked":"Heavy Blade+1","floor":30},{"not_picked":["Berserk","Headbutt","Sever Soul+1"],"picked":"SKIP","floor":31}],"player_experience":244210,"relics_obtained":[{"floor":7,"key":"Strawberry"},{"floor":9,"key":"Happy Flower"},{"floor":24,"key":"Smiling Mask"},{"floor":26,"key":"Bottled Flame"},{"floor":28,"key":"Whetstone"}],"event_choices":[{"damage_healed":0,"gold_gain":75,"player_choice":"Gather Gold","damage_taken":11,"max_hp_gain":0,"max_hp_loss":0,"event_name":"World of Goop","floor":2,"gold_loss":0},{"damage_healed":0,"gold_gain":0,"player_choice":"Donut","damage_taken":0,"max_hp_gain":5,"max_hp_loss":0,"event_name":"Big Fish","floor":3,"gold_loss":0},{"damage_healed":0,"gold_gain":0,"player_choice":"0 cards matched","damage_taken":0,"max_hp_gain":0,"max_hp_loss":0,"event_name":"Match and Keep!","floor":20,"gold_loss":0,"cards_obtained":[]},{"damage_healed":0,"gold_gain":0,"player_choice":"Simplicity","damage_taken":0,"max_hp_gain":0,"max_hp_loss":0,"event_name":"Back to Basics","floor":25,"gold_loss":0,"cards_upgraded":["Strike_R","Strike_R","Strike_R","Strike_R","Strike_R","Defend_R","Defend_R","Defend_R","Defend_R"]},{"damage_healed":0,"gold_gain":0,"player_choice":"Read","damage_taken":0,"max_hp_gain":0,"max_hp_loss":0,"event_name":"The Library","floor":27,"gold_loss":0,"cards_obtained":["Feel No Pain"]}],"is_beta":false,"boss_relics":[{"not_picked":["Astrolabe","Pandora\u0027s Box"],"picked":"Sozu"}],"items_purged_floors":[],"is_endless":false,"potions_floor_spawned":[1,4,7,24,28,31],"killed_by":"Automaton","ascension_level":4}