{"gold_per_floor":[115,115,129,153,174,174,249,284,311,330,330,354,393,155,155,286,286,304,504,92,107,107,107,145,145,170,188,232,232,250,250,250,355,355,370,389,401,224,241,241,255,290,290,290,290,59,69,69,69,69],"floor_reached":51,"playtime":4665,"items_purged":["Injury","Strike_B","Strike_B"],"score":770,"play_id":"b9c1324f-6403-444a-8ac6-aceb59464c77","local_time":"20190210195854","is_ascension_mode":true,"campfire_choices":[{"data":"Leap","floor":6.0,"key":"SMITH"},{"floor":11.0,"key":"REST"},{"data":"Thunder Strike","floor":15.0,"key":"SMITH"},{"data":"Tempest","floor":23.0,"key":"SMITH"},{"data":"Leap","floor":25.0,"key":"SMITH"},{"floor":32.0,"key":"REST"},{"data":"Creative AI","floor":40.0,"key":"SMITH"},{"data":"Hello World","floor":45,"key":"SMITH"},{"data":"Storm","floor":49,"key":"SMITH"}],"neow_cost":"NONE","seed_source_timestamp":2607751643871449,"circlet_count":0,"master_deck":["Strike_B","Strike_B","Defend_B","Defend_B","Defend_B","Defend_B","Zap","Dualcast","Ball Lightning","Auto Shields","Leap+1","Genetic Algorithm","Thunder Strike+1","Tempest+1","Hello World+1","Writhe","Leap+1","Hologram","Reinforced Body+1","Creative AI+1","Conserve Battery+1","Heatsinks+1","Reinforced Body+1","Stack","Force Field+1","Storm+1","Madness","Madness"],"special_seed":0,"relics":["Cracked Core","Pen Nib","Bloody Idol","Anchor","Boot","Lantern","Velvet Choker","Kunai","Vajra","Bird Faced Urn","Orichalcum","Matryoshka","Nuclear Battery","Pantograph","Question Card","Bottled Lightning","Art of War"],"potions_floor_usage":[50],"damage_taken":[{"damage":0.0,"enemies":"2 Louse","floor":1.0,"turns":4.0},{"damage":3.0,"enemies":"Small Slimes","floor":3.0,"turns":2.0},{"damage":7.0,"enemies":"Jaw Worm","floor":4.0,"turns":2.0},{"damage":9.0,"enemies":"Red Slaver","floor":5.0,"turns":3.0},{"damage":6.0,"enemies":"3 Sentries","floor":8.0,"turns":7.0},{"damage":3.0,"enemies":"3 Louse","floor":10.0,"turns":3.0},{"damage":1.0,"enemies":"Looter","floor":12.0,"turns":3.0},{"damage":14.0,"enemies":"Lagavulin","floor":13.0,"turns":7.0},{"damage":11.0,"enemies":"The Guardian","floor":16.0,"turns":9.0},{"damage":18.0,"enemies":"Shell Parasite","floor":18.0,"turns":7.0},{"damage":2.0,"enemies":"Chosen","floor":21.0,"turns":5.0},{"damage":5.0,"enemies":"Book of Stabbing","floor":24.0,"turns":6.0},{"damage":24.0,"enemies":"3 Cultists","floor":27.0,"turns":4.0},{"damage":23.0,"enemies":"Slavers","floor":28.0,"turns":5.0},{"damage":5.0,"enemies":"Snecko","floor":30.0,"turns":4.0},{"damage":19.0,"enemies":"Automaton","floor":33.0,"turns":11.0},{"damage":10.0,"enemies":"3 Darklings","floor":35.0,"turns":3.0},{"damage":16.0,"enemies":"3 Shapes","floor":36.0,"turns":3.0},{"damage":2.0,"enemies":"Jaw Worm Horde","floor":37.0,"turns":3.0},{"damage":16.0,"enemies":"Sphere and 2 Shapes","floor":39.0,"turns":6.0},{"damage":0,"enemies":"Transient","floor":41,"turns":5},{"damage":1,"enemies":"Nemesis","floor":42,"turns":10},{"damage":37,"enemies":"4 Shapes","floor":47,"turns":4},{"damage":16,"enemies":"Donu and Deca","floor":50,"turns":7}],"seed_played":"-1813876440169772815","potions_obtained":[{"floor":1.0,"key":"FocusPotion"},{"floor":3.0,"key":"Explosive Potion"},{"floor":4.0,"key":"Block Potion"},{"floor":10.0,"key":"FearPotion"},{"floor":28.0,"key":"Block Potion"},{"floor":30.0,"key":"EssenceOfSteel"},{"floor":35.0,"key":"Energy Potion"},{"floor":39.0,"key":"EssenceOfSteel"},{"floor":41,"key":"SmokeBomb"}],"is_trial":false,"path_per_floor":["M","?","M","M","M","R","?","E","T","M","R","M","E","$","R","B",null,"M","?","$","M","?","R","E","R","T","M","E","?","M","?","R","B",null,"M","M","M","$","M","R","M","E","T","?","R","$","M","?","R","B",null],"character_chosen":"DEFECT","items_purchased":["Thunder Strike","Kunai","Hello World","SpeedPotion","Storm","Art of War"],"campfire_rested":2,"item_purchase_floors":[14,20,20,38,46,46],"current_hp_per_floor":[75,75,72,65,56,56,45,39,39,36,58,57,43,43,43,32,75,57,57,57,55,55,55,50,50,50,28,7,7,4,4,26,14,75,75,64,71,71,68,68,75,75,75,75,75,75,49,40,40,71],"gold":69,"neow_bonus":"RANDOM_COMMON_RELIC","is_prod":false,"is_daily":false,"chose_seed":false,"campfire_upgraded":7,"win_rate":0,"timestamp":1549825134,"path_taken":["M","?","M","M","M","R","?","E","T","M","R","M","E","$","R","BOSS","M","?","$","?","?","R","E","R","T","M","E","?","M","?","R","BOSS","M","M","M","$","M","R","M","E","T","?","R","$","?","?","R","BOSS"],"build_version":"2019-01-23","purchased_purges":3,"victory":true,"max_hp_per_floor":[75,75,75,75,75,75,75,75,75,75,75,75,75,75,75,75,75,75,75,75,75,75,75,75,75,75,75,75,75,75,75,75,75,75,75,75,75,75,75,75,75,75,75,75,75,75,75,75,75,75],"card_choices":[{"not_picked":["Consume","Tempest"],"picked":"Ball Lightning","floor":1.0},{"not_picked":["Streamline","Loop"],"picked":"Auto Shields","floor":3.0},{"not_picked":["Skim","Conserve Battery","Sweeping Beam"],"picked":"SKIP","floor":4.0},{"not_picked":["Stack","Cold Snap"],"picked":"Leap","floor":5.0},{"not_picked":["Steam","Melter"],"picked":"Genetic Algorithm","floor":8.0},{"not_picked":["Fusion","Steam Power","Ball Lightning"],"picked":"SKIP","floor":10.0},{"not_picked":["Streamline","Leap","Scrape"],"picked":"SKIP","floor":12.0},{"not_picked":["Redo","Aggregate","Blizzard"],"picked":"SKIP","floor":13.0},{"not_picked":["Sunder","Conserve Battery"],"picked":"Tempest","floor":18.0},{"not_picked":["Turbo","Force Field","Sunder"],"picked":"SKIP","floor":21.0},{"not_picked":["Coolheaded","Turbo"],"picked":"Leap","floor":24.0},{"not_picked":["Conserve Battery","Heatsinks","Genetic Algorithm"],"picked":"SKIP","floor":27.0},{"not_picked":["Coolheaded+1","Compile Driver+1"],"picked":"Hologram","floor":28.0},{"not_picked":["Scrape+1","Reprogram"],"picked":"Reinforced Body","floor":30.0},{"not_picked":["Reboot","Amplify"],"picked":"Creative AI","floor":33.0},{"not_picked":["Leap","Steam","Redo+1"],"picked":"SKIP","floor":35.0},{"not_picked":["Leap+1","Steam"],"picked":"Conserve Battery+1","floor":36.0},{"not_picked":["Double Energy+1","Compile Driver"],"picked":"Heatsinks+1","floor":37.0},{"not_picked":["Sweeping Beam+1","All For One"],"picked":"Reinforced Body+1","floor":39.0},{"not_picked":["Barrage+1","Rebound"],"picked":"Stack","floor":41},{"not_picked":["Aggregate+1","Fusion+1"],"picked":"Force Field+1","floor":42},{"not_picked":["Leap+1","Coolheaded+1","Steam","Cold Snap+1"],"picked":"SKIP","floor":47}],"player_experience":136630,"relics_obtained":[{"floor":8.0,"key":"Anchor"},{"floor":9.0,"key":"Boot"},{"floor":13.0,"key":"Lantern"},{"floor":24.0,"key":"Bird Faced Urn"},{"floor":26.0,"key":"Orichalcum"},{"floor":28.0,"key":"Matryoshka"},{"floor":42,"key":"Pantograph"},{"floor":43,"key":"Question Card"},{"floor":43,"key":"Bottled Lightning"}],"event_choices":[{"damage_healed":0.0,"max_hp_gain":0.0,"max_hp_loss":0.0,"gold_gain":0.0,"event_name":"Golden Idol","player_choice":"Take Wound","floor":2.0,"gold_loss":0.0,"damage_taken":0.0,"relics_obtained":["Golden Idol"],"cards_obtained":["Injury"]},{"damage_healed":0.0,"max_hp_gain":0.0,"max_hp_loss":0.0,"gold_gain":75.0,"event_name":"World of Goop","player_choice":"Gather Gold","floor":7.0,"gold_loss":0.0,"damage_taken":11.0},{"damage_healed":0.0,"max_hp_gain":0.0,"max_hp_loss":0.0,"gold_gain":200.0,"event_name":"Wheel of Change","player_choice":"Gold","floor":19.0,"gold_loss":0.0,"damage_taken":0.0},{"damage_healed":0.0,"max_hp_gain":0.0,"max_hp_loss":0.0,"gold_gain":0.0,"event_name":"The Mausoleum","player_choice":"Opened","floor":22.0,"gold_loss":0.0,"damage_taken":0.0,"relics_obtained":["Vajra"],"cards_obtained":["Writhe"]},{"damage_healed":0.0,"max_hp_gain":0.0,"max_hp_loss":0.0,"gold_gain":0.0,"event_name":"Cursed Tome","player_choice":"Ignored","floor":29.0,"gold_loss":0.0,"damage_taken":0.0},{"damage_healed":0.0,"max_hp_gain":0.0,"max_hp_loss":0.0,"gold_gain":0.0,"event_name":"Forgotten Altar","player_choice":"Gave Idol","floor":31.0,"relics_lost":["Golden Idol"],"gold_loss":0.0,"damage_taken":0.0,"relics_obtained":["Bloody Idol"]},{"damage_healed":0,"gold_gain":0,"player_choice":"Upgraded","damage_taken":0,"max_hp_gain":0,"max_hp_loss":0,"event_name":"Upgrade Shrine","floor":44,"gold_loss":0,"cards_upgraded":["Reinforced Body"]},{"damage_healed":0,"gold_gain":0,"player_choice":"Embrace Madness","damage_taken":9,"max_hp_gain":0,"max_hp_loss":0,"event_name":"Winding Halls","floor":48,"gold_loss":0,"cards_obtained":["Madness","Madness"]}],"is_beta":false,"boss_relics":[{"not_picked":["White Beast Statue","Busted Crown"],"picked":"Velvet Choker"},{"not_picked":["Lizard Tail","Snecko Eye"],"picked":"Nuclear Battery"}],"items_purged_floors":[14,20,38],"is_endless":false,"potions_floor_spawned":[1,3,4,10,13,16,21,28,30,35,39,41,42],"ascension_level":2}