{"gold_per_floor":[111,111,136,155,330,330,350,14,41,41,41,61,61,84,84,207,207,226,246,267,283,283,283,317,317],"floor_reached":25,"playtime":1704,"items_purged":[],"score":215,"play_id":"7aa94193-f3c1-4342-bae7-56ae94873d4b","local_time":"20180703161125","is_ascension_mode":false,"campfire_choices":[{"data":"Noxious Fumes","floor":6,"key":"SMITH"},{"data":"Noxious Fumes","floor":10,"key":"SMITH"},{"data":"Crippling Poison","floor":13,"key":"SMITH"},{"floor":15,"key":"REST"},{"floor":23,"key":"REST"}],"neow_cost":"","seed_source_timestamp":0,"circlet_count":0,"master_deck":["Defend_G","Defend_G","Defend_G","Defend_G","Defend_G","Strike_G","Strike_G","Strike_G+1","Strike_G","Strike_G+1","Survivor","Neutralize+1","Outmaneuver","Noxious Fumes+1","Dash","Doubt","Noxious Fumes+1","Crippling Poison+1","Deadly Poison","Corpse Explosion"],"special_seed":0,"relics":["Ring of the Snake","Bloody Idol","Mercury Hourglass","Oddly Smooth Stone","Black Star","Whetstone","Bag of Preparation"],"potions_floor_usage":[16,16,21,21,24,25],"damage_taken":[{"damage":1,"enemies":"2 Louse","floor":1,"turns":3},{"damage":7,"enemies":"Small Slimes","floor":3,"turns":4},{"damage":1,"enemies":"Jaw Worm","floor":4,"turns":5},{"damage":2,"enemies":"Looter","floor":7,"turns":5},{"damage":5,"enemies":"Large Slime","floor":12,"turns":5},{"damage":10,"enemies":"3 Louse","floor":14,"turns":2},{"damage":28,"enemies":"The Guardian","floor":16,"turns":8},{"damage":10,"enemies":"Chosen","floor":18,"turns":5},{"damage":20,"enemies":"Spheric Guardian","floor":19,"turns":5},{"damage":9,"enemies":"Centurion and Healer","floor":20,"turns":7},{"damage":25,"enemies":"Cultist and Chosen","floor":21,"turns":6},{"damage":35,"enemies":"Slavers","floor":24,"turns":6},{"damage":22,"enemies":"Chosen and Byrds","floor":25,"turns":2}],"seed_played":"-6924776301959428037","potions_obtained":[{"floor":1,"key":"LiquidBronze"},{"floor":12,"key":"Fire Potion"},{"floor":16,"key":"Fire Potion"},{"floor":18,"key":"FearPotion"},{"floor":20,"key":"Regen Potion"},{"floor":24,"key":"Dexterity Potion"}],"is_trial":false,"path_per_floor":["M","?","M","M","?","R","M","$","T","R","?","M","R","M","R","B",null,"M","M","M","M","?","R","E"],"character_chosen":"THE_SILENT","items_purchased":["Noxious Fumes","Mercury Hourglass"],"campfire_rested":2,"item_purchase_floors":[8,8],"current_hp_per_floor":[69,52,45,44,44,44,42,42,42,42,42,37,37,27,48,20,70,60,40,31,20,20,41,11,0],"gold":317,"neow_bonus":"","is_prod":false,"is_daily":false,"chose_seed":false,"campfire_upgraded":3,"win_rate":0,"timestamp":1530627085,"path_taken":["M","?","M","M","?","R","M","$","T","R","?","M","R","M","R","BOSS","M","M","?","?","?","R","E","M"],"build_version":"2018-06-28","purchased_purges":0,"victory":false,"max_hp_per_floor":[70,70,70,70,70,70,70,70,70,70,70,70,70,70,70,70,70,70,70,70,70,70,70,70,70],"card_choices":[{"not_picked":["Flechettes","Skewer"],"picked":"Outmaneuver","floor":1},{"not_picked":["Flying Knee","Dodge and Roll"],"picked":"Noxious Fumes","floor":3},{"not_picked":["Reflex","Blade Dance"],"picked":"Dash","floor":4},{"not_picked":["Dash","Finisher","Dodge and Roll"],"picked":"SKIP","floor":7},{"not_picked":["Dagger Spray","Flechettes"],"picked":"Crippling Poison","floor":12},{"not_picked":["Escape Plan","PiercingWail"],"picked":"Deadly Poison","floor":14},{"not_picked":["Burst","Glass Knife"],"picked":"Corpse Explosion","floor":16},{"not_picked":["Deadly Poison","Endless Agony","All Out Attack"],"picked":"SKIP","floor":18},{"not_picked":["Escape Plan+1","Dodge and Roll+1","Blade Dance"],"picked":"SKIP","floor":19},{"not_picked":["Outmaneuver","Predator+1","Sucker Punch+1"],"picked":"SKIP","floor":20},{"not_picked":["Bouncing Flask","Quick Slash","All Out Attack"],"picked":"SKIP","floor":21},{"not_picked":["Escape Plan","PiercingWail","Deflect"],"picked":"SKIP","floor":24}],"player_experience":19674,"relics_obtained":[{"floor":9,"key":"Oddly Smooth Stone"},{"floor":24,"key":"Whetstone"},{"floor":24,"key":"Bag of Preparation"}],"event_choices":[{"event_name":"Golden Idol","player_choice":"Take Damage","floor":2,"damage_taken":0},{"event_name":"Liars Game","player_choice":"agreed","floor":5,"damage_taken":0},{"event_name":"The Cleric","player_choice":"Leave","floor":11,"damage_taken":0},{"event_name":"Forgotten Altar","player_choice":"Gave Idol","floor":22,"damage_taken":0}],"boss_relics":[{"not_picked":["Eternal Feather","Fusion Hammer"],"picked":"Black Star"}],"items_purged_floors":[],"is_endless":false,"potions_floor_spawned":[1,12,16,18,20,24],"killed_by":"Chosen and Byrds","ascension_level":0}