{"gold_per_floor":[19,19,38,38,48,79,99,99,149,149,164,174,199,217,217,217],"floor_reached":16,"playtime":1454,"items_purged":[],"score":137,"play_id":"87f90cc7-e5a8-4a7d-8650-3fc51ee4d261","local_time":"20190328194948","is_ascension_mode":true,"campfire_choices":[{"data":"Twin Strike","floor":8,"key":"SMITH"},{"data":"Bash","floor":15,"key":"SMITH"}],"neow_cost":"NO_GOLD","seed_source_timestamp":1550613189504679,"circlet_count":0,"master_deck":["Strike_R","Strike_R","Strike_R","Strike_R","Strike_R","Defend_R","Defend_R","Defend_R","Defend_R","Bash+1","Twin Strike+1","Cleave","Shrug It Off"],"relics":["Burning Blood","Thread and Needle","Matryoshka","PreservedInsect","Bag of Preparation","Regal Pillow"],"potions_floor_usage":[6,16,16],"damage_taken":[{"damage":9,"enemies":"Small Slimes","floor":1,"turns":4},{"damage":1,"enemies":"Cultist","floor":3,"turns":4},{"damage":0,"enemies":"2 Louse","floor":5,"turns":3},{"damage":56,"enemies":"Lagavulin","floor":6,"turns":8},{"damage":13,"enemies":"Lots of Slimes","floor":7,"turns":4},{"damage":1,"enemies":"Gremlin Gang","floor":11,"turns":3},{"damage":0,"enemies":"Large Slime","floor":12,"turns":4},{"damage":4,"enemies":"Gremlin Nob","floor":13,"turns":3},{"damage":10,"enemies":"Lots of Slimes","floor":14,"turns":2},{"damage":32,"enemies":"Hexaghost","floor":16,"turns":11}],"seed_played":"3787145345683353805","potions_obtained":[{"floor":3,"key":"LiquidBronze"},{"floor":5,"key":"Swift Potion"},{"floor":13,"key":"Swift Potion"}],"is_trial":false,"path_per_floor":["M","?","M","$","M","E","M","R","T","?","M","M","E","M","R","B"],"character_chosen":"IRONCLAD","items_purchased":[],"campfire_rested":0,"item_purchase_floors":[],"current_hp_per_floor":[77,77,80,80,80,30,23,23,23,23,28,34,36,32,32,0],"gold":217,"neow_bonus":"ONE_RARE_RELIC","is_prod":false,"is_daily":false,"chose_seed":false,"campfire_upgraded":2,"win_rate":0,"timestamp":1553798988,"path_taken":["M","?","M","?","M","E","M","R","T","?","?","M","E","M","R","BOSS"],"build_version":"2019-01-23","purchased_purges":0,"victory":false,"max_hp_per_floor":[80,80,80,80,80,80,80,80,80,80,80,80,80,80,80,80],"card_choices":[{"not_picked":["Flex","Anger"],"picked":"Twin Strike","floor":1},{"not_picked":["Clothesline","Body Slam"],"picked":"Cleave","floor":3},{"not_picked":["Armaments","Intimidate","Headbutt"],"picked":"SKIP","floor":5},{"not_picked":["Flex","Clash","Anger"],"picked":"SKIP","floor":6},{"not_picked":["Hemokinesis","Power Through","Metallicize"],"picked":"SKIP","floor":7},{"not_picked":["Brutality","Clothesline","Warcry"],"picked":"SKIP","floor":11},{"not_picked":["Clash","Perfected Strike","Armaments"],"picked":"SKIP","floor":12},{"not_picked":["Perfected Strike","Clothesline"],"picked":"Shrug It Off","floor":13},{"not_picked":["Heavy Blade","Flex","Perfected Strike"],"picked":"SKIP","floor":14}],"player_experience":140330,"relics_obtained":[{"floor":6,"key":"Matryoshka"},{"floor":9,"key":"PreservedInsect"},{"floor":9,"key":"Bag of Preparation"},{"floor":13,"key":"Regal Pillow"}],"event_choices":[{"damage_healed":0,"gold_gain":0,"player_choice":"0 cards matched","damage_taken":0,"max_hp_gain":0,"max_hp_loss":0,"event_name":"Match and Keep!","floor":2,"gold_loss":0,"cards_obtained":[]},{"damage_healed":0,"gold_gain":0,"player_choice":"Bought 0 Potions","damage_taken":0,"max_hp_gain":0,"max_hp_loss":0,"event_name":"The Woman in Blue","floor":10,"gold_loss":0}],"is_beta":false,"boss_relics":[],"items_purged_floors":[],"is_endless":false,"potions_floor_spawned":[3,5,13],"killed_by":"Hexaghost","ascension_level":4}