{"gold_per_floor":[113,113,63,79,91,91,120,120,144,154,154,154,154,166,166,265,265,278,135,135,151,169,169,196,196,196,196,213,226,245,145,145,245,245,257,257,272,272,272,272,299,299,299,314,314,1,35,48,48,48],"floor_reached":51,"playtime":3112,"items_purged":["Strike_B","Defend_B","Defend_B"],"score":1020,"play_id":"591f1daf-6a89-413b-bb6e-7314bb7f19ae","local_time":"20180902231445","is_ascension_mode":true,"campfire_choices":[{"data":"Zap","floor":6.0,"key":"SMITH"},{"data":"Dualcast","floor":8.0,"key":"SMITH"},{"data":"Loop","floor":13.0,"key":"SMITH"},{"data":"Consume","floor":15.0,"key":"SMITH"},{"floor":23.0,"key":"REST"},{"data":"Sunder","floor":25.0,"key":"SMITH"},{"data":"Echo Form","floor":27.0,"key":"SMITH"},{"floor":32.0,"key":"REST"},{"floor":40,"key":"REST"},{"floor":42,"key":"REST"},{"floor":45,"key":"REST"},{"floor":49,"key":"REST"}],"neow_cost":"NONE","seed_source_timestamp":0,"circlet_count":0,"master_deck":["Defend_B","Zap+1","Dualcast+1","FTL+1","Cold Snap","Capacitor","Leap","Loop+1","Consume+1","Echo Form+1","Sunder+1","Capacitor+1","Hologram","Chill+1","Undo","Hologram","FTL+1","Electrodynamics","Cold Snap+1","Forethought","Cold Snap+1","Cold Snap+1","All For One+1","Loop","Defragment","Hologram+1"],"special_seed":0,"relics":["Cracked Core","Art of War","Centennial Puzzle","Snecko Eye","Boot","Meat on the Bone","Fusion Hammer","Whetstone","Molten Egg 2","Question Card"],"potions_floor_usage":[50,50,50],"damage_taken":[{"damage":2.0,"enemies":"2 Louse","floor":1.0,"turns":3.0},{"damage":0.0,"enemies":"Cultist","floor":4.0,"turns":3.0},{"damage":2.0,"enemies":"Small Slimes","floor":5.0,"turns":2.0},{"damage":9.0,"enemies":"3 Sentries","floor":7.0,"turns":6.0},{"damage":7.0,"enemies":"Exordium Wildlife","floor":10.0,"turns":3.0},{"damage":9.0,"enemies":"Large Slime","floor":14.0,"turns":4.0},{"damage":9.0,"enemies":"Slime Boss","floor":16.0,"turns":6.0},{"damage":11.0,"enemies":"Spheric Guardian","floor":18.0,"turns":4.0},{"damage":20.0,"enemies":"2 Thieves","floor":21.0,"turns":3.0},{"damage":3.0,"enemies":"Shelled Parasite and Fungi","floor":22.0,"turns":4.0},{"damage":9.0,"enemies":"Gremlin Leader","floor":24.0,"turns":6.0},{"damage":0.0,"enemies":"3 Cultists","floor":28.0,"turns":6.0},{"damage":2.0,"enemies":"Sentry and Sphere","floor":29.0,"turns":4.0},{"damage":3.0,"enemies":"Cultist and Chosen","floor":30.0,"turns":7.0},{"damage":26.0,"enemies":"Collector","floor":33.0,"turns":8.0},{"damage":6.0,"enemies":"3 Darklings","floor":35.0,"turns":2.0},{"damage":0.0,"enemies":"3 Shapes","floor":37.0,"turns":4.0},{"damage":56,"enemies":"Nemesis","floor":41,"turns":7},{"damage":4,"enemies":"Sphere and 2 Shapes","floor":44,"turns":4},{"damage":0,"enemies":"Giant Head","floor":47,"turns":5},{"damage":14,"enemies":"3 Darklings","floor":48,"turns":3},{"damage":76,"enemies":"Donu and Deca","floor":50,"turns":8}],"seed_played":"-8723348836657817178","potions_obtained":[{"floor":1.0,"key":"PowerPotion"},{"floor":2.0,"key":"Energy Potion"},{"floor":2.0,"key":"Strength Potion"},{"floor":10.0,"key":"PowerPotion"},{"floor":14.0,"key":"Poison Potion"},{"floor":21.0,"key":"Fruit Juice"},{"floor":28.0,"key":"FearPotion"},{"floor":29.0,"key":"Weak Potion"},{"floor":30.0,"key":"Explosive Potion"},{"floor":37.0,"key":"Swift Potion"},{"floor":44,"key":"Energy Potion"},{"floor":47,"key":"SteroidPotion"}],"is_trial":false,"path_per_floor":["M","?","$","M","M","R","E","R","T","M","?","?","R","M","R","B",null,"M","$","?","M","M","R","E","R","T","R","M","M","M","$","R","B",null,"M","?","M","?","?","R","E","R","T","M","R","$","E","M","R","B"],"character_chosen":"DEFECT","items_purchased":["Cold Snap","Sunder","All For One+1","Loop"],"campfire_rested":6,"item_purchase_floors":[3,19,46,46],"current_hp_per_floor":[66,66,66,66,64,64,55,55,55,48,48,48,48,39,39,37,66,55,55,41,26,23,48,39,39,39,39,51,49,46,46,71,45,75,69,69,69,69,95,95,51,79,79,75,95,95,95,81,95,31],"gold":48,"neow_bonus":"REMOVE_CARD","is_prod":false,"is_daily":false,"chose_seed":false,"campfire_upgraded":6,"win_rate":0,"timestamp":1535901285,"path_taken":["M","?","$","M","M","R","E","R","T","?","?","?","R","?","R","BOSS","M","$","?","M","?","R","E","R","T","R","?","M","M","$","R","BOSS","M","?","M","?","?","R","E","R","T","M","R","$","E","?","R","BOSS"],"build_version":"2018-08-30","purchased_purges":3,"victory":true,"max_hp_per_floor":[75,75,75,75,75,75,75,75,75,75,75,75,75,75,75,75,75,75,75,80,85,85,85,85,85,85,85,85,85,85,85,85,85,85,85,85,85,85,95,95,95,95,95,95,95,95,95,95,95,95],"card_choices":[{"not_picked":["Capacitor","Skim"],"picked":"FTL","floor":1.0},{"not_picked":["Redo","Gash","Stack"],"picked":"SKIP","floor":4.0},{"not_picked":["Chaos","FTL"],"picked":"Capacitor","floor":5.0},{"not_picked":["Compile Driver","Steam"],"picked":"Leap","floor":7.0},{"not_picked":["Beam Cell","Force Field"],"picked":"Loop","floor":10.0},{"not_picked":["Compile Driver","Fission"],"picked":"Consume","floor":14.0},{"not_picked":["Reboot","Hyperbeam"],"picked":"Echo Form","floor":16.0},{"not_picked":["Fusion+1","Steam","Streamline"],"picked":"SKIP","floor":18.0},{"not_picked":["Beam Cell","Steam+1"],"picked":"Capacitor+1","floor":21.0},{"not_picked":["Streamline","Amplify"],"picked":"Hologram","floor":22.0},{"not_picked":["Steam","Stack"],"picked":"Chill+1","floor":24.0},{"not_picked":["Stack","Turbo"],"picked":"Undo","floor":28.0},{"not_picked":["Rebound","Barrage"],"picked":"Hologram","floor":29.0},{"not_picked":["Redo","Aggregate"],"picked":"FTL+1","floor":30.0},{"not_picked":["Seek","Core Surge"],"picked":"Electrodynamics","floor":33.0},{"not_picked":["Streamline+1","Redo","Compile Driver+1"],"picked":"SKIP","floor":35.0},{"not_picked":["Stack","Sweeping Beam"],"picked":"Cold Snap","floor":37.0},{"not_picked":["Purity","Finesse"],"picked":"Forethought","floor":38},{"not_picked":["Conserve Battery","Static Discharge+1"],"picked":"Cold Snap+1","floor":41},{"not_picked":["Self Repair","Rebound+1"],"picked":"Cold Snap+1","floor":44},{"not_picked":["Rip and Tear+1","Auto Shields"],"picked":"Defragment","floor":47},{"not_picked":["Self Repair","Cold Snap+1","Rebound+1"],"picked":"Hologram+1","floor":48}],"player_experience":288176,"relics_obtained":[{"floor":7.0,"key":"Art of War"},{"floor":9.0,"key":"Centennial Puzzle"},{"floor":24.0,"key":"Boot"},{"floor":26.0,"key":"Meat on the Bone"},{"floor":41,"key":"Whetstone"},{"floor":43,"key":"Molten Egg 2"},{"floor":47,"key":"Question Card"}],"event_choices":[{"event_name":"The Lab","player_choice":"Got Potions","floor":2.0,"damage_taken":0.0},{"event_name":"Living Wall","player_choice":"Forget","floor":11.0,"damage_taken":0.0},{"event_name":"Purifier","player_choice":"One Purge","floor":12.0,"damage_taken":0.0},{"event_name":"Forgotten Altar","player_choice":"Shed Blood","floor":20.0,"damage_taken":0.0},{"event_name":"Transmorgrifier","player_choice":"Transform","floor":36.0,"damage_taken":0.0},{"event_name":"SensoryStone","player_choice":"Memory 1","floor":38,"damage_taken":0},{"event_name":"Bonfire Elementals","player_choice":"RARE","floor":39,"damage_taken":0}],"is_beta":false,"boss_relics":[{"not_picked":["Sozu","Philosopher\u0027s Stone"],"picked":"Snecko Eye"},{"not_picked":["Empty Cage","Astrolabe"],"picked":"Fusion Hammer"}],"items_purged_floors":[19,31,46],"is_endless":false,"potions_floor_spawned":[1,10,14,21,28,29,30,37,44,47],"ascension_level":7}