{"gold_per_floor":[786,48,184,313,439,439,58,58,68],"floor_reached":9,"playtime":895,"items_purged":["Strike_R"],"score":201,"play_id":"4ac03ed5-746c-4e07-8a7e-5edffddd8a60","local_time":"20190428174406","daily_mods":["CTS - Bronze Difficulty","CTS - Boss Rush","Uncertain Future"],"is_ascension_mode":false,"campfire_choices":[{"floor":8,"key":"REST"}],"neow_cost":"","seed_source_timestamp":0,"circlet_count":0,"master_deck":["Strike_R","Strike_R","Strike_R","Strike_R","Defend_R","Defend_R","Defend_R","Defend_R","Bash","Disarm+1","Twin Strike+1","Feel No Pain+1","ReplayTheSpireMod:Necrogeddon+1","Fiend Fire+1","ReplayTheSpireMod:LeadingStrike+1","ReplayTheSpireMod:Strike From Hell+1","strawberrySpire:PumpUp+1","Perfected Strike+1","Wild Strike+1","True Grit+1","Warcry+1"],"relics":["Burning Blood","The Courier","Molten Egg 2","Toxic Egg 2","Frozen Egg 2","Bandana","hubris:OldNail","Charon\u0027s Ashes","Golden Egg","halation:Toothbrush","Vajra","strawberrySpire:Dictionifier","strawberrySpire:WyrmJar"],"potions_floor_usage":[5],"damage_taken":[{"damage":23,"enemies":"Slime Boss","floor":3,"turns":11},{"damage":50,"enemies":"The Guardian","floor":4,"turns":17},{"damage":3,"enemies":"Hexaghost","floor":5,"turns":7},{"damage":62,"enemies":"Champ","floor":9,"turns":9}],"seed_played":"567503674077259223","potions_obtained":[{"floor":4,"key":"FearPotion"}],"is_trial":true,"path_per_floor":["$","$","M","M","M","T","$","R","M"],"character_chosen":"IRONCLAD","items_purchased":["Disarm+1","Bandana","Twin Strike+1","hubris:OldNail","Charon\u0027s Ashes","Feel No Pain+1","ReplayTheSpireMod:Necrogeddon+1","Fiend Fire+1","ReplayTheSpireMod:LeadingStrike+1","strawberrySpire:WyrmJar","Wild Strike+1","True Grit+1","Warcry+1"],"campfire_rested":1,"item_purchase_floors":[1,1,1,2,2,2,2,2,2,7,7,7,7],"current_hp_per_floor":[80,80,63,19,22,22,25,49,0],"gold":68,"neow_bonus":"","is_prod":false,"is_daily":false,"chose_seed":false,"campfire_upgraded":0,"win_rate":0,"timestamp":1556466246,"path_taken":["$","$","M","M","M","T","$","R","M"],"build_version":"2019-01-23","purchased_purges":1,"victory":false,"max_hp_per_floor":[80,80,80,80,80,80,83,83,83],"card_choices":[{"not_picked":["strawberrySpire:Overwork+1","Body Slam+1"],"picked":"ReplayTheSpireMod:Strike From Hell+1","floor":3},{"not_picked":["strawberrySpire:PowerStomp+1","strawberrySpire:DraftPunk+1"],"picked":"strawberrySpire:PumpUp+1","floor":4},{"not_picked":["hubris:CleavingFinish+1","Armaments+1"],"picked":"Perfected Strike+1","floor":5}],"player_experience":449005,"relics_obtained":[{"floor":3,"key":"Golden Egg"},{"floor":4,"key":"halation:Toothbrush"},{"floor":5,"key":"Vajra"}],"event_choices":[],"is_beta":false,"boss_relics":[{"not_picked":["Empty Cage","Runic Dome"],"picked":"strawberrySpire:Dictionifier"}],"items_purged_floors":[7],"is_endless":false,"potions_floor_spawned":[4],"killed_by":"Champ","ascension_level":0}