{"gold_per_floor":[118,68,30,49,49,49,49,49,49,64,79,79,94,109,109,205,205,205,160,86,86,11,11,11,11,11,11,11,11,11,11,11,11],"floor_reached":33,"playtime":1110,"items_purged":["Writhe"],"score":478,"play_id":"ca492136-aeea-4791-ad9a-637e778508ab","local_time":"20180929220037","is_ascension_mode":true,"campfire_choices":[{"data":"Spot Weakness","floor":6.0,"key":"SMITH"},{"data":"Shrug It Off","floor":8.0,"key":"SMITH"},{"data":"Heavy Blade","floor":12.0,"key":"SMITH"},{"data":"Battle Trance","floor":15.0,"key":"SMITH"},{"data":"Feed","floor":24.0,"key":"SMITH"},{"floor":29,"key":"REST"},{"data":"Whirlwind","floor":32,"key":"SMITH"}],"neow_cost":"NONE","seed_source_timestamp":461680413822164,"circlet_count":0,"master_deck":["Defend_R","Defend_R","Defend_R","Bash+1","AscendersBane","Spot Weakness+1","Shrug It Off+1","Heavy Blade+1","Battle Trance+1","Feel No Pain","Feed+1","Iron Wave","Clothesline","Whirlwind+1","Uppercut+1","Inflame","Whirlwind+1","Clothesline+1","Bite+1","Bite+1","Bite+1","Bite+1","Bite+1","Iron Wave+1"],"special_seed":0,"relics":["Burning Blood","Paper Frog","Ectoplasm","Vajra","Ginger","Molten Egg 2","Champion Belt"],"potions_floor_usage":[27,28,28,28],"damage_taken":[{"damage":12.0,"enemies":"Small Slimes","floor":1.0,"turns":5.0},{"damage":10.0,"enemies":"2 Louse","floor":4.0,"turns":4.0},{"damage":0.0,"enemies":"Cultist","floor":10.0,"turns":3.0},{"damage":32.0,"enemies":"Lots of Slimes","floor":11.0,"turns":6.0},{"damage":1.0,"enemies":"Exordium Wildlife","floor":13.0,"turns":3.0},{"damage":3.0,"enemies":"Blue Slaver","floor":14.0,"turns":4.0},{"damage":38.0,"enemies":"Hexaghost","floor":16.0,"turns":7.0},{"damage":29.0,"enemies":"3 Byrds","floor":18.0,"turns":5.0},{"damage":17.0,"enemies":"2 Thieves","floor":19.0,"turns":4.0},{"damage":12.0,"enemies":"Book of Stabbing","floor":23.0,"turns":4.0},{"damage":12.0,"enemies":"Snake Plant","floor":25.0,"turns":4.0},{"damage":9,"enemies":"Sentry and Sphere","floor":27,"turns":5},{"damage":15,"enemies":"Gremlin Leader","floor":28,"turns":4},{"damage":28,"enemies":"Shelled Parasite and Fungi","floor":31,"turns":6},{"damage":73,"enemies":"Collector","floor":33,"turns":6}],"seed_played":"7882490827846954983","potions_obtained":[{"floor":10.0,"key":"Regen Potion"},{"floor":13.0,"key":"Ancient Potion"},{"floor":16.0,"key":"Swift Potion"},{"floor":19.0,"key":"Dexterity Potion"},{"floor":25.0,"key":"BloodPotion"},{"floor":27,"key":"Ancient Potion"}],"is_trial":false,"path_per_floor":["M","?","$","M","?","R","?","R","T","M","M","R","M","M","R","B",null,"M","M","$","?","$","E","R","M","T","M","E","R","?","M","R"],"character_chosen":"IRONCLAD","items_purchased":["Spot Weakness","Whirlwind"],"campfire_rested":1,"item_purchase_floors":[3,20],"current_hp_per_floor":[66,66,66,62,62,62,62,62,62,68,42,42,47,50,50,33,68,48,40,40,40,40,34,34,32,32,29,29,56,56,61,61,0],"gold":11,"neow_bonus":"REMOVE_CARD","is_prod":false,"is_daily":false,"chose_seed":false,"campfire_upgraded":6,"win_rate":0,"timestamp":1538229637,"path_taken":["M","?","$","M","?","R","?","R","T","?","M","R","M","?","R","BOSS","M","M","$","?","$","E","R","M","T","M","E","R","?","M","R","BOSS"],"build_version":"2018-09-27","purchased_purges":1,"victory":false,"max_hp_per_floor":[80,80,80,80,80,80,80,80,80,80,80,80,80,80,80,80,80,83,86,86,86,86,86,86,90,90,90,90,90,63,63,63,63],"card_choices":[{"not_picked":["Wild Strike","Sword Boomerang","Cleave"],"picked":"SKIP","floor":1.0},{"not_picked":["Thunderclap","Sever Soul"],"picked":"Shrug It Off","floor":4.0},{"not_picked":["Flex","Clash","Armaments"],"picked":"SKIP","floor":10.0},{"not_picked":["Reckless Charge","True Grit"],"picked":"Heavy Blade","floor":11.0},{"not_picked":["Heavy Blade","Shrug It Off"],"picked":"Battle Trance","floor":13.0},{"not_picked":["True Grit","Brutality"],"picked":"Feel No Pain","floor":14.0},{"not_picked":["Reaper","Juggernaut"],"picked":"Feed","floor":16.0},{"not_picked":["Headbutt","Fire Breathing"],"picked":"Iron Wave","floor":18.0},{"not_picked":["Heavy Blade","Cleave"],"picked":"Clothesline","floor":19.0},{"not_picked":["True Grit","Armaments"],"picked":"Uppercut+1","floor":23.0},{"not_picked":["Carnage","Body Slam"],"picked":"Inflame","floor":25.0},{"not_picked":["Sever Soul+1","Headbutt+1"],"picked":"Whirlwind+1","floor":27},{"not_picked":["Combust","Sever Soul+1"],"picked":"Clothesline+1","floor":28},{"not_picked":["Bludgeon+1","Perfected Strike+1"],"picked":"Iron Wave+1","floor":31}],"player_experience":391532,"relics_obtained":[{"floor":9.0,"key":"Paper Frog"},{"floor":23.0,"key":"Ginger"},{"floor":26.0,"key":"Molten Egg 2"},{"floor":28,"key":"Champion Belt"}],"event_choices":[{"event_name":"The Cleric","player_choice":"Card Removal","floor":2.0,"damage_taken":0.0},{"event_name":"Living Wall","player_choice":"Grow","floor":5.0,"damage_taken":0.0},{"event_name":"Bonfire Elementals","player_choice":"BASIC","floor":7.0,"damage_taken":0.0},{"event_name":"The Mausoleum","player_choice":"Yes","floor":21.0,"damage_taken":0.0},{"event_name":"Vampires","player_choice":"Became a vampire","floor":30,"damage_taken":0}],"is_beta":false,"boss_relics":[{"not_picked":["Lizard Tail","Orrery"],"picked":"Ectoplasm"}],"items_purged_floors":[22],"is_endless":false,"potions_floor_spawned":[10,13,16,19,25,27],"killed_by":"Collector","ascension_level":10}