{"gold_per_floor":[118,118,129,146,160,160,160,170,170,180,255,255,90,104,104,199,199,214,394,406,406,418,418,436,436,463,483,157,157,167,177,177,273,273,290,290,290,303,315,315,315,315,315,333,351,383,49,66,66,66],"floor_reached":50,"playtime":2472,"items_purged":["Anger"],"score":793,"play_id":"9a01145f-2226-43a0-9972-d448a8797883","local_time":"20180929130140","is_ascension_mode":true,"campfire_choices":[{"floor":7.0,"key":"REST"},{"data":"Bash","floor":12.0,"key":"SMITH"},{"data":"Spot Weakness","floor":15.0,"key":"SMITH"},{"data":"Shockwave","floor":23.0,"key":"SMITH"},{"data":"Heavy Blade","floor":25.0,"key":"SMITH"},{"data":"Battle Trance","floor":29.0,"key":"SMITH"},{"data":"Heavy Blade","floor":32.0,"key":"SMITH"},{"data":"Double Tap","floor":40,"key":"SMITH"},{"data":"Spot Weakness","floor":42,"key":"SMITH"},{"floor":49,"key":"REST"}],"neow_cost":"NONE","seed_source_timestamp":428005807054580,"circlet_count":0,"master_deck":["Bash+1","AscendersBane","Headbutt","Exhume","Shrug It Off","True Grit+1","Ghostly Armor","Headbutt","Inflame","Spot Weakness+1","Metallicize","Heavy Blade+1","Pommel Strike","Offering","Shockwave+1","Dramatic Entrance","Shrug It Off","Battle Trance+1","Shrug It Off","Inflame","Cleave+1","Heavy Blade+1","Double Tap+1","Anger","Sword Boomerang","Hemokinesis","Spot Weakness+1","Bloodletting","Shrug It Off","Heavy Blade+1","Bash","Immolate","Ghostly Armor","True Grit+1","Flame Barrier+1","Evolve+1"],"special_seed":0,"relics":["Burning Blood","Meat on the Bone","Velvet Choker","Blue Candle","Ancient Tea Set","Paper Frog","Pandora\u0027s Box","Kunai","Potion Belt","Shuriken"],"potions_floor_usage":[39,46,48],"damage_taken":[{"damage":0.0,"enemies":"Small Slimes","floor":1.0,"turns":3.0},{"damage":11.0,"enemies":"Cultist","floor":3.0,"turns":4.0},{"damage":4.0,"enemies":"2 Louse","floor":4.0,"turns":4.0},{"damage":31.0,"enemies":"Lots of Slimes","floor":5.0,"turns":7.0},{"damage":15.0,"enemies":"Gremlin Gang","floor":8.0,"turns":8.0},{"damage":0.0,"enemies":"Blue Slaver","floor":10.0,"turns":7.0},{"damage":1.0,"enemies":"Large Slime","floor":14.0,"turns":5.0},{"damage":9.0,"enemies":"The Guardian","floor":16.0,"turns":10.0},{"damage":9.0,"enemies":"3 Byrds","floor":18.0,"turns":5.0},{"damage":6.0,"enemies":"Spheric Guardian","floor":20.0,"turns":3.0},{"damage":0.0,"enemies":"Centurion and Healer","floor":22.0,"turns":6.0},{"damage":19.0,"enemies":"Shelled Parasite and Fungi","floor":24.0,"turns":5.0},{"damage":6.0,"enemies":"Cultist and Chosen","floor":27.0,"turns":6.0},{"damage":18.0,"enemies":"Snecko","floor":30.0,"turns":5.0},{"damage":19.0,"enemies":"Centurion and Healer","floor":31.0,"turns":5.0},{"damage":42.0,"enemies":"Champ","floor":33.0,"turns":8.0},{"damage":6.0,"enemies":"3 Shapes","floor":35.0,"turns":5.0},{"damage":31.0,"enemies":"3 Darklings","floor":38.0,"turns":6.0},{"damage":6,"enemies":"Transient","floor":39,"turns":5},{"damage":22,"enemies":"Spire Growth","floor":44,"turns":4},{"damage":23,"enemies":"Sphere and 2 Shapes","floor":45,"turns":4},{"damage":65,"enemies":"Giant Head","floor":46,"turns":7},{"damage":26,"enemies":"Maw","floor":48,"turns":8},{"damage":62,"enemies":"Donu and Deca","floor":50,"turns":5}],"seed_played":"1319041867105986637","potions_obtained":[{"floor":3.0,"key":"Block Potion"},{"floor":5.0,"key":"EntropicBrew"},{"floor":14.0,"key":"Weak Potion"},{"floor":24.0,"key":"Fire Potion"},{"floor":27.0,"key":"PowerPotion"},{"floor":33.0,"key":"AttackPotion"},{"floor":35.0,"key":"Poison Potion"},{"floor":39,"key":"Fruit Juice"},{"floor":45,"key":"Poison Potion"}],"is_trial":false,"path_per_floor":["M","?","M","M","M","?","R","M","T","M","?","R","$","M","R","B",null,"M","?","M","T","M","R","M","R","T","M","$","R","M","M","R","B",null,"M","?","?","M","M","R","?","R","T","M","M","E","$","M","R"],"character_chosen":"IRONCLAD","items_purchased":["Spot Weakness","Metallicize","Heavy Blade","Paper Frog","Inflame","Shuriken"],"campfire_rested":2,"item_purchase_floors":[13,13,13,28,28,47],"current_hp_per_floor":[78,78,73,75,50,34,58,49,49,55,44,44,44,49,49,58,75,72,40,52,52,58,58,57,57,57,57,57,57,57,56,56,32,68,68,68,68,55,60,60,60,60,60,56,51,26,26,26,51,0],"gold":66,"neow_bonus":"REMOVE_CARD","is_prod":false,"is_daily":false,"chose_seed":false,"campfire_upgraded":8,"win_rate":0,"timestamp":1538197300,"path_taken":["M","?","?","M","?","?","R","M","T","M","?","R","$","M","R","BOSS","M","?","M","?","M","R","M","R","T","M","$","R","M","M","R","BOSS","M","?","?","M","M","R","?","R","T","?","M","E","$","M","R","BOSS"],"build_version":"2018-09-27","purchased_purges":1,"victory":false,"max_hp_per_floor":[80,80,80,80,80,80,80,80,80,80,80,80,80,80,80,80,80,80,80,80,80,80,80,80,80,80,80,80,80,80,80,80,80,80,80,80,80,80,85,85,85,85,85,85,85,85,85,85,85,85],"card_choices":[{"not_picked":["Thunderclap","Clash"],"picked":"Headbutt","floor":1.0},{"not_picked":["Body Slam","Wild Strike"],"picked":"Shrug It Off","floor":3.0},{"not_picked":["Armaments","Dual Wield"],"picked":"True Grit","floor":4.0},{"not_picked":["Rupture","Corruption"],"picked":"Ghostly Armor","floor":5.0},{"not_picked":["Heavy Blade","Armaments"],"picked":"Headbutt","floor":8.0},{"not_picked":["Warcry","Body Slam"],"picked":"Inflame","floor":10.0},{"not_picked":["Cleave","Entrench"],"picked":"Pommel Strike","floor":14.0},{"not_picked":["Fiend Fire","Dark Embrace"],"picked":"Offering","floor":16.0},{"not_picked":["Reckless Charge","Armaments"],"picked":"Shockwave","floor":18.0},{"not_picked":["Thunderclap","Anger+1","True Grit"],"picked":"SKIP","floor":20.0},{"not_picked":["Warcry","Perfected Strike"],"picked":"Shrug It Off","floor":22.0},{"not_picked":["Warcry","Sword Boomerang+1"],"picked":"Battle Trance","floor":24.0},{"not_picked":["Barricade","True Grit"],"picked":"Shrug It Off","floor":27.0},{"not_picked":["Perfected Strike","Havoc"],"picked":"Cleave+1","floor":30.0},{"not_picked":["Sentinel","Sword Boomerang"],"picked":"Heavy Blade","floor":31.0},{"not_picked":["Barricade","Dark Embrace"],"picked":"Double Tap","floor":33.0},{"not_picked":["Hemokinesis","Second Wind"],"picked":"Heavy Blade+1","floor":35.0},{"not_picked":["Body Slam+1","Heavy Blade+1"],"picked":"True Grit+1","floor":38.0},{"not_picked":["Heavy Blade","Headbutt","Anger"],"picked":"SKIP","floor":39},{"not_picked":["Twin Strike+1","Pummel","Body Slam+1"],"picked":"SKIP","floor":44},{"not_picked":["Clothesline+1","Twin Strike+1"],"picked":"Flame Barrier+1","floor":45},{"not_picked":["Wild Strike","Barricade"],"picked":"Evolve+1","floor":46},{"not_picked":["Fire Breathing","Corruption+1","Havoc"],"picked":"SKIP","floor":48}],"player_experience":384321,"relics_obtained":[{"floor":9.0,"key":"Meat on the Bone"},{"floor":21.0,"key":"Blue Candle"},{"floor":26.0,"key":"Ancient Tea Set"},{"floor":43,"key":"Kunai"},{"floor":46,"key":"Potion Belt"}],"event_choices":[{"event_name":"Transmorgrifier","player_choice":"Transform","floor":2.0,"damage_taken":0.0},{"event_name":"Shining Light","player_choice":"Entered Light","floor":6.0,"damage_taken":0.0},{"event_name":"World of Goop","player_choice":"Gather Gold","floor":11.0,"damage_taken":0.0},{"event_name":"Knowing Skull","player_choice":"GOLD GOLD CARD ","floor":19.0,"damage_taken":0.0},{"event_name":"SensoryStone","player_choice":"Memory 1","floor":36.0,"damage_taken":0.0},{"event_name":"Match and Keep!","player_choice":"3 cards matched","floor":37.0,"damage_taken":0.0},{"event_name":"Tomb of Lord Red Mask","player_choice":"Ignored","floor":41,"damage_taken":0}],"is_beta":false,"boss_relics":[{"not_picked":["Sozu","Runic Dome"],"picked":"Velvet Choker"},{"not_picked":["Empty Cage","Tiny House"],"picked":"Pandora\u0027s Box"}],"items_purged_floors":[47],"is_endless":false,"potions_floor_spawned":[3,5,14,24,27,33,35,39,45],"killed_by":"Donu and Deca","ascension_level":10}