{"gold_per_floor":[118,21,38,50,50,82,82,82,106,106,141,151,151,169,169,268,268,288,111,111,128,128],"floor_reached":22,"playtime":1011,"items_purged":[],"score":194,"play_id":"09c5dcab-3ee5-42b1-ac06-846ccdeb315a","local_time":"20180726190427","is_ascension_mode":false,"campfire_choices":[{"floor":8,"key":"REST"},{"floor":10,"key":"REST"},{"floor":13,"key":"REST"},{"floor":15,"key":"REST"}],"neow_cost":"FIFTY_PERCENT_DAMAGE","seed_source_timestamp":554240813618251,"circlet_count":0,"master_deck":["Strike_R","Strike_R","Strike_R","Strike_R","Defend_R+1","Defend_R","Defend_R","Bash","Rupture","Rampage","Spot Weakness+1","Inflame","Shrug It Off","Clash","Infernal Blade","Spot Weakness","Pummel","Demon Form","Offering","Flex","Flex+1"],"relics":["Burning Blood","War Paint","Bag of Marbles","Juzu Bracelet","Blood Vial","Philosopher\u0027s Stone","Ancient Tea Set"],"potions_floor_usage":[11,16,16,16,22],"damage_taken":[{"damage":0,"enemies":"2 Louse","floor":1,"turns":3},{"damage":0,"enemies":"Small Slimes","floor":3,"turns":3},{"damage":1,"enemies":"Cultist","floor":4,"turns":3},{"damage":28,"enemies":"Lagavulin","floor":6,"turns":5},{"damage":35,"enemies":"Gremlin Nob","floor":11,"turns":4},{"damage":49,"enemies":"Gremlin Gang","floor":12,"turns":4},{"damage":7,"enemies":"Exordium Thugs","floor":14,"turns":2},{"damage":73,"enemies":"Hexaghost","floor":16,"turns":10},{"damage":35,"enemies":"Spheric Guardian","floor":18,"turns":4},{"damage":15,"enemies":"Chosen","floor":21,"turns":4},{"damage":58,"floor":22,"turns":5}],"seed_played":"-8913332836793958746","potions_obtained":[{"floor":3,"key":"SpeedPotion"},{"floor":7,"key":"Block Potion"},{"floor":7,"key":"Fruit Juice"},{"floor":11,"key":"SpeedPotion"},{"floor":14,"key":"Regen Potion"},{"floor":21,"key":"Swift Potion"}],"is_trial":false,"path_per_floor":["M","$","M","M","?","E","?","R","T","R","E","M","R","M","R","B",null,"M","$","?","M"],"character_chosen":"IRONCLAD","items_purchased":["Inflame","Shrug It Off","Flex","Ancient Tea Set"],"campfire_rested":4,"item_purchase_floors":[2,2,19,19],"current_hp_per_floor":[46,46,52,57,50,28,28,52,52,76,52,11,36,37,62,12,85,56,56,56,49,0],"gold":128,"neow_bonus":"TRANSFORM_TWO_CARDS","is_prod":false,"is_daily":false,"chose_seed":false,"campfire_upgraded":0,"win_rate":0.0,"timestamp":1532624667,"path_taken":["M","$","M","M","?","E","?","R","T","R","E","M","R","M","R","BOSS","M","$","?","M","?"],"build_version":"2018-07-19v2","purchased_purges":0,"victory":false,"max_hp_per_floor":[80,80,80,80,80,80,80,80,80,80,85,85,85,85,85,85,85,85,85,85,85,85],"card_choices":[{"not_picked":["Twin Strike","Clothesline"],"picked":"Spot Weakness","floor":1},{"not_picked":["Thunderclap","Wild Strike"],"picked":"Clash","floor":3},{"not_picked":["Juggernaut","Perfected Strike"],"picked":"Infernal Blade","floor":4},{"not_picked":["Dual Wield","Flame Barrier"],"picked":"Spot Weakness","floor":6},{"not_picked":["Sword Boomerang","True Grit","Shrug It Off"],"picked":"SKIP","floor":11},{"not_picked":["Uppercut","Clothesline"],"picked":"Pummel","floor":12},{"not_picked":["Heavy Blade","Entrench"],"picked":"Demon Form","floor":14},{"not_picked":["Reaper","Brutality"],"picked":"Offering","floor":16},{"not_picked":["Clothesline","Uppercut","Warcry"],"picked":"SKIP","floor":18},{"not_picked":["Pommel Strike","Body Slam+1"],"picked":"Flex+1","floor":21}],"player_experience":104125,"relics_obtained":[{"floor":6,"key":"Bag of Marbles"},{"floor":9,"key":"Juzu Bracelet"},{"floor":11,"key":"Blood Vial"}],"event_choices":[{"event_name":"Scrap Ooze","player_choice":"success","floor":5,"damage_taken":7},{"event_name":"The Lab","player_choice":"Got Potions","floor":7,"damage_taken":0},{"event_name":"Vampires","player_choice":"Ignored","floor":20,"damage_taken":0},{"event_name":"Masked Bandits","player_choice":"Fought over 128 gold","floor":22,"damage_taken":0}],"is_beta":false,"boss_relics":[{"not_picked":["Tiny House","Snecko Eye"],"picked":"Philosopher\u0027s Stone"}],"items_purged_floors":[],"is_endless":false,"potions_floor_spawned":[3,11,14,21],"ascension_level":0}