{"gold_per_floor":[118,193,212,232,250,250,278,278,346,381,381,395,405,53,53,53],"floor_reached":16,"playtime":1097,"items_purged":[],"score":118,"play_id":"1a156dcf-d613-4b21-9e4d-68a563a75b67","local_time":"20181207183856","is_ascension_mode":true,"campfire_choices":[{"floor":6,"key":"RECALL"},{"floor":8,"key":"REST"},{"floor":11,"key":"REST"},{"floor":15,"key":"REST"}],"neow_cost":"NONE","seed_source_timestamp":199999196343561,"circlet_count":0,"master_deck":["Strike_R","Strike_R","Strike_R","Strike_R","Strike_R","Defend_R","Defend_R","Defend_R+1","Defend_R","Bash","Pummel","Power Through+1","Burning Pact","Sword Boomerang","Reckless Charge","Juggernaut","Perfected Strike","Twin Strike","Perfected Strike","Pommel Strike"],"relics":["Burning Blood","Unceasing Top","Paper Frog","War Paint","Matryoshka"],"potions_floor_usage":[7,10,12,16],"damage_taken":[{"damage":2,"enemies":"Small Slimes","floor":1,"turns":4},{"damage":1,"enemies":"Jaw Worm","floor":3,"turns":5},{"damage":0,"enemies":"Cultist","floor":4,"turns":5},{"damage":23,"enemies":"2 Fungi Beasts","floor":5,"turns":5},{"damage":40,"enemies":"3 Sentries","floor":7,"turns":12},{"damage":58,"enemies":"Lagavulin","floor":10,"turns":9},{"damage":17,"enemies":"Gremlin Gang","floor":12,"turns":4},{"damage":16,"enemies":"3 Louse","floor":13,"turns":3},{"damage":46,"enemies":"The Guardian","floor":16,"turns":11}],"seed_played":"-9154354007684537323","potions_obtained":[{"floor":4,"key":"FearPotion"},{"floor":7,"key":"Strength Potion"},{"floor":10,"key":"LiquidBronze"},{"floor":12,"key":"Dexterity Potion"}],"is_trial":false,"path_per_floor":["M","?","M","M","M","R","E","R","T","E","R","M","M","$","R","B"],"character_chosen":"IRONCLAD","items_purchased":["Perfected Strike","Matryoshka","Pommel Strike"],"campfire_rested":3,"item_purchase_floors":[14,14,14],"current_hp_per_floor":[88,77,82,88,71,71,37,63,63,11,37,26,16,16,42,0],"gold":53,"neow_bonus":"TEN_PERCENT_HP_BONUS","is_prod":false,"is_daily":false,"chose_seed":false,"campfire_upgraded":0,"win_rate":0,"timestamp":1544204336,"path_taken":["M","?","M","M","M","R","E","R","T","E","R","M","M","$","R","BOSS"],"build_version":"2018-12-06","purchased_purges":0,"victory":false,"max_hp_per_floor":[88,88,88,88,88,88,88,88,88,88,88,88,88,88,88,88],"card_choices":[{"not_picked":["Clothesline","Hemokinesis"],"picked":"Pummel","floor":1},{"not_picked":["Feel No Pain","Second Wind"],"picked":"Power Through","floor":3},{"not_picked":["Warcry","Rupture"],"picked":"Burning Pact","floor":4},{"not_picked":["Flex","Clothesline"],"picked":"Sword Boomerang","floor":5},{"not_picked":["Sever Soul","Pommel Strike"],"picked":"Reckless Charge","floor":7},{"not_picked":["Heavy Blade","Wild Strike"],"picked":"Juggernaut","floor":10},{"not_picked":["Armaments","Burning Pact"],"picked":"Perfected Strike","floor":12},{"not_picked":["Headbutt","Armaments"],"picked":"Twin Strike","floor":13}],"player_experience":218581,"relics_obtained":[{"floor":7,"key":"Unceasing Top"},{"floor":9,"key":"Paper Frog"},{"floor":10,"key":"War Paint"}],"event_choices":[{"damage_healed":0,"gold_gain":75,"player_choice":"Gather Gold","damage_taken":11,"max_hp_gain":0,"max_hp_loss":0,"event_name":"World of Goop","floor":2,"gold_loss":0}],"is_beta":false,"boss_relics":[],"items_purged_floors":[],"is_endless":false,"potions_floor_spawned":[4,7,10,12],"killed_by":"The Guardian","ascension_level":1}