{"gold_per_floor":[111,111,111,124,299,299,313,346,346,346,363,363,396,408,408,509,509,522,621,621,26,26,26,26],"floor_reached":24,"playtime":1342,"items_purged":["Doubt"],"score":273,"play_id":"f7cc096b-7d09-4678-80b0-2bf23c15fa99","local_time":"20190329192945","is_ascension_mode":true,"campfire_choices":[{"data":"Crippling Poison","floor":6,"key":"SMITH"},{"floor":10,"key":"REST"},{"floor":12,"key":"REST"},{"data":"Caltrops","floor":15,"key":"SMITH"},{"data":"Burst","floor":23,"key":"SMITH"}],"neow_cost":"NONE","seed_source_timestamp":709827683800389,"circlet_count":0,"master_deck":["Defend_G+1","Defend_G","Defend_G+1","Defend_G","Strike_G","Strike_G","Strike_G","Strike_G","Strike_G","Survivor","Neutralize","Quick Slash","Crippling Poison+1","Skewer","Backflip","Prepared","Choke","Caltrops+1","Burst+1","Dagger Spray+1","Mayhem+1","Footwork+1","PiercingWail"],"relics":["HoveringKite","Bottled Lightning","Oddly Smooth Stone","White Beast Statue","Frozen Egg 2","CultistMask"],"potions_floor_usage":[8,13,16,24],"damage_taken":[{"damage":2,"enemies":"2 Louse","floor":1,"turns":3},{"damage":0,"enemies":"Jaw Worm","floor":4,"turns":4},{"damage":5,"enemies":"Small Slimes","floor":7,"turns":4},{"damage":30,"enemies":"3 Sentries","floor":8,"turns":13},{"damage":21,"enemies":"Exordium Thugs","floor":11,"turns":5},{"damage":27,"enemies":"Lagavulin","floor":13,"turns":7},{"damage":0,"enemies":"2 Fungi Beasts","floor":14,"turns":2},{"damage":5,"enemies":"The Guardian","floor":16,"turns":12},{"damage":10,"enemies":"Shell Parasite","floor":18,"turns":5},{"damage":35,"enemies":"Book of Stabbing","floor":24,"turns":8}],"seed_played":"-7458348984331827583","potions_obtained":[{"floor":7,"key":"Block Potion"},{"floor":11,"key":"Regen Potion"},{"floor":13,"key":"EssenceOfSteel"},{"floor":18,"key":"PowerPotion"}],"is_trial":false,"path_per_floor":["M","?","?","M","?","R","M","E","T","R","M","R","E","M","R","B",null,"M","?","?","$","?","R","E"],"character_chosen":"THE_SILENT","items_purchased":["Frozen Egg 2","Mayhem+1","Footwork+1","PiercingWail"],"campfire_rested":2,"item_purchase_floors":[21,21,21,21],"current_hp_per_floor":[61,47,40,40,40,40,35,5,5,26,5,26,14,14,14,9,55,45,45,32,32,32,32,0],"gold":26,"neow_bonus":"BOSS_RELIC","is_prod":false,"is_daily":false,"chose_seed":false,"campfire_upgraded":3,"win_rate":0,"timestamp":1553884185,"path_taken":["M","?","?","M","?","R","M","E","T","R","M","R","E","M","R","BOSS","M","?","?","$","?","R","E"],"build_version":"2019-01-23","purchased_purges":1,"victory":false,"max_hp_per_floor":[70,70,70,70,70,70,70,70,70,70,70,70,70,70,70,70,70,70,70,75,75,75,75,75],"card_choices":[{"not_picked":["Blade Dance","Sucker Punch"],"picked":"Quick Slash","floor":1},{"not_picked":["Escape Plan","Backflip"],"picked":"Crippling Poison","floor":4},{"not_picked":["Prepared","Flying Knee"],"picked":"Skewer","floor":7},{"not_picked":["Dagger Throw","Flying Knee"],"picked":"Backflip","floor":8},{"not_picked":["Blade Dance","Backstab"],"picked":"Prepared","floor":11},{"not_picked":["Dagger Throw","Poisoned Stab"],"picked":"Choke","floor":13},{"not_picked":["Prepared","Skewer"],"picked":"Caltrops","floor":14},{"not_picked":["Phantasmal Killer","After Image"],"picked":"Burst","floor":16},{"not_picked":["Finisher","Bane"],"picked":"Dagger Spray+1","floor":18}],"player_experience":280970,"relics_obtained":[{"floor":8,"key":"Bottled Lightning"},{"floor":13,"key":"Oddly Smooth Stone"}],"event_choices":[{"damage_healed":0,"gold_gain":0,"player_choice":"Entered Light","damage_taken":14,"max_hp_gain":0,"max_hp_loss":0,"event_name":"Shining Light","floor":2,"gold_loss":0,"cards_upgraded":["Defend_G","Defend_G"]},{"cards_removed":["Defend_G"],"damage_healed":0,"gold_gain":0,"player_choice":"Card Removal","damage_taken":7,"max_hp_gain":0,"max_hp_loss":0,"event_name":"Golden Wing","floor":3,"gold_loss":0},{"damage_healed":0,"gold_gain":175,"player_choice":"AGREE","damage_taken":0,"max_hp_gain":0,"max_hp_loss":0,"event_name":"Liars Game","floor":5,"gold_loss":0,"cards_obtained":["Doubt"]},{"damage_healed":0,"gold_gain":99,"player_choice":"Stole From Cult","damage_taken":0,"max_hp_gain":0,"max_hp_loss":0,"event_name":"Nest","floor":19,"gold_loss":0},{"damage_healed":0,"gold_gain":0,"player_choice":"Shed Blood","damage_taken":18,"max_hp_gain":5,"max_hp_loss":0,"event_name":"Forgotten Altar","floor":20,"gold_loss":0},{"damage_healed":0,"gold_gain":0,"player_choice":"Trade","damage_taken":0,"relics_obtained":["CultistMask"],"max_hp_gain":0,"max_hp_loss":0,"event_name":"FaceTrader","floor":22,"gold_loss":0}],"is_beta":false,"boss_relics":[{"not_picked":["Sozu","Fusion Hammer"],"picked":"White Beast Statue"}],"items_purged_floors":[21],"is_endless":false,"potions_floor_spawned":[7,11,13,18],"killed_by":"Book of Stabbing","ascension_level":7}