{"gold_per_floor":[119,69,81,101,101,101,129,129,129,148,1,1,1,13,13,13],"floor_reached":16,"playtime":841,"items_purged":["Strike_G"],"score":155,"play_id":"2fa24ce6-9625-464a-b14b-7f356a23d377","local_time":"20181002191221","is_ascension_mode":true,"campfire_choices":[{"data":"Neutralize","floor":6.0,"key":"SMITH"},{"floor":8.0,"key":"REST"},{"floor":12,"key":"REST"},{"data":"Cloak And Dagger","floor":15,"key":"SMITH"}],"neow_cost":"NONE","seed_source_timestamp":192565128146210,"circlet_count":0,"master_deck":["Defend_G","Defend_G","Defend_G","Defend_G","Strike_G","Strike_G","Survivor","Neutralize+1","AscendersBane","Backflip","Tactician","Deflect","Acrobatics","Dagger Throw","Dagger Throw","Infinite Blades","Cloak And Dagger+1"],"special_seed":0,"relics":["Ring of the Snake","Mummified Hand","Letter Opener"],"potions_floor_usage":[16],"damage_taken":[{"damage":2.0,"enemies":"Cultist","floor":1.0,"turns":4.0},{"damage":4.0,"enemies":"Jaw Worm","floor":3.0,"turns":6.0},{"damage":0.0,"enemies":"2 Louse","floor":4.0,"turns":4.0},{"damage":26.0,"enemies":"3 Sentries","floor":7.0,"turns":19.0},{"damage":18,"enemies":"Gremlin Gang","floor":10,"turns":5},{"damage":5,"enemies":"Exordium Wildlife","floor":14,"turns":5},{"damage":51,"enemies":"Slime Boss","floor":16,"turns":6}],"seed_played":"-5637568800372597826","potions_obtained":[{"floor":3.0,"key":"Energy Potion"},{"floor":7.0,"key":"Ancient Potion"}],"is_trial":false,"path_per_floor":["M","?","M","M","?","R","E","R","T","M","$","R","?","M","R"],"character_chosen":"THE_SILENT","items_purchased":["Infinite Blades"],"campfire_rested":2,"item_purchase_floors":[11],"current_hp_per_floor":[61,61,57,57,57,57,31,52,52,34,34,55,55,50,50,0],"gold":13,"neow_bonus":"TRANSFORM_CARD","is_prod":false,"is_daily":false,"chose_seed":false,"campfire_upgraded":2,"win_rate":0,"timestamp":1538478741,"path_taken":["M","?","?","M","?","R","E","R","T","M","$","R","?","M","R","BOSS"],"build_version":"2018-09-27","purchased_purges":1,"victory":false,"max_hp_per_floor":[70,70,70,70,70,70,70,70,70,70,70,70,70,70,70,70],"card_choices":[{"not_picked":["Blade Dance","All Out Attack"],"picked":"Tactician","floor":1.0},{"not_picked":["Masterful Stab","Slice"],"picked":"Deflect","floor":3.0},{"not_picked":["Prepared","Riddle With Holes"],"picked":"Acrobatics","floor":4.0},{"not_picked":["Acrobatics","Deflect"],"picked":"Dagger Throw","floor":7.0},{"not_picked":["Slice","Outmaneuver"],"picked":"Dagger Throw","floor":10},{"not_picked":["Prepared","Dagger Spray"],"picked":"Cloak And Dagger","floor":14}],"player_experience":405281,"relics_obtained":[{"floor":7.0,"key":"Mummified Hand"},{"floor":9.0,"key":"Letter Opener"}],"event_choices":[{"event_name":"The Cleric","player_choice":"Card Removal","floor":2.0,"damage_taken":0.0},{"event_name":"Living Wall","player_choice":"Forget","floor":5.0,"damage_taken":0.0},{"event_name":"Liars Game","player_choice":"disagreed","floor":13,"damage_taken":0}],"is_beta":false,"boss_relics":[],"items_purged_floors":[11],"is_endless":false,"potions_floor_spawned":[3,7],"killed_by":"Slime Boss","ascension_level":11}