{"gold_per_floor":[118,130,59,59,159,192,192,208,234,262,274,291,323,350,350,350],"floor_reached":16,"playtime":659,"items_purged":[],"score":232,"play_id":"2e9e4b85-8b63-4703-a38c-d2618bfe3ea8","local_time":"20190429125639","is_ascension_mode":true,"campfire_choices":[{"data":"Bash","floor":7.0,"key":"SMITH"},{"data":"Flame Barrier","floor":15,"key":"SMITH"}],"neow_cost":"NONE","seed_source_timestamp":440024467784439,"circlet_count":0,"master_deck":["AscendersBane","Strike_R","Strike_R+1","Strike_R","Strike_R+1","Strike_R","Defend_R","Defend_R","Defend_R","Defend_R","Bash+1","Headbutt","Battle Trance","Cleave","Flame Barrier+1","Seeing Red"],"special_seed":0,"relics":["Burning Blood","NeowsBlessing","Boot","Happy Flower","Magic Flower","Toxic Egg 2","Whetstone"],"potions_floor_usage":[13,13],"damage_taken":[{"damage":0.0,"enemies":"2 Louse","floor":1.0,"turns":1.0},{"damage":0.0,"enemies":"Small Slimes","floor":2.0,"turns":1.0},{"damage":0.0,"enemies":"Gremlin Nob","floor":6.0,"turns":1.0},{"damage":1.0,"enemies":"Cultist","floor":8.0,"turns":3.0},{"damage":40.0,"enemies":"Lagavulin","floor":10.0,"turns":6.0},{"damage":6,"enemies":"Exordium Wildlife","floor":11,"turns":4},{"damage":6,"enemies":"Lots of Slimes","floor":12,"turns":2},{"damage":18,"enemies":"3 Sentries","floor":13,"turns":7},{"damage":48,"enemies":"The Guardian","floor":16,"turns":10}],"seed_played":"-5400988262932377337","potions_obtained":[{"floor":2.0,"key":"Fire Potion"},{"floor":8.0,"key":"GamblersBrew"},{"floor":10.0,"key":"PowerPotion"},{"floor":11,"key":"Poison Potion"}],"is_trial":false,"path_per_floor":["M","M","$","?","?","E","R","M","T","E","M","M","E","T","R","B"],"character_chosen":"IRONCLAD","items_purchased":["Battle Trance"],"campfire_rested":0,"item_purchase_floors":[3],"current_hp_per_floor":[78,80,80,80,80,80,80,80,80,46,49,52,43,43,43,0],"gold":350,"neow_bonus":"THREE_ENEMY_KILL","is_prod":false,"is_daily":false,"chose_seed":false,"campfire_upgraded":2,"win_rate":0,"timestamp":1556535399,"path_taken":["M","M","$","?","?","E","R","M","T","E","M","?","E","?","R","BOSS"],"build_version":"2019-01-23","purchased_purges":0,"victory":false,"max_hp_per_floor":[80,80,80,80,80,80,80,80,80,80,80,80,80,80,80,80],"card_choices":[{"not_picked":["Burning Pact","Carnage"],"picked":"Headbutt","floor":1.0},{"not_picked":["Rupture","True Grit","Clash"],"picked":"SKIP","floor":2.0},{"not_picked":["Twin Strike","Rage"],"picked":"Cleave","floor":6.0},{"not_picked":["Clothesline","Anger","Flex"],"picked":"SKIP","floor":8.0},{"not_picked":["Blood for Blood","Iron Wave"],"picked":"Flame Barrier","floor":10.0},{"not_picked":["Rupture","Power Through","Cleave"],"picked":"SKIP","floor":11},{"not_picked":["Bloodletting","Uppercut"],"picked":"Seeing Red","floor":12},{"not_picked":["Perfected Strike","Clash","Searing Blow"],"picked":"SKIP","floor":13}],"player_experience":680095,"relics_obtained":[{"floor":6.0,"key":"Boot"},{"floor":9.0,"key":"Happy Flower"},{"floor":10.0,"key":"Magic Flower"},{"floor":13,"key":"Toxic Egg 2"},{"floor":14,"key":"Whetstone"}],"event_choices":[{"damage_healed":0.0,"max_hp_gain":0.0,"max_hp_loss":0.0,"gold_gain":0.0,"event_name":"Liars Game","player_choice":"Ignored","floor":4.0,"gold_loss":0.0,"damage_taken":0.0},{"damage_healed":0.0,"max_hp_gain":0.0,"max_hp_loss":0.0,"gold_gain":100.0,"event_name":"Wheel of Change","player_choice":"Gold","floor":5.0,"gold_loss":0.0,"damage_taken":0.0}],"is_beta":false,"boss_relics":[],"items_purged_floors":[],"is_endless":false,"potions_floor_spawned":[2,8,10,11],"killed_by":"The Guardian","ascension_level":12}