{"gold_per_floor":[114,39,50,61,61,88,88,122,422,437,462,327,202,212,212,310,310,329,179,196,208,208,238,238,238,313,348,362,187,187,205,205,307,307,322,322,334,334,134,134,134,148,148,167,197,250,250,260,260,260],"floor_reached":51,"playtime":3146,"items_purged":["Defend_R","Strike_R","Defend_R","Inflame","Bash","Strike_R"],"score":910,"play_id":"db438066-3f55-4ca1-aaa4-a7c18949de96","local_time":"20180910224528","is_ascension_mode":false,"campfire_choices":[{"data":"Dual Wield","floor":15,"key":"SMITH"},{"data":"Limit Break","floor":25,"key":"SMITH"},{"data":"Shrug It Off","floor":30,"key":"SMITH"},{"data":"Defend_R","floor":32,"key":"SMITH"},{"data":"Offering","floor":40,"key":"SMITH"},{"data":"Reaper","floor":47,"key":"SMITH"},{"data":"Twin Strike","floor":49,"key":"SMITH"}],"neow_cost":"NONE","seed_source_timestamp":294983876772795,"circlet_count":0,"master_deck":["Defend_R+1","Shrug It Off+1","Inflame+1","Reaper+1","Dual Wield+1","Limit Break+1","Twin Strike+1","Offering+1","Battle Trance"],"relics":["Burning Blood","Ginger","Incense Burner","Old Coin","Pen Nib","Sozu","Omamori","Singing Bowl","Mummified Hand","Lizard Tail","Du-Vu Doll","Bag of Preparation","Smiling Mask","StoneCalendar"],"potions_floor_usage":[6,11,16],"damage_taken":[{"damage":5,"enemies":"Jaw Worm","floor":1,"turns":5},{"damage":3,"enemies":"2 Louse","floor":3,"turns":4},{"damage":0,"enemies":"Small Slimes","floor":4,"turns":3},{"damage":0,"enemies":"Gremlin Nob","floor":6,"turns":3},{"damage":8,"enemies":"3 Sentries","floor":8,"turns":11},{"damage":17,"enemies":"Exordium Wildlife","floor":10,"turns":7},{"damage":8,"enemies":"Gremlin Nob","floor":11,"turns":3},{"damage":13,"enemies":"Lots of Slimes","floor":14,"turns":4},{"damage":86,"enemies":"The Guardian","floor":16,"turns":12},{"damage":13,"enemies":"Spheric Guardian","floor":18,"turns":5},{"damage":16,"enemies":"Shell Parasite","floor":20,"turns":4},{"damage":18,"enemies":"Shelled Parasite and Fungi","floor":21,"turns":3},{"damage":34,"enemies":"Book of Stabbing","floor":23,"turns":5},{"damage":62,"enemies":"Gremlin Leader","floor":27,"turns":6},{"damage":13,"enemies":"Snake Plant","floor":28,"turns":3},{"damage":17,"enemies":"Centurion and Healer","floor":31,"turns":6},{"damage":73,"enemies":"Automaton","floor":33,"turns":9},{"damage":42,"enemies":"3 Darklings","floor":35,"turns":4},{"damage":6,"enemies":"Mind Bloom Boss Battle","floor":36,"turns":5},{"damage":22,"enemies":"3 Shapes","floor":37,"turns":5},{"damage":23,"enemies":"Maw","floor":42,"turns":3},{"damage":27,"enemies":"3 Darklings","floor":44,"turns":4},{"damage":22,"enemies":"Nemesis","floor":45,"turns":5},{"damage":15,"enemies":"Mysterious Sphere","floor":46,"turns":2},{"damage":1,"enemies":"Reptomancer","floor":48,"turns":2},{"damage":48,"enemies":"Donu and Deca","floor":50,"turns":4}],"seed_played":"-6970431686135571415","potions_obtained":[{"floor":1,"key":"AttackPotion"},{"floor":6,"key":"Ancient Potion"},{"floor":10,"key":"AttackPotion"}],"is_trial":false,"path_per_floor":["M","$","M","M","?","E","?","E","T","M","E","$","$","M","R","B",null,"M","$","M","M","?","E","?","R","T","E","M","$","R","M","R","B",null,"M","?","M","?","$","R","?","M","T","M","E","?","R","M","R","B"],"character_chosen":"IRONCLAD","items_purchased":["Dual Wield"],"campfire_rested":0,"item_purchase_floors":[12],"current_hp_per_floor":[80,80,80,80,80,80,73,71,71,64,62,62,62,80,80,80,80,77,77,70,80,80,52,37,37,37,87,89,89,89,91,91,91,91,93,95,95,95,95,95,95,97,97,99,101,103,103,105,105,85],"gold":260,"neow_bonus":"REMOVE_CARD","is_prod":false,"is_daily":false,"chose_seed":false,"campfire_upgraded":7,"win_rate":0.0,"timestamp":1536612328,"path_taken":["M","$","M","M","?","E","?","E","T","M","E","?","$","?","R","BOSS","M","$","M","M","?","E","?","R","T","E","M","$","R","M","R","BOSS","M","?","M","?","$","R","?","?","T","M","E","?","R","M","R","BOSS"],"build_version":"2018-09-06","purchased_purges":6,"victory":true,"max_hp_per_floor":[80,80,80,80,80,80,80,80,80,80,80,80,80,80,80,80,80,80,80,80,80,80,80,85,85,85,87,89,89,89,91,91,91,91,93,95,95,95,95,95,95,97,97,99,101,103,103,105,105,105],"card_choices":[{"not_picked":["Ghostly Armor","Intimidate","Havoc"],"picked":"SKIP","floor":1},{"not_picked":["Havoc","Sever Soul"],"picked":"Shrug It Off","floor":3},{"not_picked":["Warcry","Havoc"],"picked":"Inflame","floor":4},{"not_picked":["Anger","Clash","Havoc"],"picked":"SKIP","floor":6},{"not_picked":["Heavy Blade","Rupture"],"picked":"Reaper","floor":8},{"not_picked":["Sword Boomerang","Dropkick","Shrug It Off"],"picked":"SKIP","floor":10},{"not_picked":["Perfected Strike","Sword Boomerang","Iron Wave"],"picked":"SKIP","floor":11},{"not_picked":["Twin Strike","Reckless Charge"],"picked":"Inflame","floor":14},{"not_picked":["Barricade","Berserk"],"picked":"Limit Break","floor":16},{"not_picked":["Body Slam","Perfected Strike"],"picked":"Twin Strike","floor":18},{"not_picked":["Flex","Juggernaut","Entrench"],"picked":"SKIP","floor":20},{"not_picked":["Burning Pact","Intimidate","Evolve"],"picked":"SKIP","floor":21},{"not_picked":["Twin Strike+1","Flame Barrier+1","Thunderclap"],"picked":"SKIP","floor":23},{"not_picked":["Demon Form","Clothesline","Perfected Strike"],"picked":"Singing Bowl","floor":27},{"not_picked":["Clothesline+1","Sword Boomerang","Reaper"],"picked":"Singing Bowl","floor":28},{"not_picked":["Warcry","Evolve","Corruption"],"picked":"Singing Bowl","floor":31},{"not_picked":["Immolate","Reaper"],"picked":"Offering","floor":33},{"not_picked":["Havoc","Armaments+1","Corruption+1"],"picked":"Singing Bowl","floor":35},{"not_picked":["Uppercut","Clothesline","Cleave+1"],"picked":"Singing Bowl","floor":36},{"not_picked":["Fire Breathing+1","Sever Soul+1"],"picked":"Battle Trance","floor":37},{"not_picked":["Pummel+1","Pommel Strike+1","Fiend Fire"],"picked":"Singing Bowl","floor":42},{"not_picked":["Intimidate+1","Armaments","Perfected Strike"],"picked":"Singing Bowl","floor":44},{"not_picked":["Ghostly Armor","Thunderclap","Seeing Red"],"picked":"Singing Bowl","floor":45},{"not_picked":["Corruption+1","Power Through","Rampage"],"picked":"Singing Bowl","floor":46},{"not_picked":["Body Slam+1","Dual Wield","Headbutt+1"],"picked":"Singing Bowl","floor":48}],"player_experience":106646,"relics_obtained":[{"floor":6,"key":"Ginger"},{"floor":8,"key":"Incense Burner"},{"floor":9,"key":"Old Coin"},{"floor":11,"key":"Pen Nib"},{"floor":23,"key":"Omamori"},{"floor":26,"key":"Singing Bowl"},{"floor":27,"key":"Mummified Hand"},{"floor":36,"key":"Du-Vu Doll"},{"floor":43,"key":"Bag of Preparation"},{"floor":45,"key":"Smiling Mask"},{"floor":46,"key":"StoneCalendar"}],"event_choices":[{"event_name":"Living Wall","player_choice":"Grow","floor":5,"damage_taken":0},{"event_name":"Golden Wing","player_choice":"Card Removal","floor":7,"damage_taken":0},{"event_name":"Ghosts","player_choice":"Ignored","floor":22,"damage_taken":0},{"event_name":"Forgotten Altar","player_choice":"Shed Blood","floor":24,"damage_taken":0},{"event_name":"MindBloom","player_choice":"Fight","floor":36,"damage_taken":0},{"event_name":"Falling","player_choice":"Removed Attack","floor":38,"damage_taken":0},{"event_name":"Bonfire Elementals","player_choice":"BASIC","floor":41,"damage_taken":0},{"event_name":"Mysterious Sphere","player_choice":"Fight","floor":46,"damage_taken":0}],"is_beta":false,"boss_relics":[{"not_picked":["Pandora\u0027s Box","Snecko Eye"],"picked":"Sozu"},{"not_picked":["Runic Dome","Runic Cube"],"picked":"Lizard Tail"}],"items_purged_floors":[2,12,13,19,29,39],"is_endless":false,"potions_floor_spawned":[1,6,10,20,21,27,33,36,37,45],"ascension_level":0}