{"gold_per_floor":[13,13,32,32,52,80,80,112,112,140,42,58,73,90,90,90],"floor_reached":16,"playtime":1449,"items_purged":["Defend_R"],"score":201,"play_id":"6d64339e-7777-483f-ba0c-b4d7e6026c68","local_time":"20190429141628","is_ascension_mode":true,"campfire_choices":[{"data":"Immolate","floor":7,"key":"SMITH"},{"data":"Feed","floor":15,"key":"SMITH"}],"neow_cost":"NO_GOLD","seed_source_timestamp":444058453684453,"circlet_count":0,"master_deck":["AscendersBane","Strike_R","Strike_R","Defend_R","Defend_R","Defend_R","Bash","Uppercut","Rampage","Body Slam","Immolate+1","Feed+1","Shrug It Off","Shrug It Off","Body Slam","Headbutt","Ghostly Armor"],"relics":["Burning Blood","Ancient Tea Set","Prayer Wheel","Gremlin Horn","Singing Bowl","Gambling Chip"],"potions_floor_usage":[6],"damage_taken":[{"damage":6,"enemies":"Jaw Worm","floor":1,"turns":3},{"damage":0,"enemies":"Cultist","floor":3,"turns":3},{"damage":4,"enemies":"Small Slimes","floor":5,"turns":3},{"damage":18,"enemies":"Gremlin Nob","floor":6,"turns":4},{"damage":5,"enemies":"3 Sentries","floor":8,"turns":4},{"damage":51,"enemies":"Lagavulin","floor":10,"turns":9},{"damage":2,"enemies":"Blue Slaver","floor":12,"turns":5},{"damage":0,"enemies":"3 Louse","floor":13,"turns":1},{"damage":0,"enemies":"Lots of Slimes","floor":14,"turns":1},{"damage":49,"enemies":"Hexaghost","floor":16,"turns":10}],"seed_played":"-4125512558456774883","potions_obtained":[{"floor":3,"key":"Weak Potion"},{"floor":8,"key":"BloodPotion"},{"floor":10,"key":"Fire Potion"}],"is_trial":false,"path_per_floor":["M","?","M","?","M","E","R","E","T","E","$","M","M","M","R","B"],"character_chosen":"IRONCLAD","items_purchased":["Shrug It Off"],"campfire_rested":0,"item_purchase_floors":[11],"current_hp_per_floor":[72,72,78,78,80,68,68,69,69,24,24,33,41,49,49,0],"gold":90,"neow_bonus":"TRANSFORM_TWO_CARDS","is_prod":false,"is_daily":false,"chose_seed":false,"campfire_upgraded":2,"win_rate":0,"timestamp":1556540188,"path_taken":["M","?","?","?","M","E","R","E","T","E","$","?","M","M","R","BOSS"],"build_version":"2019-01-23","purchased_purges":1,"victory":false,"max_hp_per_floor":[80,80,80,80,80,80,80,80,80,80,80,85,87,89,89,89],"card_choices":[{"not_picked":["Warcry","Clash","Wild Strike"],"picked":"SKIP","floor":1},{"not_picked":["True Grit","Corruption"],"picked":"Rampage","floor":3},{"not_picked":["Carnage","Perfected Strike"],"picked":"Body Slam","floor":5},{"not_picked":["Hemokinesis","Perfected Strike"],"picked":"Immolate","floor":6},{"not_picked":["Iron Wave","True Grit"],"picked":"Feed","floor":8},{"not_picked":["Power Through","Seeing Red"],"picked":"Shrug It Off","floor":10},{"not_picked":["Sword Boomerang","Pommel Strike"],"picked":"Body Slam","floor":12},{"not_picked":["Shrug It Off","Whirlwind","Havoc"],"picked":"Singing Bowl","floor":12},{"not_picked":["Limit Break","Thunderclap","Havoc"],"picked":"Singing Bowl","floor":13},{"not_picked":["Wild Strike","True Grit"],"picked":"Headbutt","floor":13},{"not_picked":["Cleave","Shockwave"],"picked":"Ghostly Armor","floor":14},{"not_picked":["Cleave","Sentinel","Clothesline"],"picked":"Singing Bowl","floor":14}],"player_experience":683906,"relics_obtained":[{"floor":6,"key":"Prayer Wheel"},{"floor":8,"key":"Gremlin Horn"},{"floor":9,"key":"Singing Bowl"},{"floor":10,"key":"Gambling Chip"}],"event_choices":[{"cards_removed":["Cleave"],"damage_healed":0,"gold_gain":0,"player_choice":"Gave Card","damage_taken":0,"relics_obtained":["Ancient Tea Set"],"max_hp_gain":0,"max_hp_loss":0,"event_name":"WeMeetAgain","floor":2,"gold_loss":0},{"cards_removed":["Strike_R"],"damage_healed":0,"gold_gain":0,"player_choice":"Offered Basic","damage_taken":0,"max_hp_gain":0,"max_hp_loss":0,"event_name":"Bonfire Elementals","floor":4,"gold_loss":0}],"is_beta":false,"boss_relics":[],"items_purged_floors":[11],"is_endless":false,"potions_floor_spawned":[3,8,10,12],"killed_by":"Hexaghost","ascension_level":13}