{"gold_per_floor":[112,126,76,87,98,123,123,123,123,140,172,172,197,212,212,212],"floor_reached":16,"playtime":757,"items_purged":[],"score":153,"play_id":"18827a53-2e4b-4b90-8fe8-aa825ba41962","local_time":"20181216160712","is_ascension_mode":true,"campfire_choices":[{"floor":8,"key":"REST"},{"floor":15,"key":"REST"}],"neow_cost":"PERCENT_DAMAGE","seed_source_timestamp":11609974070184,"circlet_count":0,"master_deck":["Strike_R","Strike_R","Strike_R","Defend_R","Defend_R","Defend_R","Defend_R","Bash","Berserk","Blood for Blood","Pommel Strike","Offering","Reaper","Evolve","Disarm","Ghostly Armor","Headbutt","Infernal Blade"],"relics":["Burning Blood","Pen Nib","Vajra","Ornamental Fan","PreservedInsect"],"potions_floor_usage":[6,13,14,16],"damage_taken":[{"damage":3,"enemies":"2 Louse","floor":1,"turns":3},{"damage":6,"enemies":"Small Slimes","floor":2,"turns":5},{"damage":10,"enemies":"Cultist","floor":4,"turns":4},{"damage":34,"enemies":"Exordium Thugs","floor":5,"turns":5},{"damage":14,"enemies":"Gremlin Nob","floor":6,"turns":3},{"damage":14,"enemies":"Blue Slaver","floor":10,"turns":4},{"damage":41,"enemies":"3 Sentries","floor":11,"turns":7},{"damage":12,"enemies":"Gremlin Nob","floor":13,"turns":4},{"damage":5,"enemies":"Exordium Wildlife","floor":14,"turns":5},{"damage":35,"enemies":"Slime Boss","floor":16,"turns":3}],"seed_played":"8948596434761361137","potions_obtained":[{"floor":4,"key":"Swift Potion"},{"floor":6,"key":"Swift Potion"},{"floor":11,"key":"GamblersBrew"},{"floor":14,"key":"EssenceOfSteel"}],"is_trial":false,"path_per_floor":["M","M","?","M","M","E","?","R","T","M","E","?","E","M","R","B"],"character_chosen":"IRONCLAD","items_purchased":[],"campfire_rested":2,"item_purchase_floors":[],"current_hp_per_floor":[59,59,59,55,27,19,19,43,43,35,15,7,8,9,33,0],"gold":212,"neow_bonus":"THREE_RARE_CARDS","is_prod":false,"is_daily":false,"chose_seed":false,"campfire_upgraded":0,"win_rate":0,"timestamp":1544972832,"path_taken":["M","M","?","M","M","E","?","R","T","M","E","?","E","M","R","BOSS"],"build_version":"2018-12-13","purchased_purges":0,"victory":false,"max_hp_per_floor":[80,80,80,80,80,80,80,80,80,80,80,80,80,80,80,80],"card_choices":[{"not_picked":["Barricade","Dark Embrace"],"picked":"Berserk","floor":0},{"not_picked":["Havoc","Sword Boomerang"],"picked":"Blood for Blood","floor":1},{"not_picked":["Twin Strike","Flex","Clothesline"],"picked":"SKIP","floor":2},{"not_picked":["Armaments","Twin Strike"],"picked":"Pommel Strike","floor":4},{"not_picked":["True Grit","Havoc"],"picked":"Offering","floor":5},{"not_picked":["Flex","Headbutt"],"picked":"Reaper","floor":6},{"not_picked":["Hemokinesis","Pommel Strike"],"picked":"Disarm","floor":10},{"not_picked":["Bloodletting","Warcry"],"picked":"Ghostly Armor","floor":11},{"not_picked":["Warcry","Heavy Blade"],"picked":"Headbutt","floor":13},{"not_picked":["Shrug It Off","Perfected Strike"],"picked":"Infernal Blade","floor":14}],"player_experience":352790,"relics_obtained":[{"floor":6,"key":"Pen Nib"},{"floor":9,"key":"Vajra"},{"floor":11,"key":"Ornamental Fan"},{"floor":13,"key":"PreservedInsect"}],"event_choices":[{"cards_removed":["Strike_R"],"damage_healed":0,"gold_gain":0,"player_choice":"Card Removal","damage_taken":0,"max_hp_gain":0,"max_hp_loss":0,"event_name":"The Cleric","floor":3,"gold_loss":50},{"damage_healed":0,"gold_gain":0,"cards_transformed":["Strike_R"],"player_choice":"Change","damage_taken":0,"max_hp_gain":0,"max_hp_loss":0,"event_name":"Living Wall","floor":7,"gold_loss":0,"cards_obtained":["Evolve"]},{"damage_healed":0,"gold_gain":0,"player_choice":"Damaged","damage_taken":8,"max_hp_gain":0,"max_hp_loss":0,"event_name":"Wheel of Change","floor":12,"gold_loss":0}],"is_beta":false,"boss_relics":[],"items_purged_floors":[],"is_endless":false,"potions_floor_spawned":[4,6,11,14],"killed_by":"Slime Boss","ascension_level":5}