{"gold_per_floor":[118,118,43,59,59,59,92,92,92,72,92,105,105,138,138,213,213,186,186,136,51,63,89,89,120,120,131,142,142,174,190,190,269,269,279,279,279,3,17,17,17,17,17,32,50,50,67,77,77,77,77],"floor_reached":52,"playtime":2605,"items_purged":[],"score":1890,"play_id":"93c270af-1ac1-4f39-a384-050ff92e0b54","local_time":"20190501155156","is_ascension_mode":true,"campfire_choices":[{"data":"Defragment","floor":6,"key":"SMITH"},{"data":"Capacitor","floor":8,"key":"SMITH"},{"data":"Glacier","floor":13,"key":"SMITH"},{"data":"Zap","floor":15,"key":"SMITH"},{"data":"Biased Cognition","floor":24,"key":"SMITH"},{"data":"Machine Learning","floor":29,"key":"SMITH"},{"data":"Reinforced Body","floor":32,"key":"SMITH"},{"data":"Dualcast","floor":40,"key":"SMITH"},{"data":"Consume","floor":49,"key":"SMITH"}],"neow_cost":"NONE","seed_source_timestamp":3810457180714050,"circlet_count":0,"master_deck":["AscendersBane","Strike_B","Strike_B","Defend_B","Defend_B+1","Defend_B","Zap+1","Dualcast+1","Sweeping Beam","Defragment+1","Glacier+1","Capacitor+1","Compile Driver","Self Repair","Glacier","Biased Cognition+1","Hologram+1","Machine Learning+1","Buffer+1","Reinforced Body+1","Leap","Defragment+1","Electrodynamics","Cold Snap","Cold Snap+1","Chill","Capacitor","Consume+1"],"relics":["Cracked Core","NeowsBlessing","Anchor","Bottled Lightning","Blood Vial","Sozu","Gremlin Horn","Pen Nib","Oddly Smooth Stone","Ancient Tea Set","Velvet Choker","Pantograph","Bottled Tornado"],"potions_floor_usage":[14,23,23],"damage_taken":[{"damage":0,"enemies":"2 Louse","floor":1,"turns":1},{"damage":0,"enemies":"Cultist","floor":4,"turns":1},{"damage":0,"enemies":"3 Sentries","floor":7,"turns":2},{"damage":0,"enemies":"Jaw Worm","floor":11,"turns":3},{"damage":11,"enemies":"Lots of Slimes","floor":12,"turns":4},{"damage":16,"enemies":"Gremlin Nob","floor":14,"turns":5},{"damage":36,"enemies":"The Guardian","floor":16,"turns":13},{"damage":8,"enemies":"2 Thieves","floor":18,"turns":4},{"damage":0,"enemies":"Chosen","floor":22,"turns":6},{"damage":13,"enemies":"Slavers","floor":23,"turns":10},{"damage":0,"enemies":"Book of Stabbing","floor":25,"turns":7},{"damage":0,"enemies":"Snecko","floor":27,"turns":8},{"damage":5,"enemies":"Shelled Parasite and Fungi","floor":28,"turns":9},{"damage":10,"enemies":"Slavers","floor":30,"turns":5},{"damage":0,"enemies":"3 Cultists","floor":31,"turns":5},{"damage":34,"enemies":"Champ","floor":33,"turns":23},{"damage":0,"enemies":"3 Darklings","floor":35,"turns":4},{"damage":0,"enemies":"3 Shapes","floor":39,"turns":2},{"damage":0,"enemies":"Sphere and 2 Shapes","floor":44,"turns":3},{"damage":0,"enemies":"Writhing Mass","floor":45,"turns":10},{"damage":0,"enemies":"Maw","floor":47,"turns":8},{"damage":6,"enemies":"Sphere and 2 Shapes","floor":48,"turns":5},{"damage":4,"enemies":"Donu and Deca","floor":50,"turns":13},{"damage":16,"enemies":"Time Eater","floor":51,"turns":52}],"seed_played":"-8701555107006980698","potions_obtained":[{"floor":4,"key":"AttackPotion"},{"floor":10,"key":"Fire Potion"},{"floor":12,"key":"FocusPotion"},{"floor":16,"key":"FocusPotion"}],"is_trial":false,"path_per_floor":["M","?","$","M","$","R","E","R","T","?","M","M","R","E","R","B",null,"M","?","?","$","M","E","R","E","T","M","M","R","E","M","R","B",null,"M","?","?","$","M","R","$","$","T","M","M","$","M","M","R","B","B",null],"character_chosen":"DEFECT","items_purchased":["Defragment","Reinforced Body","Pantograph"],"campfire_rested":0,"item_purchase_floors":[3,21,38],"current_hp_per_floor":[64,64,64,64,64,64,64,64,64,64,64,53,53,44,44,17,58,59,59,59,59,68,64,64,71,71,71,71,71,68,70,70,44,64,71,71,67,67,67,67,67,67,67,67,67,67,67,67,67,67,51],"gold":77,"neow_bonus":"THREE_ENEMY_KILL","is_prod":false,"is_daily":false,"chose_seed":false,"campfire_upgraded":9,"win_rate":0,"timestamp":1556722316,"path_taken":["M","?","$","?","?","R","E","R","T","?","M","?","R","E","R","BOSS","M","?","?","$","M","E","R","E","T","?","M","R","E","M","R","BOSS","M","?","?","$","M","R","?","$","T","M","M","$","M","M","R","BOSS","BOSS"],"build_version":"2019-01-23","purchased_purges":0,"victory":true,"max_hp_per_floor":[71,71,71,71,71,71,71,71,71,71,71,71,71,71,71,71,71,71,71,71,71,71,71,71,71,71,71,71,71,71,71,71,71,71,71,71,67,67,67,67,67,67,67,67,67,67,67,67,67,67,67],"card_choices":[{"not_picked":["Steam","Go for the Eyes"],"picked":"Sweeping Beam","floor":1},{"not_picked":["Coolheaded","Fusion"],"picked":"Glacier","floor":4},{"not_picked":["Go for the Eyes","Ball Lightning"],"picked":"Capacitor","floor":7},{"not_picked":["Go for the Eyes","Lockon"],"picked":"Compile Driver","floor":11},{"not_picked":["Turbo","Multi-Cast"],"picked":"Self Repair","floor":12},{"not_picked":["White Noise","Steam Power"],"picked":"Glacier","floor":14},{"not_picked":["Reboot","Machine Learning"],"picked":"Biased Cognition","floor":16},{"not_picked":["Redo","Streamline"],"picked":"Hologram+1","floor":18},{"not_picked":["Steam Power+1","Steam"],"picked":"Leap","floor":22},{"not_picked":["Beam Cell","Undo"],"picked":"Defragment+1","floor":23},{"not_picked":["Recycle+1","BootSequence","Stack"],"picked":"SKIP","floor":25},{"not_picked":["Conserve Battery","Beam Cell+1"],"picked":"Electrodynamics","floor":27},{"not_picked":["Sweeping Beam","Conserve Battery"],"picked":"Cold Snap","floor":28},{"not_picked":["Glacier","Leap"],"picked":"Cold Snap+1","floor":30},{"not_picked":["Storm","Genetic Algorithm","Streamline"],"picked":"SKIP","floor":31},{"not_picked":["All For One","Hyperbeam"],"picked":"Reboot","floor":33},{"not_picked":["Turbo+1","Hologram","Leap"],"picked":"SKIP","floor":35},{"not_picked":["Skim","Fusion","Leap"],"picked":"SKIP","floor":39},{"not_picked":["Go for the Eyes","Hologram"],"picked":"Chill","floor":44},{"not_picked":["Turbo","Tempest"],"picked":"Capacitor","floor":45},{"not_picked":["Coolheaded+1","Compile Driver"],"picked":"Consume","floor":47},{"not_picked":["Conserve Battery+1","Rebound","Double Energy"],"picked":"SKIP","floor":48}],"player_experience":775528,"relics_obtained":[{"floor":7,"key":"Anchor"},{"floor":9,"key":"Bottled Lightning"},{"floor":14,"key":"Blood Vial"},{"floor":23,"key":"Gremlin Horn"},{"floor":25,"key":"Pen Nib"},{"floor":26,"key":"Oddly Smooth Stone"},{"floor":30,"key":"Ancient Tea Set"},{"floor":43,"key":"Bottled Tornado"}],"event_choices":[{"cards_removed":["Strike_B"],"damage_healed":0,"gold_gain":0,"player_choice":"Offered Basic","damage_taken":0,"max_hp_gain":0,"max_hp_loss":0,"event_name":"Bonfire Elementals","floor":2,"gold_loss":0},{"damage_healed":0,"gold_gain":0,"player_choice":"Bought 1 Potion","damage_taken":0,"max_hp_gain":0,"max_hp_loss":0,"event_name":"The Woman in Blue","floor":10,"gold_loss":0},{"damage_healed":0,"gold_gain":0,"cards_transformed":["Strike_B","Defend_B"],"player_choice":"Became Test Subject","damage_taken":0,"max_hp_gain":0,"max_hp_loss":0,"event_name":"Drug Dealer","floor":19,"gold_loss":0,"cards_obtained":["Machine Learning","Buffer"]},{"damage_healed":0,"gold_gain":0,"player_choice":"Upgraded Two","damage_taken":0,"max_hp_gain":0,"max_hp_loss":0,"event_name":"Designer","floor":20,"gold_loss":50,"cards_upgraded":["Defend_B","Buffer"]},{"cards_removed":["Reboot"],"damage_healed":0,"gold_gain":0,"player_choice":"Removed Skill","damage_taken":0,"max_hp_gain":0,"max_hp_loss":0,"event_name":"Falling","floor":36,"gold_loss":0},{"damage_healed":0,"gold_gain":0,"player_choice":"Max HP","damage_taken":0,"max_hp_gain":0,"max_hp_loss":4,"event_name":"Winding Halls","floor":37,"gold_loss":0}],"is_beta":false,"boss_relics":[{"not_picked":["Lizard Tail","Calling Bell"],"picked":"Sozu"},{"not_picked":["FrozenCore","Cursed Key"],"picked":"Velvet Choker"}],"items_purged_floors":[],"is_endless":false,"potions_floor_spawned":[4,12,16,25,27,33,35,45,47,48],"ascension_level":20}