{"gold_per_floor":[115,115,135,155,167,167,142,168,195,195,195,224,237,237],"floor_reached":14,"playtime":976,"items_purged":[],"score":140,"play_id":"f6f92483-20e1-493a-8044-1fe02b385c8c","local_time":"20181208013936","is_ascension_mode":true,"campfire_choices":[{"data":"Demon Form","floor":6,"key":"SMITH"}],"neow_cost":"NONE","seed_source_timestamp":225361594991050,"circlet_count":0,"master_deck":["Strike_R+1","Strike_R","Strike_R","Strike_R","Strike_R","Defend_R","Defend_R","Defend_R","Defend_R","Bash","Impervious","Warcry+1","Bash","Writhe","Demon Form+1","Shrug It Off","Seeing Red","Impervious","Power Through"],"relics":["Burning Blood","The Courier","Strawberry","Dream Catcher","Happy Flower"],"potions_floor_usage":[8,8,14],"damage_taken":[{"damage":8,"enemies":"2 Louse","floor":1,"turns":2},{"damage":1,"enemies":"Cultist","floor":3,"turns":4},{"damage":12,"enemies":"Small Slimes","floor":4,"turns":5},{"damage":13,"enemies":"3 Louse","floor":5,"turns":6},{"damage":20,"enemies":"Exordium Thugs","floor":7,"turns":6},{"damage":0,"enemies":"Lagavulin","floor":8,"turns":8},{"damage":23,"enemies":"3 Sentries","floor":12,"turns":8},{"damage":8,"enemies":"Blue Slaver","floor":13,"turns":4},{"damage":31,"enemies":"3 Sentries","floor":14,"turns":10}],"seed_played":"4330545819461122616","potions_obtained":[{"floor":1,"key":"Dexterity Potion"},{"floor":3,"key":"Weak Potion"},{"floor":4,"key":"Dexterity Potion"}],"is_trial":false,"path_per_floor":["M","?","M","M","M","R","M","E","T","?","$","E","M","?"],"character_chosen":"IRONCLAD","items_purchased":[],"campfire_rested":0,"item_purchase_floors":[],"current_hp_per_floor":[78,78,80,74,67,67,53,59,66,49,49,32,30,0],"gold":237,"neow_bonus":"ONE_RANDOM_RARE_CARD","is_prod":false,"is_daily":false,"chose_seed":false,"campfire_upgraded":1,"win_rate":0,"timestamp":1544229576,"path_taken":["M","?","?","M","M","R","M","E","T","?","$","E","M","?"],"build_version":"2018-12-06","purchased_purges":0,"victory":false,"max_hp_per_floor":[80,80,80,80,80,80,80,80,87,87,87,87,87,87],"card_choices":[{"not_picked":["Combust","Feel No Pain"],"picked":"Warcry","floor":1},{"not_picked":["Havoc","Perfected Strike"],"picked":"Shrug It Off","floor":3},{"not_picked":["Havoc","Warcry","Pommel Strike"],"picked":"SKIP","floor":4},{"not_picked":["Twin Strike","Perfected Strike","Searing Blow"],"picked":"SKIP","floor":5},{"not_picked":["Wild Strike","Reckless Charge"],"picked":"Seeing Red","floor":7},{"not_picked":["Heavy Blade","Burning Pact"],"picked":"Impervious","floor":8},{"not_picked":["Burning Pact","Berserk"],"picked":"Power Through","floor":12},{"not_picked":["Inflame","Wild Strike","Twin Strike"],"picked":"SKIP","floor":13}],"player_experience":242638,"relics_obtained":[{"floor":8,"key":"The Courier"},{"floor":9,"key":"Strawberry"},{"floor":12,"key":"Dream Catcher"}],"event_choices":[{"damage_healed":0,"gold_gain":0,"player_choice":"3 cards matched","damage_taken":0,"max_hp_gain":0,"max_hp_loss":0,"event_name":"Match and Keep!","floor":2,"gold_loss":0,"cards_obtained":["Bash","Writhe","Demon Form"]},{"damage_healed":0,"gold_gain":0,"player_choice":"Entered Light","damage_taken":17,"max_hp_gain":0,"max_hp_loss":0,"event_name":"Shining Light","floor":10,"gold_loss":0,"cards_upgraded":["Strike_R","Warcry"]},{"damage_healed":0,"gold_gain":0,"player_choice":"Searched \u00272\u0027 times","damage_taken":0,"relics_obtained":["Happy Flower"],"max_hp_gain":0,"max_hp_loss":0,"event_name":"Dead Adventurer","floor":14,"gold_loss":0}],"is_beta":false,"boss_relics":[],"items_purged_floors":[],"is_endless":false,"potions_floor_spawned":[1,3,4],"killed_by":"3 Sentries","ascension_level":2}