{"gold_per_floor":[112,122,141,121,133,133,133,168,249,266,278,309,327,338,338,437,437,452,452,465,111,138,138,138,138],"floor_reached":25,"playtime":1567,"items_purged":[],"score":226,"play_id":"1d4f4a3b-4cef-4a66-afe9-413872223f01","local_time":"20181128165541","is_ascension_mode":true,"campfire_choices":[{"data":"Spot Weakness","floor":6,"key":"SMITH"},{"data":"Impervious","floor":15,"key":"SMITH"},{"data":"Inflame","floor":23,"key":"SMITH"}],"neow_cost":"NONE","seed_source_timestamp":14693568598344,"circlet_count":0,"master_deck":["Strike_R","Strike_R","Strike_R","Strike_R","Strike_R","Defend_R","Defend_R","Defend_R","Defend_R","Bash","Impervious+1","Pommel Strike","Rampage","Iron Wave","Spot Weakness+1","Reaper","Carnage+1","Heavy Blade+1","Anger+1","Body Slam+1","Entrench","Feed+1","Headbutt+1","Pommel Strike+1","Inflame+1","Metamorphosis","Good Instincts","Twin Strike+1"],"relics":["Black Blood","StoneCalendar","Anchor","Molten Egg 2","Dream Catcher","Potion Belt","Red Mask"],"potions_floor_usage":[11],"damage_taken":[{"damage":15,"enemies":"Cultist","floor":1,"turns":6},{"damage":5,"enemies":"2 Louse","floor":2,"turns":2},{"damage":6,"enemies":"Jaw Worm","floor":3,"turns":5},{"damage":13,"enemies":"Red Slaver","floor":5,"turns":3},{"damage":20,"enemies":"3 Sentries","floor":8,"turns":7},{"damage":2,"enemies":"2 Fungi Beasts","floor":10,"turns":3},{"damage":17,"enemies":"Large Slime","floor":11,"turns":6},{"damage":13,"enemies":"Lagavulin","floor":12,"turns":5},{"damage":0,"enemies":"Looter","floor":13,"turns":2},{"damage":2,"enemies":"Blue Slaver","floor":14,"turns":2},{"damage":22,"enemies":"Slime Boss","floor":16,"turns":7},{"damage":4,"enemies":"Spheric Guardian","floor":18,"turns":5},{"damage":37,"enemies":"Chosen","floor":20,"turns":5},{"damage":31,"enemies":"Masked Bandits","floor":22,"turns":4},{"damage":57,"enemies":"Slavers","floor":25,"turns":3}],"seed_played":"888525993055677961","potions_obtained":[{"floor":2,"key":"Regen Potion"},{"floor":3,"key":"Strength Potion"},{"floor":4,"key":"SmokeBomb"},{"floor":8,"key":"SteroidPotion"},{"floor":10,"key":"BloodPotion"},{"floor":16,"key":"Block Potion"},{"floor":20,"key":"SpeedPotion"}],"is_trial":false,"path_per_floor":["M","M","M","?","M","R","?","E","T","M","M","E","M","M","R","B",null,"M","?","M","$","?","R","?","E"],"character_chosen":"IRONCLAD","items_purchased":["Inflame","Metamorphosis","Good Instincts"],"campfire_rested":0,"item_purchase_floors":[21,21,21],"current_hp_per_floor":[71,72,72,72,65,65,65,51,51,59,76,69,75,79,79,75,80,80,80,60,60,39,39,39,0],"gold":138,"neow_bonus":"ONE_RANDOM_RARE_CARD","is_prod":false,"is_daily":false,"chose_seed":false,"campfire_upgraded":3,"win_rate":0,"timestamp":1543420541,"path_taken":["M","?","M","?","?","R","?","E","T","M","M","E","?","M","R","BOSS","M","?","M","$","?","R","?","E"],"build_version":"2018-11-15","purchased_purges":0,"victory":false,"max_hp_per_floor":[80,80,80,80,80,80,80,80,80,80,80,80,80,80,80,80,80,80,80,80,80,80,80,80,80],"card_choices":[{"not_picked":["Warcry","Shrug It Off"],"picked":"Pommel Strike","floor":1},{"not_picked":["Warcry","Thunderclap"],"picked":"Rampage","floor":2},{"not_picked":["Havoc","Cleave"],"picked":"Iron Wave","floor":3},{"not_picked":["Twin Strike","True Grit"],"picked":"Spot Weakness","floor":5},{"not_picked":["Cleave","Infernal Blade"],"picked":"Reaper","floor":8},{"not_picked":["Thunderclap+1","Battle Trance"],"picked":"Carnage+1","floor":10},{"not_picked":["Flame Barrier","Twin Strike+1"],"picked":"Heavy Blade+1","floor":11},{"not_picked":["Havoc","Flame Barrier"],"picked":"Anger+1","floor":12},{"not_picked":["Cleave+1","Heavy Blade+1"],"picked":"Body Slam+1","floor":13},{"not_picked":["Perfected Strike+1","True Grit"],"picked":"Entrench","floor":14},{"not_picked":["Offering","Dark Embrace"],"picked":"Feed+1","floor":16},{"not_picked":["Armaments","Iron Wave+1"],"picked":"Headbutt+1","floor":18},{"not_picked":["Sentinel","Body Slam+1"],"picked":"Pommel Strike+1","floor":20},{"not_picked":["Clothesline+1","Iron Wave+1"],"picked":"Twin Strike+1","floor":22}],"player_experience":163658,"relics_obtained":[{"floor":8,"key":"Anchor"},{"floor":9,"key":"Molten Egg 2"},{"floor":12,"key":"Dream Catcher"},{"floor":22,"key":"Red Mask"}],"event_choices":[{"damage_healed":0,"gold_gain":0,"player_choice":"Bought 1 Potion","damage_taken":0,"max_hp_gain":0,"max_hp_loss":0,"event_name":"The Woman in Blue","floor":4,"gold_loss":0},{"damage_healed":0,"gold_gain":0,"player_choice":"Gave Potion","damage_taken":0,"relics_obtained":["StoneCalendar"],"max_hp_gain":0,"max_hp_loss":0,"event_name":"WeMeetAgain","floor":7,"gold_loss":0},{"damage_healed":0,"gold_gain":0,"player_choice":"Opened","damage_taken":0,"relics_obtained":["Potion Belt"],"max_hp_gain":0,"max_hp_loss":0,"event_name":"The Mausoleum","floor":19,"gold_loss":0},{"damage_healed":0,"gold_gain":0,"player_choice":"Fought Bandits","damage_taken":0,"max_hp_gain":0,"max_hp_loss":0,"event_name":"Masked Bandits","floor":22,"gold_loss":0},{"damage_healed":0,"gold_gain":0,"player_choice":"Ignored","damage_taken":0,"max_hp_gain":0,"max_hp_loss":0,"event_name":"Beggar","floor":24,"gold_loss":0}],"is_beta":false,"boss_relics":[{"not_picked":["Fusion Hammer","Snecko Eye"],"picked":"Black Blood"}],"items_purged_floors":[],"is_endless":false,"potions_floor_spawned":[2,3,8,10,16,20],"killed_by":"Slavers","ascension_level":1}