{"gold_per_floor":[111,111,126,51,71,71,71,106,106,124,24,24,55,55,55,156,156,172,47,47,60,74,74,74,74,142,142],"floor_reached":27,"playtime":2399,"items_purged":["Strike_R","Defend_R","Second Wind+1"],"score":263,"play_id":"8aaa6b54-1dfa-4dd0-b8a5-7ef012517187","local_time":"20190403192442","is_ascension_mode":true,"campfire_choices":[{"data":"Iron Wave","floor":6,"key":"SMITH"},{"data":"Bludgeon","floor":15,"key":"SMITH"},{"data":"Double Tap","floor":23,"key":"SMITH"},{"floor":25,"key":"REST"}],"neow_cost":"NONE","seed_source_timestamp":2062971080478295,"circlet_count":0,"master_deck":["Defend_R","Defend_R","Defend_R","Bash+1","Iron Wave+1","Bludgeon+1","Double Tap+1","Heavy Blade+1","Pommel Strike+1","Bludgeon+1"],"relics":["Burning Blood","NeowsBlessing","Bird Faced Urn","Unceasing Top","Torii","Question Card","Astrolabe","Mummified Hand"],"potions_floor_usage":[16],"damage_taken":[{"damage":0,"enemies":"Cultist","floor":1,"turns":1},{"damage":0,"enemies":"2 Louse","floor":3,"turns":1},{"damage":0,"enemies":"Small Slimes","floor":5,"turns":1},{"damage":41,"enemies":"3 Sentries","floor":8,"turns":13},{"damage":13,"enemies":"Exordium Thugs","floor":10,"turns":7},{"damage":17,"enemies":"Gremlin Nob","floor":13,"turns":4},{"damage":25,"enemies":"Slime Boss","floor":16,"turns":8},{"damage":9,"enemies":"2 Thieves","floor":18,"turns":4},{"damage":34,"enemies":"3 Byrds","floor":21,"turns":8},{"damage":31,"enemies":"Snake Plant","floor":22,"turns":3},{"damage":55,"enemies":"Slavers","floor":27,"turns":3}],"seed_played":"76539817084910372","potions_obtained":[{"floor":10,"key":"Block Potion"},{"floor":13,"key":"Strength Potion"},{"floor":18,"key":"LiquidBronze"}],"is_trial":false,"path_per_floor":["M","?","M","$","M","R","?","E","T","M","$","?","E","?","R","B",null,"M","$","?","M","M","R","$","R","T","E"],"character_chosen":"IRONCLAD","items_purchased":[],"campfire_rested":1,"item_purchase_floors":[],"current_hp_per_floor":[80,80,80,80,80,80,80,45,45,38,38,38,27,27,27,8,80,77,77,77,49,24,24,24,48,48,0],"gold":142,"neow_bonus":"THREE_ENEMY_KILL","is_prod":false,"is_daily":false,"chose_seed":false,"campfire_upgraded":3,"win_rate":0,"timestamp":1554312282,"path_taken":["M","?","M","?","?","R","?","E","T","M","?","?","E","?","R","BOSS","M","$","?","?","M","R","?","R","T","E"],"build_version":"2019-01-23","purchased_purges":3,"victory":false,"max_hp_per_floor":[80,80,80,80,80,80,80,80,80,80,80,80,80,80,80,80,80,80,80,80,80,80,80,80,80,80,80],"card_choices":[{"not_picked":["Flex","Intimidate","Heavy Blade"],"picked":"SKIP","floor":1},{"not_picked":["Clothesline","Shrug It Off"],"picked":"Iron Wave","floor":3},{"not_picked":["Wild Strike","Sever Soul","True Grit"],"picked":"SKIP","floor":5},{"not_picked":["Hemokinesis","Wild Strike","Flex"],"picked":"SKIP","floor":8},{"not_picked":["Intimidate","Shrug It Off"],"picked":"Bludgeon","floor":10},{"not_picked":["Flame Barrier","Blood for Blood","Clothesline"],"picked":"SKIP","floor":13},{"not_picked":["Feed","Brutality","Exhume"],"picked":"Double Tap","floor":16},{"not_picked":["Sword Boomerang","True Grit","Second Wind","Cleave+1"],"picked":"SKIP","floor":18},{"not_picked":["Flex","Perfected Strike","Armaments","True Grit"],"picked":"SKIP","floor":21},{"not_picked":["Flex","Clash+1","Corruption+1","Body Slam"],"picked":"SKIP","floor":22}],"player_experience":148229,"relics_obtained":[{"floor":2,"key":"Bird Faced Urn"},{"floor":8,"key":"Unceasing Top"},{"floor":9,"key":"Torii"},{"floor":13,"key":"Question Card"},{"floor":26,"key":"Mummified Hand"}],"event_choices":[{"damage_healed":0,"gold_gain":0,"player_choice":"Relic","damage_taken":0,"max_hp_gain":0,"max_hp_loss":0,"event_name":"Wheel of Change","floor":2,"gold_loss":0},{"damage_healed":0,"gold_gain":0,"player_choice":"Upgraded","damage_taken":0,"max_hp_gain":0,"max_hp_loss":0,"event_name":"Upgrade Shrine","floor":7,"gold_loss":0,"cards_upgraded":["Bash"]},{"damage_healed":0,"gold_gain":0,"player_choice":"Ignored","damage_taken":0,"max_hp_gain":0,"max_hp_loss":0,"event_name":"Liars Game","floor":12,"gold_loss":0},{"cards_removed":["Strike_R"],"damage_healed":0,"gold_gain":0,"player_choice":"Purged","damage_taken":0,"max_hp_gain":0,"max_hp_loss":0,"event_name":"Purifier","floor":14,"gold_loss":0},{"damage_healed":0,"gold_gain":0,"player_choice":"Copied","damage_taken":0,"max_hp_gain":0,"max_hp_loss":0,"event_name":"Duplicator","floor":20,"gold_loss":0,"cards_obtained":["Bludgeon"]}],"is_beta":false,"boss_relics":[{"not_picked":["Runic Pyramid","Calling Bell"],"picked":"Astrolabe"}],"items_purged_floors":[4,11,19],"is_endless":false,"potions_floor_spawned":[10,13,18],"killed_by":"Slavers","ascension_level":4}