{"gold_per_floor":[110,110,125,136,155,155,182,201,201,214,243,243,243,263,263,368,368,379,87,87,87,98,98,129,129,153,181,197,217,217,237,237,237],"floor_reached":33,"playtime":2439,"items_purged":[],"score":429,"play_id":"2cf82f95-87b6-4213-aa00-c58b78070b2c","local_time":"20190421221011","is_ascension_mode":true,"campfire_choices":[{"data":"Zap","floor":6.0,"key":"SMITH"},{"data":"Go for the Eyes","floor":12.0,"key":"SMITH"},{"data":"Defragment","floor":15.0,"key":"SMITH"},{"data":"Scrape","floor":23.0,"key":"SMITH"},{"data":"Hologram","floor":25.0,"key":"SMITH"},{"floor":30,"key":"REST"},{"data":"Coolheaded","floor":32,"key":"SMITH"}],"neow_cost":"NONE","seed_source_timestamp":734574767178773,"circlet_count":0,"master_deck":["Strike_B","Defend_B","Defend_B","Defend_B","Defend_B","Zap+1","Dualcast","Sweeping Beam","Ball Lightning","Conserve Battery","Rebound","FTL","Genetic Algorithm","Go for the Eyes+1","Hologram+1","Defragment+1","Cold Snap","Thunder Strike","Coolheaded+1","Steam","Streamline","Scrape+1","Capacitor","Stack","Double Energy+1"],"special_seed":0,"relics":["Cracked Core","NeowsBlessing","Mango","Thread and Needle","Bottled Flame","Black Star","PrismaticShard","Torii","DataDisk","The Courier","Shuriken"],"potions_floor_usage":[30,33],"damage_taken":[{"damage":0.0,"enemies":"Cultist","floor":1.0,"turns":1.0},{"damage":0.0,"enemies":"Small Slimes","floor":3.0,"turns":1.0},{"damage":0.0,"enemies":"Jaw Worm","floor":4.0,"turns":1.0},{"damage":3.0,"enemies":"Blue Slaver","floor":5.0,"turns":5.0},{"damage":18.0,"enemies":"Lagavulin","floor":7.0,"turns":7.0},{"damage":4.0,"enemies":"Red Slaver","floor":8.0,"turns":3.0},{"damage":0.0,"enemies":"Exordium Thugs","floor":10.0,"turns":3.0},{"damage":21.0,"enemies":"Gremlin Nob","floor":11.0,"turns":4.0},{"damage":0.0,"enemies":"Blue Slaver","floor":14.0,"turns":3.0},{"damage":1.0,"enemies":"Hexaghost","floor":16.0,"turns":9.0},{"damage":16.0,"enemies":"3 Byrds","floor":18.0,"turns":6.0},{"damage":1.0,"enemies":"Shell Parasite","floor":22.0,"turns":5.0},{"damage":54.0,"enemies":"Slavers","floor":24.0,"turns":7.0},{"damage":14.0,"enemies":"Gremlin Leader","floor":27.0,"turns":8.0},{"damage":2.0,"enemies":"Centurion and Healer","floor":28.0,"turns":8.0},{"damage":0,"enemies":"Snecko","floor":29,"turns":5},{"damage":1,"enemies":"3 Cultists","floor":31,"turns":6},{"damage":49,"enemies":"Automaton","floor":33,"turns":6}],"seed_played":"-920973243315387753","potions_obtained":[{"floor":3.0,"key":"Explosive Potion"},{"floor":7.0,"key":"Regen Potion"},{"floor":11.0,"key":"FearPotion"},{"floor":22.0,"key":"Ancient Potion"},{"floor":27.0,"key":"Fruit Juice"},{"floor":29,"key":"Poison Potion"}],"is_trial":false,"path_per_floor":["M","?","M","M","M","R","E","M","T","M","E","R","?","M","R","B",null,"M","$","?","?","M","R","E","R","T","E","M","M","R","M","R","B"],"character_chosen":"DEFECT","items_purchased":["Steam","PrismaticShard","Streamline"],"campfire_rested":1,"item_purchase_floors":[19,19,19],"current_hp_per_floor":[68,68,68,68,65,65,61,57,57,57,36,36,36,36,36,35,76,60,60,60,60,59,59,20,20,20,6,4,4,37,36,36,0],"gold":237,"neow_bonus":"THREE_ENEMY_KILL","is_prod":false,"is_daily":false,"chose_seed":false,"campfire_upgraded":6,"win_rate":0,"timestamp":1555877411,"path_taken":["M","?","?","M","M","R","E","M","T","M","E","R","?","?","R","BOSS","M","$","?","?","M","R","E","R","T","E","?","M","R","M","R","BOSS"],"build_version":"2019-01-23","purchased_purges":0,"victory":false,"max_hp_per_floor":[75,75,75,75,75,75,89,89,89,89,89,89,89,89,89,89,89,89,89,89,89,89,89,89,89,89,89,89,89,94,94,94,94],"card_choices":[{"not_picked":["Steam Power","Streamline"],"picked":"Sweeping Beam","floor":1.0},{"not_picked":["Rebound","Darkness"],"picked":"Ball Lightning","floor":3.0},{"not_picked":["Coolheaded","Ball Lightning"],"picked":"Conserve Battery","floor":4.0},{"not_picked":["Barrage","Storm"],"picked":"Rebound","floor":5.0},{"not_picked":["BootSequence","Multi-Cast"],"picked":"FTL","floor":7.0},{"not_picked":["Sweeping Beam","Ball Lightning"],"picked":"Genetic Algorithm","floor":8.0},{"not_picked":["Auto Shields","Heatsinks"],"picked":"Go for the Eyes","floor":10.0},{"not_picked":["Gash","Chill"],"picked":"Hologram","floor":11.0},{"not_picked":["Gash","Darkness"],"picked":"Cold Snap","floor":14.0},{"not_picked":["Hyperbeam","Seek"],"picked":"Thunder Strike","floor":16.0},{"not_picked":["Gash","Streamline"],"picked":"Coolheaded","floor":18.0},{"not_picked":["Rebound","Sucker Punch+1","Corruption"],"picked":"SKIP","floor":22.0},{"not_picked":["Setup","Mind Blast"],"picked":"Capacitor","floor":24.0},{"not_picked":["Offering","Slice+1"],"picked":"Stack","floor":27.0},{"not_picked":["Compile Driver+1","Warcry","Clothesline+1"],"picked":"SKIP","floor":28.0},{"not_picked":["Steam Power","Flex","Rupture"],"picked":"SKIP","floor":29},{"not_picked":["Barrage+1","Sweeping Beam"],"picked":"Double Energy+1","floor":31}],"player_experience":302865,"relics_obtained":[{"floor":7.0,"key":"Mango"},{"floor":9.0,"key":"Thread and Needle"},{"floor":11.0,"key":"Bottled Flame"},{"floor":24.0,"key":"Torii"},{"floor":24.0,"key":"DataDisk"},{"floor":27.0,"key":"The Courier"},{"floor":27.0,"key":"Shuriken"}],"event_choices":[{"cards_removed":["Strike_B"],"damage_healed":0.0,"max_hp_gain":0.0,"max_hp_loss":0.0,"gold_gain":0.0,"event_name":"Bonfire Elementals","player_choice":"Offered Basic","floor":2.0,"gold_loss":0.0,"damage_taken":0.0},{"damage_healed":0.0,"max_hp_gain":0.0,"max_hp_loss":0.0,"gold_gain":0.0,"cards_transformed":["Strike_B"],"event_name":"Transmorgrifier","player_choice":"Transformed","floor":13.0,"gold_loss":0.0,"damage_taken":0.0,"cards_obtained":["Defragment"]},{"damage_healed":0.0,"max_hp_gain":0.0,"max_hp_loss":0.0,"gold_gain":0.0,"event_name":"The Library","player_choice":"Read","floor":20.0,"gold_loss":0.0,"damage_taken":0.0,"cards_obtained":["Scrape"]},{"cards_removed":["Strike_B"],"damage_healed":0.0,"max_hp_gain":0.0,"max_hp_loss":0.0,"gold_gain":0.0,"event_name":"Purifier","player_choice":"Purged","floor":21.0,"gold_loss":0.0,"damage_taken":0.0}],"is_beta":false,"boss_relics":[{"not_picked":["Snecko Eye","Philosopher\u0027s Stone"],"picked":"Black Star"}],"items_purged_floors":[],"is_endless":false,"potions_floor_spawned":[3,7,11,22,27,29],"killed_by":"Automaton","ascension_level":7}