{"gold_per_floor":[163,163,10,10,25,25,55,75,98,98,109,175,175,175,175,270,270,281,281,293,309,320,320],"floor_reached":23,"playtime":1803,"items_purged":[],"score":216,"play_id":"fc7ea789-c026-43bb-8ad9-273bcb295017","local_time":"20180724173640","is_ascension_mode":false,"campfire_choices":[{"data":"Rampage","floor":6,"key":"SMITH"},{"data":"Feed","floor":10,"key":"SMITH"},{"data":"Bash","floor":13,"key":"SMITH"},{"data":"Blood for Blood","floor":15,"key":"SMITH"}],"neow_cost":"NONE","seed_source_timestamp":1143375920058103,"circlet_count":0,"master_deck":["Defend_R+1","Defend_R+1","Defend_R+1","Bash+1","Heavy Blade","Rampage+1","Feed+1","Blood for Blood+1","Feed","Bite","Bite","Bite","Bite","Bite"],"special_seed":0,"relics":["Tiny House","Gambling Chip","Centennial Puzzle","Strawberry","War Paint","Philosopher\u0027s Stone"],"potions_floor_usage":[16,18,23,23,23],"damage_taken":[{"damage":0,"enemies":"2 Louse","floor":1,"turns":4},{"damage":1,"enemies":"Jaw Worm","floor":5,"turns":3},{"damage":19,"enemies":"3 Sentries","floor":7,"turns":8},{"damage":1,"enemies":"Cultist","floor":8,"turns":3},{"damage":7,"enemies":"Exordium Thugs","floor":11,"turns":6},{"damage":17,"enemies":"Slime Boss","floor":16,"turns":11},{"damage":10,"enemies":"2 Thieves","floor":18,"turns":4},{"damage":44,"enemies":"Shell Parasite","floor":20,"turns":5},{"damage":45,"enemies":"3 Cultists","floor":21,"turns":6},{"damage":40,"enemies":"Chosen and Byrds","floor":22,"turns":6},{"damage":30,"enemies":"Slaver and Parasite","floor":23,"turns":3}],"seed_played":"709626332887602237","potions_obtained":[{"floor":0.0,"key":"Dexterity Potion"},{"floor":5,"key":"SpeedPotion"},{"floor":7,"key":"EssenceOfSteel"},{"floor":11,"key":"Block Potion"},{"floor":20,"key":"Regen Potion"},{"floor":21,"key":"PowerPotion"}],"is_trial":false,"path_per_floor":["M","?","$","T","M","R","E","M","T","R","M","?","R","?","R","B",null,"M","?","M","M","M"],"character_chosen":"IRONCLAD","items_purchased":["Feed"],"campfire_rested":0,"item_purchase_floors":[3],"current_hp_per_floor":[85,82,82,82,84,84,75,77,77,77,74,74,74,74,74,61,109,106,81,47,29,4,0],"gold":320,"neow_bonus":"BOSS_RELIC","is_prod":false,"is_daily":false,"chose_seed":false,"campfire_upgraded":4,"win_rate":0.0,"timestamp":1532446600,"path_taken":["M","?","$","?","M","R","E","?","T","R","M","?","R","?","R","BOSS","M","?","M","?","M","M"],"build_version":"2018-07-19v2","purchased_purges":0,"victory":false,"max_hp_per_floor":[85,85,85,85,88,88,98,101,101,101,105,105,105,105,105,109,109,116,81,81,88,91,91],"card_choices":[{"not_picked":["Sword Boomerang","Warcry"],"picked":"Heavy Blade","floor":0.0},{"not_picked":["Twin Strike","Shrug It Off"],"picked":"Rampage","floor":1},{"not_picked":["Wild Strike","Armaments","Uppercut"],"picked":"SKIP","floor":5},{"not_picked":["Thunderclap","Hemokinesis","Clothesline"],"picked":"SKIP","floor":7},{"not_picked":["Cleave","Body Slam","Thunderclap"],"picked":"SKIP","floor":8},{"not_picked":["Wild Strike","Sword Boomerang","Reckless Charge"],"picked":"SKIP","floor":11},{"not_picked":["Dark Embrace","Berserk"],"picked":"Feed","floor":16},{"not_picked":["Corruption","Evolve","Cleave"],"picked":"SKIP","floor":18},{"not_picked":["Corruption","Perfected Strike","Armaments"],"picked":"SKIP","floor":20},{"not_picked":["True Grit","Thunderclap","Fire Breathing"],"picked":"SKIP","floor":21},{"not_picked":["Berserk","Shrug It Off","Anger+1"],"picked":"SKIP","floor":22}],"player_experience":100405,"relics_obtained":[{"floor":4,"key":"Centennial Puzzle"},{"floor":7,"key":"Strawberry"},{"floor":9,"key":"War Paint"}],"event_choices":[{"event_name":"Scrap Ooze","player_choice":"success","floor":2,"damage_taken":3},{"event_name":"Golden Wing","player_choice":"Gained Gold","floor":12,"damage_taken":0},{"event_name":"Transmorgrifier","player_choice":"Transform","floor":14,"damage_taken":0},{"event_name":"Vampires","player_choice":"Became a vampire","floor":19,"damage_taken":0}],"is_beta":false,"boss_relics":[{"not_picked":["Astrolabe","White Beast Statue"],"picked":"Philosopher\u0027s Stone"}],"items_purged_floors":[],"is_endless":false,"potions_floor_spawned":[5,7,11,20,21],"killed_by":"Slaver and Parasite","ascension_level":0}