{"gold_per_floor":[115,115,115,190,204,204,247,247,247,272,288,306,321,342,342,342],"floor_reached":16,"playtime":796,"items_purged":[],"score":129,"play_id":"2b07b061-eb15-41e2-95c1-cc829a910a67","local_time":"20190226150133","is_ascension_mode":false,"campfire_choices":[{"data":"True Grit","floor":6,"key":"SMITH"},{"data":"Bash","floor":8,"key":"SMITH"},{"data":"Shockwave","floor":15,"key":"SMITH"}],"neow_cost":"NONE","seed_source_timestamp":871773714080813,"circlet_count":0,"master_deck":["Strike_R","Strike_R","Strike_R","Strike_R","Strike_R","Defend_R","Defend_R","Defend_R","Bash+1","True Grit+1","Cleave","Thunderclap","Shockwave+1","Warcry"],"relics":["Burning Blood","NeowsBlessing","Golden Idol","Omamori","WingedGreaves"],"potions_floor_usage":[16],"damage_taken":[{"damage":0,"enemies":"Cultist","floor":1,"turns":1},{"damage":0,"enemies":"2 Louse","floor":5,"turns":1},{"damage":0,"enemies":"3 Sentries","floor":7,"turns":2},{"damage":5,"enemies":"Small Slimes","floor":10,"turns":3},{"damage":6,"enemies":"Exordium Wildlife","floor":11,"turns":4},{"damage":10,"enemies":"Looter","floor":12,"turns":2},{"damage":2,"enemies":"2 Fungi Beasts","floor":13,"turns":4},{"damage":14,"enemies":"Lots of Slimes","floor":14,"turns":4},{"damage":71,"enemies":"Hexaghost","floor":16,"turns":10}],"seed_played":"1515399847816380746","potions_obtained":[{"floor":5,"key":"SmokeBomb"},{"floor":11,"key":"Strength Potion"},{"floor":13,"key":"Strength Potion"},{"floor":14,"key":"Energy Potion"}],"is_trial":false,"path_per_floor":["M","?","?","?","M","R","E","R","T","M","M","M","M","M","R","B"],"character_chosen":"IRONCLAD","items_purchased":[],"campfire_rested":0,"item_purchase_floors":[],"current_hp_per_floor":[80,80,74,63,69,69,74,74,74,74,74,70,74,66,66,0],"gold":342,"neow_bonus":"THREE_ENEMY_KILL","is_prod":false,"is_daily":false,"chose_seed":false,"campfire_upgraded":3,"win_rate":0,"timestamp":1551189693,"path_taken":["M","?","?","?","M","R","E","R","T","M","?","M","M","M","R","BOSS"],"build_version":"2019-01-23","purchased_purges":0,"victory":false,"max_hp_per_floor":[80,80,74,74,74,74,74,74,74,74,74,74,74,74,74,74],"card_choices":[{"not_picked":["Flex","Perfected Strike"],"picked":"True Grit","floor":1},{"not_picked":["Warcry","Anger"],"picked":"Cleave","floor":5},{"not_picked":["Berserk","Bloodletting","Flex"],"picked":"SKIP","floor":7},{"not_picked":["Pommel Strike","Battle Trance"],"picked":"Thunderclap","floor":10},{"not_picked":["Combust","Battle Trance"],"picked":"Shockwave","floor":11},{"not_picked":["Sword Boomerang","Flex"],"picked":"Warcry","floor":12},{"not_picked":["Metallicize","Heavy Blade","Iron Wave"],"picked":"SKIP","floor":13},{"not_picked":["Perfected Strike","Twin Strike","Warcry"],"picked":"SKIP","floor":14}],"player_experience":233598,"relics_obtained":[{"floor":7,"key":"Omamori"},{"floor":9,"key":"WingedGreaves"}],"event_choices":[{"cards_removed":["Defend_R"],"damage_healed":0,"gold_gain":0,"player_choice":"Forget","damage_taken":0,"max_hp_gain":0,"max_hp_loss":0,"event_name":"Living Wall","floor":2,"gold_loss":0},{"damage_healed":0,"gold_gain":0,"player_choice":"Lose Max HP","damage_taken":0,"relics_obtained":["Golden Idol"],"max_hp_gain":0,"max_hp_loss":6,"event_name":"Golden Idol","floor":3,"gold_loss":0},{"damage_healed":0,"gold_gain":75,"player_choice":"Gather Gold","damage_taken":11,"max_hp_gain":0,"max_hp_loss":0,"event_name":"World of Goop","floor":4,"gold_loss":0}],"is_beta":false,"boss_relics":[],"items_purged_floors":[],"is_endless":false,"potions_floor_spawned":[5,11,13,14],"killed_by":"Hexaghost","ascension_level":0}