{"gold_per_floor":[116,116,134,144,155,155,180,195,195,270,281,281,295,326,326,428,428,447,467,285,304,304,329,364,392,392,392,410,410,442,460,460,556,556,570,570,580,580,802,831,847,847,847,879,896,930,945,960,960,960,960,960,50,80,80],"floor_reached":55,"playtime":7612,"items_purged":["Strike_G","Defend_G+1"],"score":1001,"play_id":"ee5fdfe1-0ba2-4a33-b9f1-2d3920e0a7a6","local_time":"20190223171609","is_ascension_mode":true,"campfire_choices":[{"data":"Poisoned Stab","floor":6,"key":"SMITH"},{"floor":12,"key":"REST"},{"data":"Concentrate","floor":15,"key":"SMITH"},{"data":"Sucker Punch","floor":27,"key":"SMITH"},{"data":"Footwork","floor":29,"key":"SMITH"},{"data":"Skewer","floor":32,"key":"SMITH"},{"data":"Outmaneuver","floor":42,"key":"SMITH"},{"floor":49,"key":"RECALL"},{"floor":52,"key":"REST"}],"neow_cost":"NONE","seed_source_timestamp":613815520190928,"circlet_count":0,"master_deck":["Defend_G+1","Defend_G+1","Defend_G+1","Defend_G+1","Strike_G+1","Strike_G+1","Strike_G+1","Strike_G+1","Survivor","Neutralize+1","PiercingWail","Poisoned Stab+1","Deflect","Flying Knee","All Out Attack","Cloak And Dagger","Dodge and Roll","Concentrate+1","Bullet Time","Dagger Spray","Sucker Punch+1","Footwork+1","Skewer+1","Predator+1","Venomology","Outmaneuver+1","Quick Slash","Noxious Fumes+1","Leg Sweep+1","Mayhem","Dark Shackles+1","PiercingWail+1"],"relics":["Runic Pyramid","Incense Burner","Paper Crane","Ninja Scroll","Busted Crown","Bag of Preparation","Red Mask","Peace Pipe","Gambling Chip","Mummified Hand","Philosopher\u0027s Stone","Singing Bowl","Darkstone Periapt","Toxic Egg 2","Happy Flower","Dodecahedron","Pen Nib"],"potions_floor_usage":[14,14,18,23,23,35,40,40,40,44,44,46,47,48,50,54,55,55,55,55],"damage_taken":[{"damage":0,"enemies":"2 Louse","floor":1,"turns":4},{"damage":0,"enemies":"Cultist","floor":3,"turns":4},{"damage":0,"enemies":"Small Slimes","floor":4,"turns":3},{"damage":1,"enemies":"Looter","floor":5,"turns":4},{"damage":41,"enemies":"Gremlin Nob","floor":7,"turns":5},{"damage":13,"enemies":"3 Louse","floor":8,"turns":2},{"damage":0,"enemies":"Blue Slaver","floor":11,"turns":4},{"damage":1,"enemies":"Looter","floor":13,"turns":3},{"damage":1,"enemies":"Lagavulin","floor":14,"turns":6},{"damage":20,"enemies":"Hexaghost","floor":16,"turns":13},{"damage":0,"enemies":"Chosen","floor":18,"turns":6},{"damage":0,"enemies":"3 Byrds","floor":19,"turns":5},{"damage":20,"enemies":"Snake Plant","floor":21,"turns":6},{"damage":7,"enemies":"Book of Stabbing","floor":23,"turns":6},{"damage":0,"enemies":"Masked Bandits","floor":24,"turns":5},{"damage":4,"enemies":"Gremlin Leader","floor":25,"turns":6},{"damage":0,"enemies":"Cultist and Chosen","floor":28,"turns":6},{"damage":4,"enemies":"Slavers","floor":30,"turns":5},{"damage":0,"enemies":"Shelled Parasite and Fungi","floor":31,"turns":4},{"damage":32,"enemies":"Automaton","floor":33,"turns":13},{"damage":0,"enemies":"3 Darklings","floor":35,"turns":5},{"damage":0,"enemies":"Orb Walker","floor":37,"turns":3},{"damage":11,"enemies":"Giant Head","floor":40,"turns":11},{"damage":0,"enemies":"Spire Growth","floor":41,"turns":5},{"damage":14,"enemies":"Reptomancer","floor":44,"turns":9},{"damage":0,"enemies":"4 Shapes","floor":45,"turns":7},{"damage":6,"enemies":"Nemesis","floor":46,"turns":7},{"damage":0,"enemies":"Maw","floor":47,"turns":8},{"damage":11,"enemies":"Sphere and 2 Shapes","floor":48,"turns":5},{"damage":2,"enemies":"Time Eater","floor":50,"turns":13},{"damage":53,"enemies":"Shield and Spear","floor":54,"turns":10},{"damage":23,"enemies":"The Heart","floor":55,"turns":3}],"seed_played":"5801363057170618976","potions_obtained":[{"floor":5,"key":"Ancient Potion"},{"floor":8,"key":"Fire Potion"},{"floor":11,"key":"EssenceOfSteel"},{"floor":14,"key":"GhostInAJar"},{"floor":16,"key":"Regen Potion"},{"floor":18,"key":"GhostInAJar"},{"floor":21,"key":"Regen Potion"},{"floor":30,"key":"Explosive Potion"},{"floor":46,"key":"SpeedPotion"},{"floor":47,"key":"EssenceOfSteel"}],"is_trial":false,"path_per_floor":["M","?","M","M","M","R","E","M","T","?","M","R","M","E","R","B",null,"M","M","$","M","?","E","?","E","T","R","M","R","E","M","R","B",null,"M","?","M","?","?","E","M","R","T","E","M","E","M","M","R","B",null,"R","$","E","B"],"character_chosen":"THE_SILENT","items_purchased":["Footwork","Skewer","Leg Sweep+1","Mayhem","Happy Flower","Dark Shackles+1","Dodecahedron","Dexterity Potion","PiercingWail+1"],"campfire_rested":2,"item_purchase_floors":[20,20,53,53,53,53,53,53,53],"current_hp_per_floor":[70,70,70,70,69,69,28,15,15,4,4,25,24,23,23,3,53,53,53,53,33,33,66,66,62,62,62,62,62,58,58,58,26,59,59,59,59,59,59,50,50,50,50,38,38,34,36,25,25,23,61,74,74,23,0],"gold":80,"neow_bonus":"BOSS_RELIC","is_prod":false,"is_daily":false,"chose_seed":false,"campfire_upgraded":6,"win_rate":0,"timestamp":1550938569,"path_taken":["M","?","?","?","M","R","E","M","T","?","M","R","M","E","R","BOSS","M","M","$","M","?","E","?","E","T","R","M","R","E","M","R","BOSS","M","?","M","?","?","E","M","R","T","E","?","E","M","M","R","BOSS","R","$","E","BOSS"],"build_version":"2019-01-23","purchased_purges":2,"victory":false,"max_hp_per_floor":[70,70,70,70,70,70,70,70,70,70,70,70,70,70,70,70,70,70,70,70,70,70,70,70,70,70,70,70,70,70,70,70,70,70,70,70,70,66,66,68,68,68,68,70,70,72,74,74,74,74,74,74,74,76,76],"card_choices":[{"not_picked":["Poisoned Stab","Slice"],"picked":"PiercingWail","floor":1},{"not_picked":["Bane","Crippling Poison"],"picked":"Poisoned Stab","floor":3},{"not_picked":["Acrobatics","Blade Dance"],"picked":"Deflect","floor":4},{"not_picked":["All Out Attack","Underhanded Strike"],"picked":"Flying Knee","floor":5},{"not_picked":["Distraction","Underhanded Strike"],"picked":"All Out Attack","floor":7},{"not_picked":["Burst","Eviscerate"],"picked":"Cloak And Dagger","floor":8},{"not_picked":["Underhanded Strike","Backflip"],"picked":"Dodge and Roll","floor":11},{"not_picked":["Finisher","Sucker Punch"],"picked":"Concentrate","floor":13},{"not_picked":["Masterful Stab","Backflip","Blade Dance"],"picked":"SKIP","floor":14},{"not_picked":["Envenom","A Thousand Cuts"],"picked":"Bullet Time","floor":16},{"not_picked":[],"picked":"Dagger Spray","floor":18},{"not_picked":[],"picked":"Sucker Punch","floor":19},{"not_picked":[],"picked":"Predator+1","floor":21},{"not_picked":["Riddle With Holes"],"picked":"SKIP","floor":23},{"not_picked":[],"picked":"Backstab","floor":25},{"not_picked":["Deflect"],"picked":"SKIP","floor":28},{"not_picked":["Reflex+1"],"picked":"SKIP","floor":30},{"not_picked":["Dash"],"picked":"SKIP","floor":31},{"not_picked":[],"picked":"Venomology","floor":33},{"not_picked":["Flying Knee+1"],"picked":"SKIP","floor":35},{"not_picked":["Eviscerate"],"picked":"SKIP","floor":37},{"not_picked":["Sucker Punch"],"picked":"Singing Bowl","floor":40},{"not_picked":[],"picked":"Outmaneuver","floor":41},{"not_picked":["Quick Slash+1"],"picked":"Singing Bowl","floor":44},{"not_picked":[],"picked":"Quick Slash","floor":45},{"not_picked":["Slice"],"picked":"Singing Bowl","floor":46},{"not_picked":["Dodge and Roll+1"],"picked":"Singing Bowl","floor":47},{"not_picked":[],"picked":"Noxious Fumes+1","floor":48},{"not_picked":["Dagger Spray+1"],"picked":"Singing Bowl","floor":54}],"player_experience":218785,"relics_obtained":[{"floor":7,"key":"Incense Burner"},{"floor":9,"key":"Paper Crane"},{"floor":14,"key":"Ninja Scroll"},{"floor":23,"key":"Bag of Preparation"},{"floor":24,"key":"Red Mask"},{"floor":25,"key":"Peace Pipe"},{"floor":26,"key":"Gambling Chip"},{"floor":30,"key":"Mummified Hand"},{"floor":40,"key":"Singing Bowl"},{"floor":44,"key":"Darkstone Periapt"},{"floor":46,"key":"Toxic Egg 2"},{"floor":54,"key":"Pen Nib"}],"event_choices":[{"damage_healed":0,"gold_gain":0,"player_choice":"Forge","damage_taken":0,"max_hp_gain":0,"max_hp_loss":0,"event_name":"Accursed Blacksmith","floor":2,"gold_loss":0,"cards_upgraded":["Neutralize"]},{"damage_healed":0,"gold_gain":75,"player_choice":"Gather Gold","damage_taken":11,"max_hp_gain":0,"max_hp_loss":0,"event_name":"World of Goop","floor":10,"gold_loss":0},{"damage_healed":0,"gold_gain":0,"player_choice":"Simplicity","damage_taken":0,"max_hp_gain":0,"max_hp_loss":0,"event_name":"Back to Basics","floor":22,"gold_loss":0,"cards_upgraded":["Defend_G","Defend_G","Defend_G","Defend_G","Defend_G","Strike_G","Strike_G","Strike_G","Strike_G"]},{"damage_healed":0,"gold_gain":0,"player_choice":"Fought Bandits","damage_taken":0,"max_hp_gain":0,"max_hp_loss":0,"event_name":"Masked Bandits","floor":24,"gold_loss":0},{"cards_removed":["Backstab"],"damage_healed":0,"gold_gain":0,"player_choice":"Removed Attack","damage_taken":0,"max_hp_gain":0,"max_hp_loss":0,"event_name":"Falling","floor":36,"gold_loss":0},{"damage_healed":0,"gold_gain":0,"player_choice":"Max HP","damage_taken":0,"max_hp_gain":0,"max_hp_loss":4,"event_name":"Winding Halls","floor":38,"gold_loss":0},{"damage_healed":0,"gold_gain":222,"player_choice":"Wore Mask","damage_taken":0,"max_hp_gain":0,"max_hp_loss":0,"event_name":"Tomb of Lord Red Mask","floor":39,"gold_loss":0}],"is_beta":false,"boss_relics":[{"not_picked":["Coffee Dripper","Runic Dome"],"picked":"Busted Crown"},{"not_picked":["Snecko Eye","HoveringKite"],"picked":"Philosopher\u0027s Stone"}],"items_purged_floors":[20,53],"is_endless":false,"potions_floor_spawned":[5,8,11,14,16,18,21,30,37,46,47,54],"killed_by":"The Heart","ascension_level":5}