{"gold_per_floor":[113,263,338,51,51,76,76,76,128,162,162,162,197,211,211,211],"floor_reached":16,"playtime":267,"items_purged":["Doubt"],"score":328,"play_id":"50d2ce6d-abbc-4340-8f96-2ef95df9d583","local_time":"20190430200801","is_ascension_mode":true,"campfire_choices":[{"data":"Defend_R","floor":7,"key":"SMITH"},{"data":"Body Slam","floor":12,"key":"SMITH"},{"data":"Iron Wave","floor":15,"key":"SMITH"}],"neow_cost":"NONE","seed_source_timestamp":3741765622229721,"circlet_count":0,"master_deck":["AscendersBane","Strike_R","Strike_R+1","Strike_R","Strike_R+1","Strike_R+1","Defend_R+1","Defend_R","Defend_R","Defend_R","Bash+1","Cleave","Thunderclap","Body Slam+1","Flame Barrier","Iron Wave+1"],"relics":["Burning Blood","NeowsBlessing","HandDrill","Bottled Lightning","Smiling Mask","Whetstone","Golden Idol","Incense Burner"],"potions_floor_usage":[13,16],"damage_taken":[{"damage":0,"enemies":"Small Slimes","floor":1,"turns":1},{"damage":0,"enemies":"Gremlin Nob","floor":6,"turns":1},{"damage":0,"enemies":"Lagavulin","floor":10,"turns":1},{"damage":22,"enemies":"3 Sentries","floor":13,"turns":6},{"damage":2,"enemies":"2 Louse","floor":14,"turns":3},{"damage":58,"enemies":"The Guardian","floor":16,"turns":10}],"seed_played":"5281377726188516206","potions_obtained":[{"floor":1,"key":"Weak Potion"},{"floor":10,"key":"Regen Potion"}],"is_trial":false,"path_per_floor":["M","?","?","$","$","E","R","?","T","E","?","R","E","M","R","B"],"character_chosen":"IRONCLAD","items_purchased":["HandDrill"],"campfire_rested":0,"item_purchase_floors":[4],"current_hp_per_floor":[74,74,63,63,63,69,69,46,46,52,52,52,51,55,55,0],"gold":211,"neow_bonus":"THREE_ENEMY_KILL","is_prod":false,"is_daily":false,"chose_seed":false,"campfire_upgraded":3,"win_rate":0,"timestamp":1556651281,"path_taken":["M","?","?","?","$","E","R","?","T","E","?","R","E","M","R","BOSS"],"build_version":"2019-01-23","purchased_purges":1,"victory":false,"max_hp_per_floor":[75,75,75,75,75,75,75,75,75,75,68,68,68,68,68,68],"card_choices":[{"not_picked":["Dual Wield","Clothesline"],"picked":"Cleave","floor":1},{"not_picked":["Pommel Strike","Headbutt"],"picked":"Thunderclap","floor":6},{"not_picked":["Headbutt","Twin Strike"],"picked":"Body Slam","floor":10},{"not_picked":["Flex","Cleave"],"picked":"Flame Barrier","floor":13},{"not_picked":["Rage","Sentinel"],"picked":"Iron Wave","floor":14}],"player_experience":748850,"relics_obtained":[{"floor":6,"key":"Bottled Lightning"},{"floor":9,"key":"Smiling Mask"},{"floor":10,"key":"Whetstone"},{"floor":13,"key":"Incense Burner"}],"event_choices":[{"damage_healed":0,"gold_gain":150,"player_choice":"AGREE","damage_taken":0,"max_hp_gain":0,"max_hp_loss":0,"event_name":"Liars Game","floor":2,"gold_loss":0,"cards_obtained":["Doubt"]},{"damage_healed":0,"gold_gain":75,"player_choice":"Gather Gold","damage_taken":11,"max_hp_gain":0,"max_hp_loss":0,"event_name":"World of Goop","floor":3,"gold_loss":0},{"damage_healed":0,"gold_gain":0,"player_choice":"Entered Light","damage_taken":23,"max_hp_gain":0,"max_hp_loss":0,"event_name":"Shining Light","floor":8,"gold_loss":0,"cards_upgraded":["Strike_R","Strike_R"]},{"damage_healed":0,"gold_gain":0,"player_choice":"Lose Max HP","damage_taken":0,"relics_obtained":["Golden Idol"],"max_hp_gain":0,"max_hp_loss":7,"event_name":"Golden Idol","floor":11,"gold_loss":0}],"is_beta":false,"boss_relics":[],"items_purged_floors":[4],"is_endless":false,"potions_floor_spawned":[1,10],"killed_by":"The Guardian","ascension_level":20}