{"gold_per_floor":[118,118,43,59,79,111,111,122,122,53,88,88,88,98,98,199,199,214,227,326,337,22,22,35,65,77,89,101],"floor_reached":28,"playtime":2569,"items_purged":["Strike_R","Strike_R"],"score":385,"play_id":"a83d61c1-0076-46ee-8743-4cfb73b7167d","local_time":"20190408223442","is_ascension_mode":true,"campfire_choices":[{"data":"Pummel","floor":13,"key":"SMITH"},{"floor":15,"key":"REST"},{"data":"Armaments","floor":23,"key":"SMITH"},{"data":"Inflame","floor":27,"key":"SMITH"}],"neow_cost":"NONE","seed_source_timestamp":203900962654737,"circlet_count":0,"master_deck":["Strike_R+1","Strike_R+1","Defend_R","Defend_R","Defend_R","Bash","Infernal Blade+1","Body Slam","Shrug It Off","Spot Weakness","Heavy Blade+1","Seeing Red","Pummel","Pummel+1","Reaper","Armaments+1","Inflame+1","Shrug It Off"],"relics":["Burning Blood","Shuriken","Matryoshka","Pear","Ornamental Fan","Boot","Sozu","Membership Card","MawBank","Strawberry","Whetstone"],"potions_floor_usage":[6,16,28],"damage_taken":[{"damage":0,"enemies":"Small Slimes","floor":1,"turns":3},{"damage":3,"enemies":"2 Louse","floor":4,"turns":3},{"damage":2,"enemies":"Jaw Worm","floor":5,"turns":5},{"damage":9,"enemies":"3 Sentries","floor":6,"turns":5},{"damage":12,"enemies":"2 Fungi Beasts","floor":8,"turns":4},{"damage":34,"enemies":"Gremlin Nob","floor":11,"turns":4},{"damage":8,"enemies":"Blue Slaver","floor":14,"turns":3},{"damage":45,"enemies":"Hexaghost","floor":16,"turns":6},{"damage":19,"enemies":"Spheric Guardian","floor":18,"turns":4},{"damage":0,"enemies":"Chosen","floor":19,"turns":3},{"damage":45,"enemies":"Snecko","floor":21,"turns":5},{"damage":8,"enemies":"Sentry and Sphere","floor":24,"turns":4},{"damage":29,"enemies":"Book of Stabbing","floor":25,"turns":4},{"damage":47,"enemies":"Slavers","floor":28,"turns":3}],"seed_played":"-5010511554671662931","potions_obtained":[{"floor":1,"key":"AttackPotion"},{"floor":11,"key":"SpeedPotion"},{"floor":14,"key":"PowerPotion"}],"is_trial":false,"path_per_floor":["M","?","$","M","M","E","?","M","T","$","E","?","R","M","R","B",null,"M","M","?","M","$","R","M","E","T","R","E"],"character_chosen":"IRONCLAD","items_purchased":["Pummel","Membership Card","Inflame","Shrug It Off"],"campfire_rested":1,"item_purchase_floors":[10,22,22,22],"current_hp_per_floor":[78,71,71,74,78,75,75,69,79,79,51,33,33,31,58,19,72,69,83,83,52,52,52,56,33,40,40,0],"gold":101,"neow_bonus":"TRANSFORM_CARD","is_prod":false,"is_daily":false,"chose_seed":false,"campfire_upgraded":3,"win_rate":0,"timestamp":1554755682,"path_taken":["M","?","$","M","M","E","?","M","T","$","E","?","R","M","R","BOSS","M","M","?","M","$","R","M","E","T","R","E"],"build_version":"2019-01-23","purchased_purges":2,"victory":false,"max_hp_per_floor":[80,80,80,80,80,80,80,80,90,90,90,90,90,90,90,90,90,90,90,90,90,90,90,90,90,97,97,97],"card_choices":[{"not_picked":["Corruption","Twin Strike"],"picked":"Body Slam","floor":1},{"not_picked":["Anger","Entrench"],"picked":"Shrug It Off","floor":4},{"not_picked":["Flame Barrier","Cleave"],"picked":"Spot Weakness","floor":5},{"not_picked":["Power Through","Clothesline"],"picked":"Heavy Blade","floor":6},{"not_picked":["Sword Boomerang","Flex"],"picked":"Seeing Red","floor":8},{"not_picked":["Disarm","Rage"],"picked":"Pummel","floor":11},{"not_picked":["Sentinel","Cleave","Heavy Blade"],"picked":"SKIP","floor":14},{"not_picked":["Demon Form","Brutality"],"picked":"Reaper","floor":16},{"not_picked":["Wild Strike","Hemokinesis","Heavy Blade+1"],"picked":"SKIP","floor":18},{"not_picked":["Flex","Thunderclap","Anger+1"],"picked":"SKIP","floor":19},{"not_picked":["Clothesline","Rage"],"picked":"Armaments","floor":21},{"not_picked":["Body Slam","Iron Wave+1","Searing Blow+1"],"picked":"SKIP","floor":24},{"not_picked":["Pummel","Fire Breathing+1","Perfected Strike+1"],"picked":"SKIP","floor":25}],"player_experience":611553,"relics_obtained":[{"floor":6,"key":"Shuriken"},{"floor":9,"key":"Pear"},{"floor":9,"key":"Ornamental Fan"},{"floor":11,"key":"Boot"},{"floor":25,"key":"MawBank"},{"floor":26,"key":"Strawberry"},{"floor":26,"key":"Whetstone"}],"event_choices":[{"cards_removed":["Defend_R"],"damage_healed":0,"gold_gain":0,"player_choice":"Card Removal","damage_taken":7,"max_hp_gain":0,"max_hp_loss":0,"event_name":"Golden Wing","floor":2,"gold_loss":0},{"damage_healed":0,"gold_gain":0,"player_choice":"Searched \u00272\u0027 times","damage_taken":0,"relics_obtained":["Matryoshka"],"max_hp_gain":0,"max_hp_loss":0,"event_name":"Dead Adventurer","floor":7,"gold_loss":0},{"damage_healed":0,"gold_gain":0,"player_choice":"Entered Light","damage_taken":18,"max_hp_gain":0,"max_hp_loss":0,"event_name":"Shining Light","floor":12,"gold_loss":0,"cards_upgraded":["Heavy Blade","Infernal Blade"]},{"damage_healed":0,"gold_gain":99,"player_choice":"Stole From Cult","damage_taken":0,"max_hp_gain":0,"max_hp_loss":0,"event_name":"Nest","floor":20,"gold_loss":0}],"is_beta":false,"boss_relics":[{"not_picked":["Calling Bell","Fusion Hammer"],"picked":"Sozu"}],"items_purged_floors":[3,22],"is_endless":false,"potions_floor_spawned":[1,11,14,18,21],"killed_by":"Slavers","ascension_level":9}