{"gold_per_floor":[113,113,133,35,110,140,140,140,164,182,193,193,208,233,233,338,338,338,208,220,145,165,165,191,191,191,191],"floor_reached":27,"playtime":1204,"items_purged":["Strike_R"],"score":266,"play_id":"178bd215-b057-4e7c-b457-0747f78a5dbb","local_time":"20180904123314","is_ascension_mode":false,"campfire_choices":[{"data":"Headbutt","floor":8,"key":"SMITH"},{"data":"Rampage","floor":15,"key":"SMITH"},{"data":"Headbutt","floor":23,"key":"SMITH"},{"data":"Pommel Strike","floor":25,"key":"SMITH"}],"neow_cost":"NONE","seed_source_timestamp":231380754712481,"circlet_count":0,"master_deck":["Defend_R","Defend_R","Defend_R","Defend_R","Bash","Flex","Pommel Strike+1","Flex","Inflame","Headbutt+1","Rampage+1","Offering","Inflame","Flex+1","Headbutt+1"],"relics":["Burning Blood","NeowsBlessing","Smiling Mask","Red Skull","Ancient Tea Set","Blood Vial","Empty Cage","Juzu Bracelet","The Courier"],"potions_floor_usage":[13,14,18,24],"damage_taken":[{"damage":0,"enemies":"2 Louse","floor":1,"turns":1},{"damage":0,"enemies":"Cultist","floor":3,"turns":1},{"damage":0,"enemies":"3 Sentries","floor":6,"turns":2},{"damage":3,"enemies":"Small Slimes","floor":10,"turns":3},{"damage":16,"enemies":"3 Louse","floor":11,"turns":4},{"damage":8,"enemies":"Exordium Wildlife","floor":13,"turns":5},{"damage":10,"enemies":"Gremlin Nob","floor":14,"turns":3},{"damage":10,"enemies":"Slime Boss","floor":16,"turns":8},{"damage":0,"enemies":"Spheric Guardian","floor":18,"turns":2},{"damage":28,"enemies":"Shell Parasite","floor":20,"turns":5},{"damage":40,"enemies":"Centurion and Healer","floor":22,"turns":5},{"damage":24,"enemies":"Gremlin Leader","floor":24,"turns":5},{"damage":16,"enemies":"Cultist and Chosen","floor":27,"turns":3}],"seed_played":"4094740839922781851","potions_obtained":[{"floor":2,"key":"Block Potion"},{"floor":2,"key":"PowerPotion"},{"floor":2,"key":"SpeedPotion"},{"floor":13,"key":"SmokeBomb"},{"floor":14,"key":"Ancient Potion"},{"floor":20,"key":"Poison Potion"},{"floor":24,"key":"SteroidPotion"}],"is_trial":false,"path_per_floor":["M","?","M","$","?","E","?","R","T","M","M","?","M","E","R","B",null,"M","$","M","?","M","R","E","R","T"],"character_chosen":"IRONCLAD","items_purchased":["Flex","Inflame","Inflame"],"campfire_rested":0,"item_purchase_floors":[4,4,19],"current_hp_per_floor":[80,80,80,80,69,75,57,57,57,60,50,50,48,44,44,42,80,80,80,58,58,26,26,10,10,10,0],"gold":191,"neow_bonus":"THREE_ENEMY_KILL","is_prod":false,"is_daily":false,"chose_seed":false,"campfire_upgraded":4,"win_rate":0.0,"timestamp":1536057194,"path_taken":["M","?","M","$","?","E","?","R","T","M","?","?","?","E","R","BOSS","M","$","M","?","?","R","E","R","T","M"],"build_version":"2018-08-30","purchased_purges":1,"victory":false,"max_hp_per_floor":[80,80,80,80,80,80,80,80,80,80,80,80,80,80,80,80,80,80,80,80,80,80,80,80,80,80,80],"card_choices":[{"not_picked":["Shrug It Off","Rage"],"picked":"Flex","floor":1},{"not_picked":["Flex","True Grit"],"picked":"Pommel Strike","floor":3},{"not_picked":["True Grit","Flex"],"picked":"Headbutt","floor":6},{"not_picked":["Headbutt","Twin Strike","True Grit"],"picked":"SKIP","floor":10},{"not_picked":["Anger","Ghostly Armor","Whirlwind"],"picked":"SKIP","floor":11},{"not_picked":["Armaments","Dark Embrace","Twin Strike"],"picked":"SKIP","floor":13},{"not_picked":["Metallicize","Demon Form"],"picked":"Rampage","floor":14},{"not_picked":["Berserk","Fiend Fire"],"picked":"Offering","floor":16},{"not_picked":["Clothesline","Carnage"],"picked":"Flex+1","floor":20},{"not_picked":["True Grit","Wild Strike"],"picked":"Headbutt","floor":22},{"not_picked":["Flame Barrier","Second Wind","Sword Boomerang"],"picked":"SKIP","floor":24}],"player_experience":95524,"relics_obtained":[{"floor":6,"key":"Smiling Mask"},{"floor":9,"key":"Ancient Tea Set"},{"floor":14,"key":"Blood Vial"},{"floor":24,"key":"Juzu Bracelet"},{"floor":26,"key":"The Courier"}],"event_choices":[{"event_name":"The Lab","player_choice":"Got Potions","floor":2,"damage_taken":0},{"event_name":"World of Goop","player_choice":"Gather Gold","floor":5,"damage_taken":0},{"event_name":"Scrap Ooze","player_choice":"success","floor":7,"damage_taken":18},{"event_name":"Living Wall","player_choice":"Forget","floor":12,"damage_taken":0},{"event_name":"Beggar","player_choice":"Gave Gold","floor":21,"damage_taken":0}],"is_beta":false,"boss_relics":[{"not_picked":["Fusion Hammer","Eternal Feather"],"picked":"Empty Cage"}],"items_purged_floors":[19],"is_endless":false,"potions_floor_spawned":[3,6,13,14,20,24],"killed_by":"Cultist and Chosen","ascension_level":0}