{"gold_per_floor":[18,34,34,34,47,47,73,73,73,73,86,114,126,54,54,151,151,162,94,105,105,55,55,55,72,72,72,72,86,99,117,117,217,217,228,228,34,45,59,59,70,84,108,108],"floor_reached":44,"playtime":2765,"items_purged":[],"score":447,"play_id":"1e414f77-4708-4010-b4a2-82c028f11669","local_time":"20180722202534","is_ascension_mode":false,"campfire_choices":[{"data":"Pommel Strike","floor":6,"key":"SMITH"},{"data":"Twin Strike","floor":8,"key":"SMITH"},{"floor":10,"key":"REST"},{"data":"Bloodletting","floor":15,"key":"SMITH"},{"floor":23,"key":"REST"},{"floor":27,"key":"REST"},{"floor":32,"key":"REST"},{"data":"Limit Break","floor":40,"key":"SMITH"}],"neow_cost":"NO_GOLD","seed_source_timestamp":358328571763988,"circlet_count":0,"master_deck":["Strike_R","Strike_R","Strike_R","Defend_R","Defend_R","Defend_R","Bash","Cleave","Twin Strike+1","Pommel Strike+1","Inflame+1","Shrug It Off","Bloodletting+1","Limit Break+1","Flex","Flex","Infernal Blade","Blood for Blood","Infernal Blade","Seeing Red","Spot Weakness","Seeing Red","RitualDagger","Feed","Uppercut+1","Inflame+1","Thunderclap","Demon Form+1","Shockwave+1","Fiend Fire+1","Ghostly Armor+1","Flex+1","Infernal Blade","Berserk+1","Headbutt+1"],"relics":["Burning Blood","Torii","Ancient Tea Set","Frozen Egg 2","Shuriken","Pantograph","Orrery","Mercury Hourglass","Nloth\u0027s Gift","Astrolabe","Lee\u0027s Waffle","Pen Nib"],"potions_floor_usage":[25,29,33,33,33,42],"damage_taken":[{"damage":2,"enemies":"2 Louse","floor":1,"turns":3},{"damage":2,"enemies":"Jaw Worm","floor":2,"turns":4},{"damage":2,"enemies":"Cultist","floor":5,"turns":4},{"damage":22,"enemies":"Gremlin Nob","floor":7,"turns":4},{"damage":1,"enemies":"3 Louse","floor":11,"turns":2},{"damage":2,"enemies":"3 Sentries","floor":12,"turns":4},{"damage":6,"enemies":"Exordium Wildlife","floor":13,"turns":3},{"damage":45,"enemies":"The Guardian","floor":16,"turns":12},{"damage":24,"enemies":"Spheric Guardian","floor":18,"turns":4},{"damage":47,"enemies":"2 Thieves","floor":20,"turns":4},{"damage":36,"enemies":"Centurion and Healer","floor":25,"turns":6},{"damage":17,"enemies":"Snecko","floor":29,"turns":5},{"damage":11,"enemies":"Sentry and Sphere","floor":30,"turns":4},{"damage":15,"enemies":"Snake Plant","floor":31,"turns":4},{"damage":36,"enemies":"Automaton","floor":33,"turns":6},{"damage":45,"enemies":"3 Darklings","floor":35,"turns":5},{"damage":24,"enemies":"Orb Walker","floor":38,"turns":4},{"damage":21,"enemies":"4 Shapes","floor":39,"turns":3},{"damage":38,"enemies":"Sphere and 2 Shapes","floor":41,"turns":4},{"damage":16,"enemies":"Transient","floor":42,"turns":5},{"damage":17,"enemies":"4 Shapes","floor":44,"turns":3}],"seed_played":"8505715976040161381","potions_obtained":[{"floor":11,"key":"PowerPotion"},{"floor":12,"key":"SteroidPotion"},{"floor":16,"key":"Poison Potion"},{"floor":20,"key":"Fruit Juice"},{"floor":30,"key":"PowerPotion"},{"floor":31,"key":"PowerPotion"},{"floor":39,"key":"PowerPotion"},{"floor":41,"key":"Block Potion"}],"is_trial":false,"path_per_floor":["M","M","?","?","M","R","E","R","T","R","M","E","M","$","R","B",null,"M","$","M","?","?","R","?","M","T","R","?","M","M","M","R","B",null,"M","?","$","M","M","R","M","M","T"],"character_chosen":"IRONCLAD","items_purchased":["Bloodletting","Spot Weakness","Lee\u0027s Waffle"],"campfire_rested":4,"item_purchase_floors":[14,19,37],"current_hp_per_floor":[80,80,55,55,59,59,43,43,43,67,72,76,76,76,76,41,80,62,62,21,21,21,45,39,14,14,39,39,28,23,14,39,34,85,46,46,92,74,59,59,27,17,17,0],"gold":108,"neow_bonus":"ONE_RARE_RELIC","is_prod":false,"is_daily":false,"chose_seed":false,"campfire_upgraded":4,"win_rate":0.0,"timestamp":1532283934,"path_taken":["M","M","?","?","M","R","E","R","T","R","M","E","M","$","R","BOSS","M","$","M","?","?","R","?","M","T","R","?","M","?","M","R","BOSS","M","?","$","M","M","R","M","M","T","M"],"build_version":"2018-07-19v2","purchased_purges":0,"victory":false,"max_hp_per_floor":[80,80,80,80,80,80,80,80,80,80,80,80,80,80,80,80,80,80,80,80,80,80,80,80,85,85,85,85,85,85,85,85,85,85,85,85,92,92,92,92,92,92,92,92],"card_choices":[{"not_picked":["Wild Strike","Thunderclap"],"picked":"Cleave","floor":1},{"not_picked":["Rampage","Armaments"],"picked":"Twin Strike","floor":2},{"not_picked":["Body Slam","Rage"],"picked":"Pommel Strike","floor":5},{"not_picked":["True Grit","Clothesline"],"picked":"Inflame","floor":7},{"not_picked":["Hemokinesis","Sword Boomerang","Ghostly Armor"],"picked":"SKIP","floor":11},{"not_picked":["True Grit","Warcry","Blood for Blood"],"picked":"SKIP","floor":12},{"not_picked":["Sword Boomerang","Evolve+1"],"picked":"Shrug It Off","floor":13},{"not_picked":["Fiend Fire","Exhume"],"picked":"Limit Break","floor":16},{"not_picked":["Perfected Strike","Wild Strike"],"picked":"Flex","floor":17},{"not_picked":["Corruption+1","Perfected Strike"],"picked":"Flex","floor":17},{"not_picked":["Bloodletting","Thunderclap"],"picked":"Infernal Blade","floor":17},{"not_picked":["Shrug It Off","Clothesline"],"picked":"Blood for Blood","floor":17},{"not_picked":["Havoc","Entrench"],"picked":"Infernal Blade","floor":17},{"not_picked":["Cleave","Flex"],"picked":"Seeing Red","floor":18},{"not_picked":["Rupture+1","Burning Pact"],"picked":"Seeing Red","floor":20},{"not_picked":["Shrug It Off","Sword Boomerang"],"picked":"Feed","floor":25},{"not_picked":["Pommel Strike","Armaments"],"picked":"Uppercut+1","floor":29},{"not_picked":["Infernal Blade","Body Slam"],"picked":"Inflame+1","floor":30},{"not_picked":["Heavy Blade","Twin Strike"],"picked":"Thunderclap","floor":31},{"not_picked":["Bludgeon","Exhume"],"picked":"Demon Form+1","floor":33},{"not_picked":["Armaments+1","Headbutt"],"picked":"Flex+1","floor":35},{"not_picked":["Sentinel+1","Sword Boomerang+1"],"picked":"Infernal Blade","floor":38},{"not_picked":["True Grit","Dark Embrace+1"],"picked":"Berserk+1","floor":39},{"not_picked":["Anger","Rupture+1"],"picked":"Headbutt+1","floor":41},{"not_picked":["Wild Strike","Combust+1","Disarm"],"picked":"SKIP","floor":42}],"player_experience":92110,"relics_obtained":[{"floor":7,"key":"Frozen Egg 2"},{"floor":9,"key":"Shuriken"},{"floor":12,"key":"Pantograph"},{"floor":26,"key":"Mercury Hourglass"},{"floor":43,"key":"Pen Nib"}],"event_choices":[{"event_name":"Scrap Ooze","player_choice":"success","floor":3,"damage_taken":25},{"event_name":"The Cleric","player_choice":"Leave","floor":4,"damage_taken":0},{"event_name":"The Mausoleum","player_choice":"Yes","floor":21,"damage_taken":0},{"event_name":"The Joust","player_choice":"Bet on Owner","floor":22,"damage_taken":0},{"event_name":"Nest","player_choice":"Joined the Cult","floor":24,"damage_taken":0},{"event_name":"N\u0027loth","player_choice":"Traded a Boot","floor":28,"damage_taken":0},{"event_name":"Fountain of Cleansing","player_choice":"Removed Curse","floor":36,"damage_taken":0}],"is_beta":false,"boss_relics":[{"not_picked":["Calling Bell","Coffee Dripper"],"picked":"Orrery"},{"not_picked":["Velvet Choker","Mark of Pain"],"picked":"Astrolabe"}],"items_purged_floors":[],"is_endless":false,"potions_floor_spawned":[11,12,16,20,30,31,39,41],"killed_by":"4 Shapes","ascension_level":0}