{"gold_per_floor":[117,117,192,208,223,255,255,255,306,337,354,304,364,382,382,382],"floor_reached":16,"playtime":1446,"items_purged":["Strike_R"],"score":127,"play_id":"b7868d7d-ac2d-49f2-825e-6206f35b347a","local_time":"20190128185952","is_ascension_mode":true,"campfire_choices":[{"data":"Cleave","floor":8,"key":"SMITH"},{"floor":15,"key":"REST"}],"neow_cost":"NONE","seed_source_timestamp":429926617445767,"circlet_count":0,"master_deck":["Strike_R","Strike_R","Strike_R","Defend_R","Defend_R","Defend_R","Defend_R","Bash","Impervious","Shrug It Off","Headbutt","Cleave+1","Entrench","Wild Strike","Feed"],"relics":["Burning Blood","Bag of Marbles","Smiling Mask","FossilizedHelix","Vajra"],"potions_floor_usage":[10,16],"damage_taken":[{"damage":2,"enemies":"Small Slimes","floor":1,"turns":5},{"damage":0,"enemies":"Jaw Worm","floor":4,"turns":4},{"damage":2,"enemies":"2 Louse","floor":5,"turns":4},{"damage":32,"enemies":"3 Sentries","floor":6,"turns":11},{"damage":27,"enemies":"Lagavulin","floor":10,"turns":5},{"damage":0,"enemies":"Blue Slaver","floor":11,"turns":3},{"damage":29,"enemies":"Lagavulin Event","floor":13,"turns":6},{"damage":0,"enemies":"3 Louse","floor":14,"turns":2},{"damage":62,"enemies":"The Guardian","floor":16,"turns":16}],"seed_played":"-1960089328555450697","potions_obtained":[{"floor":1,"key":"SpeedPotion"},{"floor":4,"key":"GamblersBrew"}],"is_trial":false,"path_per_floor":["M","?","?","M","M","E","?","R","T","E","M","$","?","M","R","B"],"character_chosen":"IRONCLAD","items_purchased":[],"campfire_rested":1,"item_purchase_floors":[],"current_hp_per_floor":[80,73,62,68,72,46,46,46,46,25,31,31,8,14,38,0],"gold":382,"neow_bonus":"ONE_RANDOM_RARE_CARD","is_prod":false,"is_daily":false,"chose_seed":false,"campfire_upgraded":1,"win_rate":0,"timestamp":1548698392,"path_taken":["M","?","?","M","M","E","?","R","T","E","M","?","?","M","R","BOSS"],"build_version":"2019-01-23","purchased_purges":1,"victory":false,"max_hp_per_floor":[80,80,80,80,80,80,80,80,80,80,80,80,80,80,80,80],"card_choices":[{"not_picked":["Sever Soul","True Grit"],"picked":"Shrug It Off","floor":1},{"not_picked":["Clothesline","Havoc"],"picked":"Headbutt","floor":4},{"not_picked":["Burning Pact","Heavy Blade","Flex"],"picked":"SKIP","floor":5},{"not_picked":["Corruption","Intimidate"],"picked":"Cleave","floor":6},{"not_picked":["Iron Wave","Inflame"],"picked":"Entrench","floor":10},{"not_picked":["Dropkick","Hemokinesis","Flex"],"picked":"SKIP","floor":11},{"not_picked":["Limit Break","Twin Strike"],"picked":"Wild Strike","floor":13},{"not_picked":["Flex","Anger"],"picked":"Feed","floor":14}],"player_experience":126573,"relics_obtained":[{"floor":6,"key":"Bag of Marbles"},{"floor":9,"key":"Smiling Mask"},{"floor":10,"key":"FossilizedHelix"},{"floor":13,"key":"Vajra"}],"event_choices":[{"cards_removed":["Strike_R"],"damage_healed":0,"gold_gain":0,"player_choice":"Card Removal","damage_taken":7,"max_hp_gain":0,"max_hp_loss":0,"event_name":"Golden Wing","floor":2,"gold_loss":0},{"damage_healed":0,"gold_gain":75,"player_choice":"Gather Gold","damage_taken":11,"max_hp_gain":0,"max_hp_loss":0,"event_name":"World of Goop","floor":3,"gold_loss":0},{"damage_healed":0,"gold_gain":0,"player_choice":"Ignored","damage_taken":0,"max_hp_gain":0,"max_hp_loss":0,"event_name":"Shining Light","floor":7,"gold_loss":0},{"damage_healed":0,"gold_gain":0,"player_choice":"Searched \u00271\u0027 times","damage_taken":0,"max_hp_gain":0,"max_hp_loss":0,"event_name":"Dead Adventurer","floor":13,"gold_loss":0}],"is_beta":false,"boss_relics":[],"items_purged_floors":[12],"is_endless":false,"potions_floor_spawned":[1,4],"killed_by":"The Guardian","ascension_level":3}