{"gold_per_floor":[116,128,128,145,160,194,194,225,280,280,280,280,280,280,280,375,375,395,395,410,335,335,9,9,37,86,86,101,101,115,115,115,220,250,270,270,270,118,118,118],"floor_reached":40,"playtime":2548,"items_purged":["Regret","Regret"],"score":458,"play_id":"23b5215a-afae-4c64-bff3-a7468fab39f5","local_time":"20180703165427","is_ascension_mode":false,"campfire_choices":[{"data":"Bouncing Flask","floor":7,"key":"SMITH"},{"data":"Poisoned Stab","floor":11,"key":"SMITH"},{"floor":13,"key":"REST"},{"floor":15,"key":"REST"},{"data":"Neutralize","floor":24,"key":"SMITH"},{"data":"Noxious Fumes","floor":29,"key":"SMITH"},{"floor":32,"key":"REST"}],"neow_cost":"NONE","seed_source_timestamp":227689577087105,"circlet_count":0,"master_deck":["Defend_G","Defend_G","Defend_G","Defend_G","Survivor","Neutralize+1","Poisoned Stab+1","Catalyst+1","Bouncing Flask+1","Adrenaline+1","Parasite","Leg Sweep+1","Bouncing Flask+1","Bite","Bite","Bite","Bite+1","Bite","Apotheosis+1","Noxious Fumes+1","Panacea+1","Burst+1","Well Laid Plans+1","Backflip+1","Catalyst+1","Corpse Explosion","Poisoned Stab+1","Writhe"],"relics":["Sozu","Ancient Tea Set","Toxic Egg 2","Strawberry","Juzu Bracelet","Calling Bell","Dream Catcher","Ornamental Fan","Torii","Bottled Flame","Bag of Preparation","Tiny House","Bronze Scales"],"potions_floor_usage":[],"damage_taken":[{"damage":0,"enemies":"2 Louse","floor":1,"turns":4},{"damage":5,"enemies":"Small Slimes","floor":2,"turns":4},{"damage":0,"enemies":"Cultist","floor":4,"turns":4},{"damage":5,"enemies":"2 Fungi Beasts","floor":5,"turns":4},{"damage":20,"enemies":"3 Sentries","floor":6,"turns":11},{"damage":20,"enemies":"Gremlin Nob","floor":8,"turns":5},{"damage":6,"enemies":"The Guardian","floor":16,"turns":5},{"damage":26,"enemies":"Chosen","floor":18,"turns":5},{"damage":2,"enemies":"Spheric Guardian","floor":20,"turns":4},{"damage":19,"enemies":"Gremlin Leader","floor":25,"turns":5},{"damage":1,"enemies":"Centurion and Healer","floor":28,"turns":6},{"damage":20,"enemies":"Sentry and Sphere","floor":30,"turns":4},{"damage":25,"enemies":"Collector","floor":33,"turns":4},{"damage":0,"enemies":"3 Darklings","floor":35,"turns":3},{"damage":84,"enemies":"2 Orb Walkers","floor":40,"turns":4}],"seed_played":"-6808363450836478790","potions_obtained":[],"is_trial":false,"path_per_floor":["M","M","?","M","M","E","R","E","T","?","R","?","R","?","R","B",null,"M","?","M","$","?","$","R","E","T","?","M","R","M","?","R","B",null,"M","?","?","$","$"],"character_chosen":"THE_SILENT","items_purchased":["Apotheosis+1","Noxious Fumes","Bronze Scales"],"campfire_rested":3,"item_purchase_floors":[23,23,38],"current_hp_per_floor":[70,65,70,70,65,45,45,25,32,32,32,32,56,23,47,41,82,56,56,54,54,54,54,54,57,57,57,57,57,46,46,57,38,62,62,62,62,62,62,0],"gold":118,"neow_bonus":"BOSS_RELIC","is_prod":false,"is_daily":false,"chose_seed":false,"campfire_upgraded":4,"win_rate":0,"timestamp":1530629667,"path_taken":["M","M","?","M","M","E","R","E","T","?","R","?","R","?","R","BOSS","M","?","M","$","?","$","R","E","T","?","M","R","M","?","R","BOSS","M","?","?","?","$","E"],"build_version":"2018-06-28","purchased_purges":2,"victory":false,"max_hp_per_floor":[70,70,75,75,75,75,75,75,82,82,82,82,82,82,82,82,82,82,82,82,82,57,57,57,57,57,57,57,57,57,57,57,57,62,62,62,62,62,62,62],"card_choices":[{"not_picked":["Outmaneuver","Dagger Spray"],"picked":"Poisoned Stab","floor":1},{"not_picked":["Underhanded Strike","Deadly Poison"],"picked":"Catalyst","floor":2},{"not_picked":["Skewer","Dodge and Roll","Underhanded Strike"],"picked":"SKIP","floor":4},{"not_picked":["Outmaneuver","Sucker Punch","Underhanded Strike"],"picked":"SKIP","floor":5},{"not_picked":["Quick Slash","Reflex"],"picked":"Bouncing Flask","floor":6},{"not_picked":["Flying Knee","Dagger Throw","Expertise"],"picked":"SKIP","floor":8},{"not_picked":["After Image","Envenom"],"picked":"Adrenaline+1","floor":16},{"not_picked":["Blade Dance+1","Quick Slash+1"],"picked":"Leg Sweep+1","floor":18},{"not_picked":["Footwork","Deflect+1"],"picked":"Bouncing Flask+1","floor":20},{"not_picked":["Bane","Dagger Spray+1","Backflip+1"],"picked":"SKIP","floor":25},{"not_picked":["Flying Knee+1","All Out Attack"],"picked":"Well Laid Plans+1","floor":28},{"not_picked":["Outmaneuver+1","Skewer"],"picked":"Backflip+1","floor":30},{"not_picked":["Blade Dance+1","Dagger Spray"],"picked":"Catalyst+1","floor":32},{"not_picked":["Venomology+1","Die Die Die"],"picked":"Corpse Explosion","floor":33},{"not_picked":["Escape Plan+1","Outmaneuver+1"],"picked":"Poisoned Stab+1","floor":35}],"player_experience":21378,"relics_obtained":[{"floor":6,"key":"Ancient Tea Set"},{"floor":8,"key":"Toxic Egg 2"},{"floor":9,"key":"Strawberry"},{"floor":17,"key":"Dream Catcher"},{"floor":17,"key":"Ornamental Fan"},{"floor":17,"key":"Torii"},{"floor":25,"key":"Bottled Flame"},{"floor":26,"key":"Bag of Preparation"}],"event_choices":[{"event_name":"Big Fish","player_choice":"Donut","floor":3,"damage_taken":0},{"event_name":"Purifier","player_choice":"One Purge","floor":10,"damage_taken":0},{"event_name":"Living Wall","player_choice":"Grow","floor":12,"damage_taken":0},{"event_name":"Scrap Ooze","player_choice":"success","floor":14,"damage_taken":33},{"event_name":"Drug Dealer","player_choice":"Ignored","floor":19,"damage_taken":0},{"event_name":"Vampires","player_choice":"Became a vampire","floor":22,"damage_taken":0},{"event_name":"Match and Keep!","player_choice":"2 cards matched","floor":27,"damage_taken":0},{"event_name":"Match and Keep!","player_choice":"2 cards matched","floor":27,"damage_taken":0},{"event_name":"Back to Basics","player_choice":"Elegance","floor":31,"damage_taken":0},{"event_name":"Tomb of Lord Red Mask","player_choice":"Ignored","floor":36,"damage_taken":0},{"event_name":"Winding Halls","player_choice":"Writhe","floor":37,"damage_taken":0}],"boss_relics":[{"not_picked":["Cursed Key","White Beast Statue"],"picked":"Calling Bell"},{"not_picked":["Eternal Feather","Runic Dome"],"picked":"Tiny House"}],"items_purged_floors":[21,23],"is_endless":false,"potions_floor_spawned":[2,4,8,25,30,35],"killed_by":"2 Orb Walkers","ascension_level":0}