{"gold_per_floor":[109,126,145,160,179,179,209,209,232,108,108,142,154,183,183,285,285,299,299,314,314,326,326,336,370,370,404,404,416,416,188,188,293,293,311,321,341,218,233,261,273,306,306,306,316,349,10,24,24,24],"floor_reached":51,"playtime":2820,"items_purged":["Defend_R"],"score":841,"play_id":"5e87c2bd-d2cc-42bb-85e7-1888f6e6d4a2","local_time":"20190501022308","is_ascension_mode":false,"campfire_choices":[{"data":"Immolate","floor":6,"key":"SMITH"},{"data":"Perfected Strike","floor":8,"key":"SMITH"},{"data":"Clothesline","floor":11,"key":"SMITH"},{"data":"Armaments","floor":15,"key":"SMITH"},{"data":"Armaments","floor":23,"key":"SMITH"},{"data":"Juggernaut","floor":30,"key":"SMITH"},{"data":"J.A.X.","floor":32,"key":"SMITH"},{"data":"Juggernaut","floor":44,"key":"SMITH"},{"data":"Flame Barrier","floor":49,"key":"SMITH"}],"neow_cost":"PERCENT_DAMAGE","seed_source_timestamp":1609338818779000,"circlet_count":0,"master_deck":["Strike_R","Strike_R","Strike_R+1","Strike_R+1","Strike_R","Defend_R","Defend_R","Defend_R","Bash","PanicButton","Armaments+1","Clothesline+1","Perfected Strike+1","Cleave","Immolate+1","Seeing Red","Armaments+1","Shrug It Off","Carnage+1","Juggernaut+1","Headbutt+1","J.A.X.+1","Feel No Pain+1","Battle Trance","Power Through","Shrug It Off","Battle Trance","Juggernaut+1","Flame Barrier+1","Dark Shackles","Immolate+1","Clothesline+1","Battle Trance+1","Pommel Strike+1","Warcry+1","Clothesline+1","Perfected Strike+1","Burning Pact+1","Shrug It Off","Perfected Strike+1"],"relics":["Burning Blood","Tiny Chest","Whetstone","Strawberry","Molten Egg 2","Sozu","Magic Flower","Thread and Needle","Ice Cream","Coffee Dripper","Pen Nib","Frozen Egg 2","Gremlin Horn","Blue Candle","Unceasing Top","Torii"],"potions_floor_usage":[12,25,50],"damage_taken":[{"damage":5,"enemies":"Jaw Worm","floor":1,"turns":4},{"damage":0,"enemies":"2 Louse","floor":2,"turns":2},{"damage":0,"enemies":"Cultist","floor":3,"turns":4},{"damage":8,"enemies":"3 Louse","floor":4,"turns":3},{"damage":16,"enemies":"Lots of Slimes","floor":5,"turns":4},{"damage":11,"enemies":"Gremlin Nob","floor":12,"turns":3},{"damage":8,"enemies":"Exordium Wildlife","floor":13,"turns":3},{"damage":13,"enemies":"3 Sentries","floor":14,"turns":4},{"damage":30,"enemies":"The Guardian","floor":16,"turns":18},{"damage":7,"enemies":"3 Byrds","floor":18,"turns":4},{"damage":5,"enemies":"2 Thieves","floor":20,"turns":2},{"damage":10,"enemies":"3 Cultists","floor":22,"turns":4},{"damage":0,"enemies":"Centurion and Healer","floor":24,"turns":4},{"damage":3,"enemies":"Gremlin Leader","floor":25,"turns":6},{"damage":28,"enemies":"Book of Stabbing","floor":27,"turns":6},{"damage":3,"enemies":"Snake Plant","floor":29,"turns":3},{"damage":26,"enemies":"Champ","floor":33,"turns":10},{"damage":1,"enemies":"Orb Walker","floor":35,"turns":3},{"damage":4,"enemies":"3 Darklings","floor":36,"turns":3},{"damage":17,"enemies":"Spire Growth","floor":37,"turns":4},{"damage":0,"enemies":"4 Shapes","floor":39,"turns":4},{"damage":4,"enemies":"Nemesis","floor":40,"turns":5},{"damage":3,"enemies":"3 Darklings","floor":41,"turns":3},{"damage":28,"enemies":"Giant Head","floor":42,"turns":7},{"damage":0,"enemies":"Jaw Worm Horde","floor":45,"turns":3},{"damage":0,"enemies":"Reptomancer","floor":46,"turns":5},{"damage":0,"enemies":"Transient","floor":48,"turns":5},{"damage":19,"enemies":"Awakened One","floor":50,"turns":12}],"seed_played":"-5963324313704472569","potions_obtained":[{"floor":1,"key":"SpeedPotion"},{"floor":4,"key":"Dexterity Potion"},{"floor":16,"key":"AttackPotion"}],"is_trial":false,"path_per_floor":["M","M","M","M","M","R","?","R","T","$","R","E","M","E","R","B",null,"M","?","M","?","M","R","M","E","T","E","?","M","R","$","R","B",null,"M","M","M","?","M","E","M","E","T","R","M","E","$","M","R","B",null],"character_chosen":"IRONCLAD","items_purchased":["FearPotion","Seeing Red","Flame Barrier","Dark Shackles","Torii","Shrug It Off"],"campfire_rested":0,"item_purchase_floors":[10,10,31,31,47,47],"current_hp_per_floor":[57,63,69,67,57,57,45,45,45,45,45,47,45,38,38,14,87,86,86,87,87,83,83,87,87,87,68,87,87,87,87,87,70,87,87,87,79,79,87,87,87,68,68,68,77,86,86,87,87,77],"gold":24,"neow_bonus":"RANDOM_COLORLESS_2","is_prod":false,"is_daily":false,"chose_seed":false,"campfire_upgraded":9,"win_rate":1,"timestamp":1556702588,"path_taken":["M","M","M","M","M","R","?","R","T","$","R","E","M","E","R","BOSS","M","?","M","?","M","R","?","E","T","E","?","?","R","$","R","BOSS","M","M","M","?","?","E","M","E","T","R","M","E","$","M","R","BOSS"],"build_version":"2019-01-23","purchased_purges":1,"victory":true,"max_hp_per_floor":[80,80,80,80,80,80,80,80,80,80,80,87,87,87,87,87,87,87,87,87,87,87,87,87,87,87,87,87,87,87,87,87,87,87,87,87,87,87,87,87,87,87,87,87,87,87,87,87,87,87],"card_choices":[{"not_picked":["Reckless Charge","Perfected Strike"],"picked":"Armaments","floor":1},{"not_picked":["Headbutt","Thunderclap"],"picked":"Clothesline","floor":2},{"not_picked":["Iron Wave","Twin Strike"],"picked":"Perfected Strike","floor":3},{"not_picked":["Pummel","Hemokinesis"],"picked":"Cleave","floor":4},{"not_picked":["Armaments","Disarm"],"picked":"Immolate","floor":5},{"not_picked":["Armaments","Dual Wield","Searing Blow"],"picked":"SKIP","floor":12},{"not_picked":["Dual Wield","Searing Blow"],"picked":"Armaments","floor":12},{"not_picked":["Cleave","Thunderclap"],"picked":"Shrug It Off","floor":13},{"not_picked":["Warcry","Rampage"],"picked":"Carnage","floor":14},{"not_picked":["Limit Break","Demon Form"],"picked":"Juggernaut","floor":16},{"not_picked":["Flame Barrier","Heavy Blade+1"],"picked":"Headbutt+1","floor":18},{"not_picked":["Armaments","Rupture"],"picked":"Feel No Pain+1","floor":20},{"not_picked":["Body Slam+1","Ghostly Armor"],"picked":"Battle Trance","floor":22},{"not_picked":["Clash+1","Havoc"],"picked":"Power Through","floor":24},{"not_picked":["Metallicize","Pommel Strike+1"],"picked":"Shrug It Off","floor":25},{"not_picked":["Seeing Red","Evolve+1"],"picked":"Battle Trance","floor":27},{"not_picked":["Thunderclap+1","Combust+1"],"picked":"Juggernaut","floor":29},{"not_picked":["Double Tap","Offering"],"picked":"Immolate+1","floor":33},{"not_picked":["Flex+1","Warcry+1"],"picked":"Clothesline+1","floor":35},{"not_picked":["Flex","Anger+1"],"picked":"Battle Trance+1","floor":36},{"not_picked":["Body Slam+1","Rampage+1","Rage"],"picked":"SKIP","floor":37},{"not_picked":["Sword Boomerang+1","Combust+1"],"picked":"Pommel Strike+1","floor":39},{"not_picked":["Intimidate+1","Pommel Strike+1"],"picked":"Warcry+1","floor":40},{"not_picked":["Sword Boomerang+1","Twin Strike+1"],"picked":"Clothesline+1","floor":41},{"not_picked":["Wild Strike+1","Heavy Blade+1"],"picked":"Perfected Strike+1","floor":42},{"not_picked":["Battle Trance","Bludgeon+1"],"picked":"Burning Pact+1","floor":45},{"not_picked":["Heavy Blade+1","Pummel+1","Twin Strike+1"],"picked":"SKIP","floor":46},{"not_picked":["Heavy Blade+1","Pummel+1","Twin Strike+1"],"picked":"SKIP","floor":46},{"not_picked":["Anger+1","Sword Boomerang+1"],"picked":"Perfected Strike+1","floor":48}],"player_experience":688744,"relics_obtained":[{"floor":9,"key":"Whetstone"},{"floor":12,"key":"Strawberry"},{"floor":14,"key":"Molten Egg 2"},{"floor":25,"key":"Magic Flower"},{"floor":26,"key":"Thread and Needle"},{"floor":27,"key":"Ice Cream"},{"floor":40,"key":"Frozen Egg 2"},{"floor":42,"key":"Gremlin Horn"},{"floor":43,"key":"Blue Candle"},{"floor":46,"key":"Unceasing Top"}],"event_choices":[{"damage_healed":0,"gold_gain":0,"player_choice":"Success","damage_taken":12,"relics_obtained":["Tiny Chest"],"max_hp_gain":0,"max_hp_loss":0,"event_name":"Scrap Ooze","floor":7,"gold_loss":0},{"damage_healed":0,"gold_gain":0,"player_choice":"Obtain J.A.X.","damage_taken":0,"max_hp_gain":0,"max_hp_loss":0,"event_name":"Drug Dealer","floor":19,"gold_loss":0,"cards_obtained":["J.A.X."]},{"damage_healed":0,"gold_gain":0,"player_choice":"Got Potions","damage_taken":0,"max_hp_gain":0,"max_hp_loss":0,"event_name":"Lab","floor":21,"gold_loss":0},{"cards_removed":["Good Instincts"],"damage_healed":19,"gold_gain":0,"player_choice":"Offered Uncommon","damage_taken":0,"max_hp_gain":0,"max_hp_loss":0,"event_name":"Bonfire Elementals","floor":28,"gold_loss":0},{"damage_healed":0,"gold_gain":0,"player_choice":"Paid Gold","damage_taken":0,"relics_obtained":["Pen Nib"],"max_hp_gain":0,"max_hp_loss":0,"event_name":"WeMeetAgain","floor":38,"gold_loss":123}],"is_beta":false,"boss_relics":[{"not_picked":["White Beast Statue","Black Blood"],"picked":"Sozu"},{"not_picked":["Black Star","Velvet Choker"],"picked":"Coffee Dripper"}],"items_purged_floors":[31],"is_endless":false,"potions_floor_spawned":[1,4,16,20,24,25,29,36,39,41,46],"ascension_level":0}