{"gold_per_floor":[111,125,137,151,27,27,44,55,79,79,92,102,102,102,102,207,207,226,240,258,270,282,282,282,136,136,136,150,150,179,179],"floor_reached":31,"playtime":992,"items_purged":["Strike_B"],"score":485,"play_id":"9bb55ab6-a396-47d4-a161-fe465a4d064e","local_time":"20181006120915","is_ascension_mode":true,"campfire_choices":[{"data":"Zap","floor":6,"key":"SMITH"},{"floor":10,"key":"REST"},{"floor":15,"key":"REST"},{"floor":23,"key":"REST"},{"floor":27,"key":"REST"}],"neow_cost":"PERCENT_DAMAGE","seed_source_timestamp":512789972399777,"circlet_count":0,"master_deck":["Zap+1","Dualcast","AscendersBane","Go for the Eyes","Go for the Eyes","White Noise","Ball Lightning","Electrodynamics","Cold Snap","Gash","Blizzard","Lockon","Rebound","Gash","Conserve Battery","White Noise","Force Field+1","Gash","J.A.X.","Buffer","Coolheaded","FTL"],"relics":["Cracked Core","Omamori","Bag of Preparation","Pandora\u0027s Box","Potion Belt","Enchiridion","Vajra"],"potions_floor_usage":[7,7,8,12,16,30,30,30],"damage_taken":[{"damage":9,"enemies":"2 Louse","floor":1,"turns":3},{"damage":1,"enemies":"Small Slimes","floor":2,"turns":3},{"damage":1,"enemies":"Cultist","floor":3,"turns":3},{"damage":1,"enemies":"Exordium Wildlife","floor":4,"turns":2},{"damage":17,"enemies":"Lots of Slimes","floor":7,"turns":3},{"damage":0,"enemies":"3 Louse","floor":8,"turns":3},{"damage":5,"enemies":"Red Slaver","floor":11,"turns":3},{"damage":3,"enemies":"Exordium Thugs","floor":12,"turns":2},{"damage":0,"enemies":"Slime Boss","floor":16,"turns":6},{"damage":10,"enemies":"Chosen","floor":18,"turns":4},{"damage":8,"enemies":"Spheric Guardian","floor":19,"turns":3},{"damage":4,"enemies":"Centurion and Healer","floor":20,"turns":5},{"damage":23,"enemies":"Snecko","floor":21,"turns":5},{"damage":14,"enemies":"Sentry and Sphere","floor":22,"turns":4},{"damage":15,"enemies":"Snake Plant","floor":28,"turns":4},{"damage":16,"enemies":"Book of Stabbing","floor":30,"turns":5},{"damage":11,"enemies":"Snecko","floor":31,"turns":2}],"seed_played":"-1285227616684361654","potions_obtained":[{"floor":3,"key":"EntropicBrew"},{"floor":4,"key":"SkillPotion"},{"floor":8,"key":"PowerPotion"},{"floor":12,"key":"Dexterity Potion"},{"floor":21,"key":"FearPotion"},{"floor":28,"key":"EssenceOfSteel"}],"is_trial":false,"path_per_floor":["M","M","M","M","$","R","M","M","T","R","M","M","?","?","R","B",null,"M","M","M","M","M","R","?","$","T","R","M","?","E"],"character_chosen":"DEFECT","items_purchased":["Dexterity Potion","Buffer"],"campfire_rested":4,"item_purchase_floors":[5,25],"current_hp_per_floor":[41,40,39,38,38,38,21,21,21,43,38,35,35,35,57,57,71,61,53,49,26,12,34,34,34,34,56,41,25,9,0],"gold":179,"neow_bonus":"REMOVE_TWO","is_prod":false,"is_daily":false,"chose_seed":false,"campfire_upgraded":1,"win_rate":0,"timestamp":1538798955,"path_taken":["M","M","M","M","$","R","M","M","T","R","M","M","?","?","R","BOSS","M","M","M","M","M","R","?","$","T","R","M","?","E","?"],"build_version":"2018-10-04v2","purchased_purges":1,"victory":false,"max_hp_per_floor":[75,75,75,75,75,75,75,75,75,75,75,75,75,75,75,75,75,75,75,75,75,75,75,75,75,75,75,75,75,75,75],"card_choices":[{"not_picked":["Streamline","Redo"],"picked":"Go for the Eyes","floor":1},{"not_picked":["Streamline","Turbo"],"picked":"Go for the Eyes","floor":2},{"not_picked":["Ball Lightning","Compile Driver"],"picked":"White Noise","floor":3},{"not_picked":["Barrage","Leap"],"picked":"Ball Lightning","floor":4},{"not_picked":["Barrage","Stack","Recycle"],"picked":"SKIP","floor":7},{"not_picked":["Doom and Gloom","Conserve Battery"],"picked":"Electrodynamics","floor":8},{"not_picked":["Stack","Sweeping Beam","Beam Cell"],"picked":"SKIP","floor":11},{"not_picked":["Melter","Storm"],"picked":"Cold Snap","floor":12},{"not_picked":["Turbo","Go for the Eyes"],"picked":"Gash","floor":18},{"not_picked":["Turbo","Force Field"],"picked":"Conserve Battery","floor":19},{"not_picked":["Compile Driver","Conserve Battery"],"picked":"White Noise","floor":20},{"not_picked":["Sweeping Beam","Go for the Eyes"],"picked":"Force Field+1","floor":21},{"not_picked":["Chaos","Go for the Eyes"],"picked":"Gash","floor":22},{"not_picked":["Genetic Algorithm","Darkness"],"picked":"Coolheaded","floor":28},{"not_picked":["Conserve Battery","Redo"],"picked":"FTL","floor":30}],"player_experience":423657,"relics_obtained":[{"floor":9,"key":"Omamori"},{"floor":26,"key":"Potion Belt"},{"floor":29,"key":"Enchiridion"},{"floor":30,"key":"Vajra"}],"event_choices":[{"event_name":"Dead Adventurer","player_choice":"Searched \u00271\u0027 times","floor":13,"damage_taken":0},{"event_name":"Purifier","player_choice":"One Purge","floor":14,"damage_taken":0},{"event_name":"Drug Dealer","player_choice":"Got JAX","floor":24,"damage_taken":0},{"event_name":"Cursed Tome","player_choice":"Obtained Book","floor":29,"damage_taken":0}],"is_beta":false,"boss_relics":[{"not_picked":["Lizard Tail","White Beast Statue"],"picked":"Pandora\u0027s Box"}],"items_purged_floors":[5],"is_endless":false,"potions_floor_spawned":[3,4,8,12,21,22,28],"killed_by":"Snecko","ascension_level":12}