{"gold_per_floor":[112,62,74,94,118,146,158,186,209,209,227,82,132,144,144,242,242,253,12,12,31,47,75,93,93,119,152,165,200,117,134,134,230,230,249,263,90,101,50,84,84,115,139,139,165,175,209,222,222,222,222,222,94,120,120],"floor_reached":56,"playtime":4700,"items_purged":["Strike_B","Strike_B"],"score":1724,"play_id":"8e1295d7-1198-484b-8624-f594cf7ca063","local_time":"20190302221913","is_ascension_mode":true,"campfire_choices":[{"data":"Doom and Gloom","floor":10.0,"key":"SMITH"},{"data":"Consume","floor":15.0,"key":"SMITH"},{"floor":25.0,"key":"REST"},{"floor":32.0,"key":"REST"},{"floor":41.0,"key":"REST"},{"floor":49,"key":"RECALL"},{"data":"Coolheaded","floor":52,"key":"SMITH"}],"neow_cost":"NONE","seed_source_timestamp":0,"circlet_count":0,"master_deck":["Strike_B","Defend_B+1","Defend_B","Defend_B","Defend_B","Zap+1","Dualcast","Beam Cell","Doom and Gloom+1","Auto Shields","Conserve Battery","FTL","Redo","Consume+1","Capacitor","Glacier","Machine Learning","Go for the Eyes+1","BootSequence","Echo Form","Cold Snap","Cold Snap","Defragment","Leap","Dark Shackles","White Noise+1","Creative AI","Leap","Steam Power","Consume+1","Coolheaded+1","Skim+1","Steam+1","Glacier"],"special_seed":0,"relics":["Cracked Core","Strawberry","DataDisk","Art of War","Torii","War Paint","Inserter","Cables","Unceasing Top","Oddly Smooth Stone","Anchor","Vajra","Busted Crown","Bronze Scales","Dream Catcher","Boot","Frozen Egg 2","Pear"],"potions_floor_usage":[54,55],"damage_taken":[{"damage":0.0,"enemies":"Small Slimes","floor":1.0,"turns":3.0},{"damage":2.0,"enemies":"Jaw Worm","floor":3.0,"turns":3.0},{"damage":1.0,"enemies":"2 Louse","floor":4.0,"turns":2.0},{"damage":14.0,"enemies":"3 Sentries","floor":6.0,"turns":4.0},{"damage":4.0,"enemies":"Blue Slaver","floor":7.0,"turns":3.0},{"damage":6.0,"enemies":"Gremlin Nob","floor":8.0,"turns":4.0},{"damage":0.0,"enemies":"Exordium Thugs","floor":11.0,"turns":1.0},{"damage":0.0,"enemies":"Exordium Wildlife","floor":14.0,"turns":2.0},{"damage":2.0,"enemies":"Slime Boss","floor":16.0,"turns":9.0},{"damage":18.0,"enemies":"Shell Parasite","floor":18.0,"turns":5.0},{"damage":23.0,"enemies":"2 Thieves","floor":21.0,"turns":4.0},{"damage":1.0,"enemies":"Sentry and Sphere","floor":22.0,"turns":6.0},{"damage":8.0,"enemies":"Gremlin Leader","floor":23.0,"turns":6.0},{"damage":10.0,"enemies":"Cultist and Chosen","floor":24.0,"turns":7.0},{"damage":2.0,"enemies":"Book of Stabbing","floor":27.0,"turns":5.0},{"damage":0.0,"enemies":"Shelled Parasite and Fungi","floor":28.0,"turns":7.0},{"damage":17.0,"enemies":"Slavers","floor":29.0,"turns":6.0},{"damage":0.0,"enemies":"Centurion and Healer","floor":31.0,"turns":9.0},{"damage":0.0,"enemies":"Champ","floor":33.0,"turns":9.0},{"damage":22.0,"enemies":"3 Shapes","floor":35.0,"turns":5.0},{"damage":10.0,"enemies":"Orb Walker","floor":36.0,"turns":5.0},{"damage":6.0,"enemies":"Sphere and 2 Shapes","floor":38.0,"turns":8.0},{"damage":22.0,"enemies":"Nemesis","floor":40.0,"turns":5.0},{"damage":19.0,"enemies":"Reptomancer","floor":42.0,"turns":8.0},{"damage":17,"enemies":"3 Darklings","floor":46,"turns":4},{"damage":0,"enemies":"Giant Head","floor":47,"turns":9},{"damage":0,"enemies":"4 Shapes","floor":48,"turns":5},{"damage":0,"enemies":"Awakened One","floor":50,"turns":13},{"damage":24,"enemies":"Shield and Spear","floor":54,"turns":9},{"damage":52,"enemies":"The Heart","floor":55,"turns":13}],"seed_played":"2331750641076364494","potions_obtained":[{"floor":6.0,"key":"Energy Potion"},{"floor":11.0,"key":"Poison Potion"},{"floor":16.0,"key":"SpeedPotion"},{"floor":18.0,"key":"EssenceOfSteel"},{"floor":20.0,"key":"EssenceOfSteel"},{"floor":24.0,"key":"Strength Potion"},{"floor":27.0,"key":"EssenceOfSteel"},{"floor":28.0,"key":"Energy Potion"},{"floor":33.0,"key":"Energy Potion"},{"floor":38.0,"key":"SpeedPotion"},{"floor":42.0,"key":"GamblersBrew"}],"is_trial":false,"path_per_floor":["M","?","M","M","T","E","M","E","T","R","M","$","?","M","R","B",null,"M","$","?","M","M","E","M","R","T","E","M","E","$","M","R","B",null,"M","M","$","M","$","E","R","E","T","?","T","M","E","M","R","B",null,"R","$","E","B",null],"character_chosen":"DEFECT","items_purchased":["Capacitor","Cables","Dark Shackles","Steam Power","Coolheaded","Fire Potion","GamblersBrew"],"campfire_rested":3,"item_purchase_floors":[12,19,30,37,39,53,53],"current_hp_per_floor":[75,75,73,72,72,58,54,48,48,48,48,48,48,48,48,46,73,55,55,55,32,31,23,13,37,37,35,35,18,18,18,42,42,72,50,40,40,34,34,12,36,17,17,72,72,55,55,55,55,55,68,68,68,54,2],"gold":120,"neow_bonus":"RANDOM_COMMON_RELIC","is_prod":false,"is_daily":false,"chose_seed":false,"campfire_upgraded":3,"win_rate":0,"timestamp":1551561553,"path_taken":["M","?","M","M","?","E","M","E","T","R","M","$","?","M","R","BOSS","M","$","?","M","M","E","M","R","T","E","M","E","?","M","R","BOSS","M","M","$","M","$","E","R","E","T","?","?","M","E","?","R","BOSS","R","$","E","BOSS"],"build_version":"2019-01-23","purchased_purges":2,"victory":true,"max_hp_per_floor":[82,82,82,82,82,82,82,82,82,82,82,82,82,82,82,82,82,82,82,82,82,82,82,82,82,82,82,82,82,82,82,82,82,82,82,82,82,82,82,82,82,82,82,72,72,72,72,72,72,72,72,72,72,82,82],"card_choices":[{"not_picked":["Turbo","Undo"],"picked":"Beam Cell","floor":1.0},{"not_picked":["Defragment","Consume"],"picked":"Doom and Gloom","floor":3.0},{"not_picked":["Turbo","Stack"],"picked":"Auto Shields","floor":4.0},{"not_picked":["Reinforced Body","Skim"],"picked":"Conserve Battery","floor":6.0},{"not_picked":["Gash","Sweeping Beam"],"picked":"FTL","floor":7.0},{"not_picked":["Tempest","Storm"],"picked":"Redo","floor":8.0},{"not_picked":["Barrage","Genetic Algorithm"],"picked":"Consume","floor":11.0},{"not_picked":["BootSequence","Scrape"],"picked":"Glacier","floor":14.0},{"not_picked":["Biased Cognition","Seek"],"picked":"Machine Learning","floor":16.0},{"not_picked":["Beam Cell","Steam+1","Cold Snap"],"picked":"SKIP","floor":18.0},{"not_picked":["Aggregate","Heatsinks"],"picked":"Go for the Eyes+1","floor":21.0},{"not_picked":["Melter+1","Rebound"],"picked":"BootSequence","floor":22.0},{"not_picked":["Rebound+1","Auto Shields"],"picked":"Echo Form","floor":23.0},{"not_picked":["Recycle","Streamline"],"picked":"Cold Snap","floor":24.0},{"not_picked":["Fission","Barrage"],"picked":"Cold Snap","floor":27.0},{"not_picked":["Redo+1","Conserve Battery"],"picked":"Defragment","floor":28.0},{"not_picked":["Double Energy+1","Defragment"],"picked":"Leap","floor":29.0},{"not_picked":["Scrape","Go for the Eyes+1"],"picked":"White Noise+1","floor":31.0},{"not_picked":["Core Surge","Thunder Strike"],"picked":"Creative AI","floor":33.0},{"not_picked":["Doom and Gloom+1"],"picked":"SKIP","floor":35.0},{"not_picked":[],"picked":"Leap","floor":36.0},{"not_picked":[],"picked":"Consume+1","floor":38.0},{"not_picked":[],"picked":"Skim+1","floor":40.0},{"not_picked":["Rip and Tear+1"],"picked":"SKIP","floor":42.0},{"not_picked":[],"picked":"Steam+1","floor":46},{"not_picked":[],"picked":"Glacier","floor":47},{"not_picked":["Fusion"],"picked":"SKIP","floor":48},{"not_picked":["Go for the Eyes"],"picked":"SKIP","floor":54}],"player_experience":246150,"relics_obtained":[{"floor":5.0,"key":"DataDisk"},{"floor":6.0,"key":"Art of War"},{"floor":8.0,"key":"Torii"},{"floor":9.0,"key":"War Paint"},{"floor":23.0,"key":"Unceasing Top"},{"floor":26.0,"key":"Oddly Smooth Stone"},{"floor":27.0,"key":"Anchor"},{"floor":29.0,"key":"Vajra"},{"floor":40.0,"key":"Bronze Scales"},{"floor":42.0,"key":"Dream Catcher"},{"floor":45,"key":"Boot"},{"floor":47,"key":"Frozen Egg 2"},{"floor":54,"key":"Pear"}],"event_choices":[{"cards_removed":["Strike_B"],"damage_healed":0.0,"max_hp_gain":0.0,"max_hp_loss":0.0,"gold_gain":0.0,"event_name":"The Cleric","player_choice":"Card Removal","floor":2.0,"gold_loss":50.0,"damage_taken":0.0},{"damage_healed":0.0,"max_hp_gain":0.0,"max_hp_loss":0.0,"gold_gain":50.0,"event_name":"Golden Wing","player_choice":"Gained Gold","floor":13.0,"gold_loss":0.0,"damage_taken":0.0},{"damage_healed":0.0,"max_hp_gain":0.0,"max_hp_loss":0.0,"gold_gain":0.0,"event_name":"Lab","player_choice":"Got Potions","floor":20.0,"gold_loss":0.0,"damage_taken":0.0},{"damage_healed":72,"gold_gain":0,"player_choice":"Heal","damage_taken":0,"max_hp_gain":0,"max_hp_loss":10,"event_name":"The Moai Head","floor":44,"gold_loss":0}],"is_beta":false,"boss_relics":[{"not_picked":["Ectoplasm","Calling Bell"],"picked":"Inserter"},{"not_picked":["Empty Cage","Black Star"],"picked":"Busted Crown"}],"items_purged_floors":[12,37],"is_endless":false,"potions_floor_spawned":[6,11,16,18,22,24,27,28,33,38,42],"ascension_level":6}