{"gold_per_floor":[109,109,109,109,4,4,4,30,30,30,59,59,89,99,99,99],"floor_reached":16,"playtime":368,"items_purged":[],"score":228,"play_id":"5a006936-8710-400b-b302-f3e6c0cef924","local_time":"20190501105716","is_ascension_mode":true,"campfire_choices":[{"data":"Perfected Strike","floor":6,"key":"SMITH"},{"floor":12,"key":"REST"},{"data":"Bash","floor":15,"key":"SMITH"}],"neow_cost":"PERCENT_DAMAGE","seed_source_timestamp":3795022197123453,"circlet_count":0,"master_deck":["AscendersBane","Strike_R","Strike_R","Strike_R","Strike_R","Strike_R+1","Defend_R","Defend_R","Defend_R+1","Bash+1","Perfected Strike+1","Shrug It Off","Dropkick","Twin Strike","Headbutt","Inflame"],"relics":["Burning Blood","FossilizedHelix","Letter Opener","WingedGreaves","Red Skull","Bottled Flame"],"potions_floor_usage":[11,16,16],"damage_taken":[{"damage":0,"enemies":"Small Slimes","floor":1,"turns":4},{"damage":24,"enemies":"3 Sentries","floor":8,"turns":9},{"damage":4,"enemies":"Lagavulin","floor":11,"turns":5},{"damage":20,"enemies":"3 Sentries","floor":13,"turns":5},{"damage":0,"enemies":"Jaw Worm","floor":14,"turns":2},{"damage":27,"enemies":"Hexaghost","floor":16,"turns":5}],"seed_played":"-7442459438615191277","potions_obtained":[{"floor":8,"key":"Strength Potion"},{"floor":11,"key":"FearPotion"},{"floor":14,"key":"Dexterity Potion"}],"is_trial":false,"path_per_floor":["M","?","?","?","$","R","$","E","T","?","E","R","E","M","R","B"],"character_chosen":"IRONCLAD","items_purchased":["Shrug It Off","Dropkick"],"campfire_rested":1,"item_purchase_floors":[5,5],"current_hp_per_floor":[56,49,26,26,26,26,26,8,8,8,10,32,18,24,24,0],"gold":99,"neow_bonus":"ONE_RARE_RELIC","is_prod":false,"is_daily":false,"chose_seed":false,"campfire_upgraded":2,"win_rate":0,"timestamp":1556704636,"path_taken":["M","?","?","?","?","R","$","E","T","?","E","R","E","M","R","BOSS"],"build_version":"2019-01-23","purchased_purges":0,"victory":false,"max_hp_per_floor":[75,75,75,75,75,75,75,75,75,75,75,75,75,75,75,75],"card_choices":[{"not_picked":["Sword Boomerang","Warcry"],"picked":"Perfected Strike","floor":1},{"not_picked":["Anger","Flame Barrier"],"picked":"Twin Strike","floor":8},{"not_picked":["Shockwave","Feed"],"picked":"Headbutt","floor":11},{"not_picked":["Flex","Sever Soul","Anger"],"picked":"SKIP","floor":13},{"not_picked":["Feel No Pain","Battle Trance"],"picked":"Inflame","floor":14}],"player_experience":760982,"relics_obtained":[{"floor":8,"key":"Letter Opener"},{"floor":9,"key":"WingedGreaves"},{"floor":11,"key":"Red Skull"},{"floor":13,"key":"Bottled Flame"}],"event_choices":[{"cards_removed":["Defend_R"],"damage_healed":0,"gold_gain":0,"player_choice":"Card Removal","damage_taken":7,"max_hp_gain":0,"max_hp_loss":0,"event_name":"Golden Wing","floor":2,"gold_loss":0},{"damage_healed":0,"gold_gain":0,"player_choice":"Entered Light","damage_taken":23,"max_hp_gain":0,"max_hp_loss":0,"event_name":"Shining Light","floor":3,"gold_loss":0,"cards_upgraded":["Defend_R","Strike_R"]},{"damage_healed":0,"gold_gain":0,"player_choice":"Ignored","damage_taken":0,"max_hp_gain":0,"max_hp_loss":0,"event_name":"Golden Idol","floor":4,"gold_loss":0},{"damage_healed":0,"gold_gain":0,"player_choice":"Fled","damage_taken":0,"max_hp_gain":0,"max_hp_loss":0,"event_name":"Scrap Ooze","floor":10,"gold_loss":0}],"is_beta":false,"boss_relics":[],"items_purged_floors":[],"is_endless":false,"potions_floor_spawned":[8,11,14],"killed_by":"Hexaghost","ascension_level":20}