{"gold_per_floor":[590,2,112,224,337,337,36,36,150,287,405,405,285,285,474,508],"floor_reached":16,"playtime":2282,"items_purged":["Strike_R"],"score":1194,"play_id":"045eacf0-d22f-4898-bbf8-bd07c04ac5ff","local_time":"20190427231332","daily_mods":["CTS - Bronze Difficulty","CTS - Boss Rush","Uncertain Future"],"is_ascension_mode":false,"campfire_choices":[{"floor":8,"key":"REST"},{"floor":14,"key":"REST"}],"neow_cost":"","seed_source_timestamp":0,"circlet_count":0,"master_deck":["Strike_R","Strike_R","Strike_R","Strike_R","Defend_R","Defend_R","Defend_R","Defend_R","Bash","Whirlwind+1","strawberrySpire:DebrisPile+1","Uppercut+1","strawberrySpire:Conflagrate+1","Bandage Up+1","Bandage Up+1","strawberrySpire:ZonePlayer+1","Fire Breathing+1","Metallicize+1","strawberrySpire:Conflagrate+1","Magnetism+1","Shockwave+1","Flex+1","Inflame+1","hubris:SharpeningStone+1","ReplayTheSpireMod:Private Reserves+1","strawberrySpire:NeglectedBlade+1","strawberrySpire:PowerStomp+1","Shrug It Off+1","ChargingUp+1","ChargingUp+1","WitchOfGreed+1","WitchOfGreed+1"],"special_seed":0,"relics":["Burning Blood","The Courier","Molten Egg 2","Toxic Egg 2","Frozen Egg 2","Chemical X","Blue Doll","halation:PeacePiece","Pet Ghost","Happy Flower","Darkstone Periapt","strawberrySpire:RottenAvocado","Orichalcum","Boot","Shuriken","Bandana","aspiration:MarisaSkillbook","MawBank"],"potions_floor_usage":[15,15,16],"damage_taken":[{"damage":4.0,"enemies":"Slime Boss","floor":3.0,"turns":8.0},{"damage":13,"enemies":"The Guardian","floor":4,"turns":10},{"damage":53,"enemies":"Hexaghost","floor":5,"turns":8},{"damage":47,"enemies":"Champ","floor":9,"turns":11},{"damage":20,"enemies":"Automaton","floor":10,"turns":8},{"damage":27,"enemies":"Collector","floor":11,"turns":11},{"damage":42,"enemies":"Donu and Deca","floor":15,"turns":7},{"damage":24,"enemies":"Awakened One","floor":16,"turns":2}],"seed_played":"577920263959673345","potions_obtained":[{"floor":5,"key":"Adrenaline Potion"},{"floor":11,"key":"Fire Potion"},{"floor":15,"key":"Dexterity Potion"}],"is_trial":true,"path_per_floor":["$","$","M","M","M","T","$","R","M","M","M","T","$","R","M","M"],"character_chosen":"IRONCLAD","items_purchased":["Whirlwind+1","Chemical X","Blue Doll","strawberrySpire:DebrisPile+1","Uppercut+1","strawberrySpire:Conflagrate+1","Bandage Up+1","strawberrySpire:ZonePlayer+1","Fire Breathing+1","Metallicize+1","strawberrySpire:Conflagrate+1","halation:PeacePiece","Magnetism+1","Inflame+1","hubris:SharpeningStone+1","Orichalcum","ReplayTheSpireMod:Private Reserves+1","strawberrySpire:NeglectedBlade+1","ChargingUp+1","WitchOfGreed+1","WitchOfGreed+1"],"campfire_rested":2,"item_purchase_floors":[1,1,1,1,2,2,2,2,2,2,2,2,2,7,7,7,7,7,13,13,13],"current_hp_per_floor":[80,80,80,79,44,44,44,67,38,36,27,27,27,48,24,0],"gold":508,"neow_bonus":"","is_prod":false,"is_daily":false,"chose_seed":false,"campfire_upgraded":0,"win_rate":0,"timestamp":1556399612,"path_taken":["$","$","M","M","M","T","$","R","M","M","M","T","$","R","M","M"],"build_version":"2019-01-23","purchased_purges":1,"victory":false,"max_hp_per_floor":[80,80,80,80,80,80,79,78,77,76,75,74,73,72,71,70],"card_choices":[{"not_picked":["Twin Strike+1","Shockwave+1","jedi:fear+1"],"picked":"SKIP","floor":3.0},{"not_picked":["Twin Strike+1","jedi:fear+1"],"picked":"Shockwave+1","floor":3.0},{"not_picked":["Wild Strike+1","strawberrySpire:Endurance+1","Second Wind+1"],"picked":"SKIP","floor":4},{"not_picked":["Headbutt+1","Ghostly Armor+1"],"picked":"Flex+1","floor":5},{"not_picked":["Body Slam+1","Anger+1"],"picked":"strawberrySpire:PowerStomp+1","floor":9},{"not_picked":["Wild Strike+1","Cleave+1","strawberrySpire:JustAWound+1"],"picked":"SKIP","floor":10},{"not_picked":["Perfected Strike+1","Sentinel+1"],"picked":"Shrug It Off+1","floor":11},{"not_picked":["Flex+1","NonDirectionalLaser+1","SprinkleStarSeal+1","Clothesline"],"picked":"SKIP","floor":15}],"player_experience":443869,"relics_obtained":[{"floor":3.0,"key":"Pet Ghost"},{"floor":4,"key":"Happy Flower"},{"floor":5,"key":"Darkstone Periapt"},{"floor":9,"key":"Boot"},{"floor":10,"key":"Shuriken"},{"floor":11,"key":"Bandana"},{"floor":15,"key":"MawBank"}],"event_choices":[],"is_beta":false,"boss_relics":[{"not_picked":["hubris:RunicObelisk","energizedSpire:DeadBattery"],"picked":"strawberrySpire:RottenAvocado"},{"not_picked":["aspiration:PoetsPen_weak","Sozu"],"picked":"aspiration:MarisaSkillbook"}],"items_purged_floors":[1],"is_endless":false,"potions_floor_spawned":[5,11],"killed_by":"Awakened One","ascension_level":0}