{"gold_per_floor":[117,5,5,25,36,36,61,24,24,41,57,57,68,80,80,178,178,195,195,215,215,215,215,215],"floor_reached":24,"playtime":992,"items_purged":["Strike_B"],"score":406,"play_id":"254e1696-3028-4e3d-9c61-d00f4288d9db","local_time":"20181011003734","is_ascension_mode":true,"campfire_choices":[{"data":"Zap","floor":6,"key":"SMITH"},{"data":"Dualcast","floor":12,"key":"SMITH"},{"data":"Capacitor","floor":15,"key":"SMITH"},{"data":"Blizzard","floor":23,"key":"SMITH"}],"neow_cost":"","seed_source_timestamp":34346285979454,"circlet_count":0,"master_deck":["Strike_B","Strike_B","Strike_B","Defend_B","Defend_B","Zap+1","Dualcast+1","AscendersBane","Capacitor+1","Glacier","FTL","Cold Snap","White Noise+1","Undo+1","Conserve Battery+1","Machine Learning","Conserve Battery+1","Blizzard+1","Ghostly+1","Ghostly+1","Ghostly+1","Ghostly+1","Ghostly+1"],"relics":["Cracked Core","Lantern","Toxic Egg 2","Coffee Dripper"],"potions_floor_usage":[16,16,20],"damage_taken":[{"damage":7,"enemies":"Small Slimes","floor":1,"turns":3},{"damage":8,"enemies":"2 Louse","floor":4,"turns":2},{"damage":2,"enemies":"Jaw Worm","floor":5,"turns":3},{"damage":9,"enemies":"Exordium Wildlife","floor":10,"turns":5},{"damage":4,"enemies":"Looter","floor":11,"turns":3},{"damage":1,"enemies":"Blue Slaver","floor":13,"turns":3},{"damage":4,"enemies":"2 Fungi Beasts","floor":14,"turns":4},{"damage":0,"enemies":"Hexaghost","floor":16,"turns":15},{"damage":0,"enemies":"Chosen","floor":18,"turns":7},{"damage":0,"enemies":"3 Byrds","floor":20,"turns":4},{"damage":65,"enemies":"Gremlin Leader","floor":24,"turns":10}],"seed_played":"-3666302914904268796","potions_obtained":[{"floor":1,"key":"FocusPotion"},{"floor":5,"key":"SkillPotion"},{"floor":16,"key":"LiquidBronze"}],"is_trial":false,"path_per_floor":["M","$","?","M","M","R","T","$","T","M","M","R","M","M","R","B",null,"M","?","M","?","?","R"],"character_chosen":"DEFECT","items_purchased":["Capacitor","FTL"],"campfire_rested":0,"item_purchase_floors":[2,8],"current_hp_per_floor":[61,61,61,53,51,51,51,51,51,42,38,38,37,33,33,33,65,65,51,51,51,40,40,0],"gold":215,"neow_bonus":"","is_prod":false,"is_daily":false,"chose_seed":false,"campfire_upgraded":4,"win_rate":0,"timestamp":1539189454,"path_taken":["M","$","?","M","M","R","?","?","T","M","M","R","?","M","R","BOSS","M","?","M","?","?","R","E"],"build_version":"2018-10-04v2","purchased_purges":1,"victory":false,"max_hp_per_floor":[75,75,75,75,75,75,75,75,75,75,75,75,75,75,75,75,75,75,80,80,80,40,40,40],"card_choices":[{"not_picked":["Barrage","Scrape","Recycle"],"picked":"SKIP","floor":1},{"not_picked":["Streamline","Melter","Reprogram"],"picked":"SKIP","floor":4},{"not_picked":["Ball Lightning","Double Energy"],"picked":"Glacier","floor":5},{"not_picked":["Skim+1","Barrage"],"picked":"Cold Snap","floor":10},{"not_picked":["Steam+1","Fission+1"],"picked":"White Noise+1","floor":11},{"not_picked":["Sweeping Beam","Hologram+1"],"picked":"Undo+1","floor":13},{"not_picked":["Streamline","Fusion+1"],"picked":"Conserve Battery+1","floor":14},{"not_picked":["Rainbow+1","Multi-Cast+1"],"picked":"Machine Learning","floor":16},{"not_picked":["Skim+1","Undo+1"],"picked":"Conserve Battery+1","floor":18},{"not_picked":["Sweeping Beam","Redo+1"],"picked":"Blizzard","floor":20}],"player_experience":425948,"relics_obtained":[{"floor":7,"key":"Lantern"},{"floor":9,"key":"Toxic Egg 2"}],"event_choices":[{"event_name":"Living Wall","player_choice":"Forget","floor":3,"damage_taken":0},{"event_name":"Forgotten Altar","player_choice":"Shed Blood","floor":19,"damage_taken":0},{"event_name":"Wheel of Change","player_choice":"Card Removal","floor":21,"damage_taken":0},{"event_name":"Ghosts","player_choice":"Became a Ghost","floor":22,"damage_taken":0}],"is_beta":false,"boss_relics":[{"not_picked":["Philosopher\u0027s Stone","FrozenCore"],"picked":"Coffee Dripper"}],"items_purged_floors":[2],"is_endless":false,"potions_floor_spawned":[1,5,10,16],"killed_by":"Gremlin Leader","ascension_level":12}