{"gold_per_floor":[115,115,65,65,140,140,157,157,157,175,175,207,19,29,29,132,132,151,168,187,112,132,132,58,78,78,78,109,124,124,124,124,221,221,241,258,258,258,271,271,281,0,0,13,13,25,35,48,48,48],"floor_reached":51,"playtime":2713,"items_purged":["Defend_B"],"score":988,"play_id":"31bc3cc1-b702-4da6-a2b2-31b54cbea484","local_time":"20181004000727","is_ascension_mode":true,"campfire_choices":[{"data":"Zap","floor":6,"key":"SMITH"},{"data":"Dualcast","floor":8,"key":"SMITH"},{"data":"FTL","floor":11,"key":"SMITH"},{"data":"Defragment","floor":15,"key":"SMITH"},{"floor":23,"key":"REST"},{"data":"Echo Form","floor":27,"key":"SMITH"},{"floor":30,"key":"DIG"},{"floor":32,"key":"DIG"},{"floor":40,"key":"DIG"},{"floor":45,"key":"DIG"},{"floor":49,"key":"REST"}],"neow_cost":"NONE","seed_source_timestamp":294949183965869,"circlet_count":0,"master_deck":["Strike_B","Defend_B","Zap+1","Dualcast+1","AscendersBane","FTL+1","BootSequence","Cold Snap","Coolheaded","Defragment+1","Undo","Echo Form+1","White Noise+1","Redo+1","Leap","Capacitor","Auto Shields","Defragment+1","Core Surge","Consume+1","Core Surge+1","Double Energy+1","Cold Snap+1","Cold Snap+1","Writhe","Seek","Capacitor"],"relics":["Cracked Core","Bag of Preparation","Mummified Hand","Dream Catcher","Blood Vial","Astrolabe","Mercury Hourglass","Shovel","Centennial Puzzle","Nilry\u0027s Codex","Molten Egg 2","Cursed Key","Vajra","Red Mask","Gremlin Horn","Bottled Tornado"],"potions_floor_usage":[12,16,28,41,50],"damage_taken":[{"damage":3,"enemies":"2 Louse","floor":1,"turns":4},{"damage":0,"enemies":"Small Slimes","floor":7,"turns":3},{"damage":0,"enemies":"Cultist","floor":10,"turns":3},{"damage":9,"enemies":"3 Sentries","floor":12,"turns":7},{"damage":0,"enemies":"2 Fungi Beasts","floor":14,"turns":3},{"damage":29,"enemies":"Slime Boss","floor":16,"turns":13},{"damage":10,"enemies":"3 Byrds","floor":18,"turns":4},{"damage":0,"enemies":"Shell Parasite","floor":19,"turns":4},{"damage":6,"enemies":"Chosen and Byrds","floor":20,"turns":5},{"damage":8,"enemies":"Shelled Parasite and Fungi","floor":22,"turns":7},{"damage":1,"enemies":"3 Cultists","floor":25,"turns":6},{"damage":1,"enemies":"Book of Stabbing","floor":28,"turns":6},{"damage":0,"enemies":"Snake Plant","floor":29,"turns":5},{"damage":11,"enemies":"Automaton","floor":33,"turns":8},{"damage":6,"enemies":"3 Darklings","floor":35,"turns":5},{"damage":9,"enemies":"Orb Walker","floor":36,"turns":4},{"damage":0,"enemies":"Reptomancer","floor":39,"turns":8},{"damage":4,"enemies":"Transient","floor":41,"turns":5},{"damage":24,"enemies":"Sphere and 2 Shapes","floor":44,"turns":4},{"damage":1,"enemies":"Spire Growth","floor":46,"turns":6},{"damage":14,"enemies":"4 Shapes","floor":47,"turns":4},{"damage":1,"enemies":"Reptomancer","floor":48,"turns":5},{"damage":36,"enemies":"Awakened One","floor":50,"turns":14}],"seed_played":"520146106825312840","potions_obtained":[{"floor":1,"key":"Block Potion"},{"floor":7,"key":"Block Potion"},{"floor":16,"key":"FearPotion"},{"floor":18,"key":"FearPotion"},{"floor":28,"key":"EssenceOfSteel"},{"floor":29,"key":"EssenceOfSteel"},{"floor":41,"key":"FairyPotion"},{"floor":44,"key":"FocusPotion"}],"is_trial":false,"path_per_floor":["M","?","?","$","?","R","M","R","T","M","R","E","$","M","R","B",null,"M","M","M","$","M","R","$","M","T","R","E","M","R","?","R","B",null,"M","M","?","?","M","R","M","?","T","M","R","M","M","M","R","B"],"character_chosen":"DEFECT","items_purchased":["Defragment","Blood Vial","Defragment"],"campfire_rested":2,"item_purchase_floors":[13,13,24],"current_hp_per_floor":[65,62,62,62,51,51,51,51,51,51,51,42,42,44,44,17,61,53,55,51,51,45,67,67,68,68,68,69,71,71,55,55,46,68,64,57,57,57,73,73,71,71,71,49,49,50,52,53,75,46],"gold":48,"neow_bonus":"REMOVE_CARD","is_prod":false,"is_daily":false,"chose_seed":false,"campfire_upgraded":5,"win_rate":0,"timestamp":1538582847,"path_taken":["M","?","?","$","?","R","M","R","T","M","R","E","$","M","R","BOSS","M","?","M","$","M","R","$","M","T","R","E","M","R","?","R","BOSS","M","?","?","?","?","R","M","?","T","M","R","M","M","M","R","BOSS"],"build_version":"2018-09-27","purchased_purges":1,"victory":true,"max_hp_per_floor":[75,75,75,75,75,75,75,75,75,75,75,75,75,75,75,75,75,75,75,75,75,75,75,75,75,75,75,75,75,75,75,75,75,75,75,75,75,75,75,75,75,75,75,75,75,75,75,75,75,75],"card_choices":[{"not_picked":["Gash","Coolheaded"],"picked":"FTL","floor":1},{"not_picked":["Coolheaded","Sweeping Beam"],"picked":"BootSequence","floor":7},{"not_picked":["Stack","Rebound"],"picked":"Cold Snap","floor":10},{"not_picked":["Melter","Barrage"],"picked":"Coolheaded","floor":12},{"not_picked":["Lockon","Go for the Eyes"],"picked":"Undo","floor":14},{"not_picked":["Creative AI","Amplify"],"picked":"Echo Form","floor":16},{"not_picked":["Rebound","Heatsinks"],"picked":"Leap","floor":18},{"not_picked":["Ball Lightning","FTL"],"picked":"Capacitor","floor":19},{"not_picked":["Go for the Eyes","Coolheaded"],"picked":"Auto Shields","floor":20},{"not_picked":["Hologram","Tempest","Hello World"],"picked":"SKIP","floor":22},{"not_picked":["Rebound","Beam Cell","Turbo"],"picked":"SKIP","floor":25},{"not_picked":["Sweeping Beam","Cold Snap"],"picked":"Core Surge","floor":28},{"not_picked":["Skim","Turbo+1"],"picked":"Consume+1","floor":29},{"not_picked":["Reboot","Hyperbeam+1"],"picked":"Core Surge+1","floor":33},{"not_picked":["Fusion+1","Rebound+1"],"picked":"Double Energy+1","floor":35},{"not_picked":["Compile Driver+1","Static Discharge","Recycle+1"],"picked":"SKIP","floor":36},{"not_picked":["Hologram","Rebound+1"],"picked":"Cold Snap+1","floor":39},{"not_picked":["Beam Cell+1","Sweeping Beam+1"],"picked":"Cold Snap+1","floor":41},{"not_picked":["Streamline+1","Beam Cell+1","Rebound+1"],"picked":"SKIP","floor":44},{"not_picked":["Fission","Leap","Turbo"],"picked":"SKIP","floor":46},{"not_picked":["Sunder+1","Hello World+1","Turbo"],"picked":"SKIP","floor":47},{"not_picked":["Leap","Rebound+1"],"picked":"Seek","floor":48},{"not_picked":["Genetic Algorithm+1","Melter+1"],"picked":"Capacitor","floor":49}],"player_experience":413316,"relics_obtained":[{"floor":9,"key":"Mummified Hand"},{"floor":12,"key":"Dream Catcher"},{"floor":26,"key":"Mercury Hourglass"},{"floor":28,"key":"Shovel"},{"floor":30,"key":"Centennial Puzzle"},{"floor":31,"key":"Nilry\u0027s Codex"},{"floor":32,"key":"Molten Egg 2"},{"floor":40,"key":"Vajra"},{"floor":43,"key":"Gremlin Horn"},{"floor":45,"key":"Bottled Tornado"}],"event_choices":[{"event_name":"Scrap Ooze","player_choice":"success","floor":2,"damage_taken":3},{"event_name":"The Cleric","player_choice":"Card Removal","floor":3,"damage_taken":0},{"event_name":"World of Goop","player_choice":"Gather Gold","floor":5,"damage_taken":0},{"event_name":"Cursed Tome","player_choice":"Obtained Book","floor":31,"damage_taken":0},{"event_name":"Falling","player_choice":"Removed Skill","floor":37,"damage_taken":0},{"event_name":"Accursed Blacksmith","player_choice":"Forge","floor":38,"damage_taken":0},{"event_name":"Tomb of Lord Red Mask","player_choice":"Paid","floor":42,"damage_taken":0}],"is_beta":false,"boss_relics":[{"not_picked":["Tiny House","Nuclear Battery"],"picked":"Astrolabe"},{"not_picked":["FrozenCore","Busted Crown"],"picked":"Cursed Key"}],"items_purged_floors":[21],"is_endless":false,"potions_floor_spawned":[1,7,16,18,25,28,29,41,44,46],"ascension_level":11}