{"gold_per_floor":[111,127,127,127,39,39,59,59,83,95,95,59,59,78,78,179,179,199,299,299,299,310,310,322,322,348,348,359,371,117,129,129,229,229,248,248,248,50,67,67,94,15,15,35,35,54,54,54,54,54],"floor_reached":50,"playtime":2470,"items_purged":["Injury"],"score":777,"play_id":"047b5aa0-b51f-497a-8e4c-2dfd5e4430dc","local_time":"20181002195341","is_ascension_mode":true,"campfire_choices":[{"floor":6,"key":"REST"},{"data":"Cloak And Dagger","floor":8,"key":"SMITH"},{"data":"Footwork","floor":13,"key":"SMITH"},{"data":"Flechettes","floor":15,"key":"SMITH"},{"floor":23,"key":"REST"},{"floor":25,"key":"REST"},{"floor":27,"key":"REST"},{"data":"Accuracy","floor":32,"key":"SMITH"},{"floor":40,"key":"REST"},{"floor":45,"key":"REST"},{"floor":47,"key":"REST"},{"floor":49,"key":"REST"}],"neow_cost":"PERCENT_DAMAGE","seed_source_timestamp":193574173066179,"circlet_count":0,"master_deck":["Defend_G+1","Defend_G+1","Defend_G+1","Defend_G+1","Strike_G+1","Strike_G+1","Strike_G+1","Neutralize+1","AscendersBane","Cloak And Dagger+1","Infinite Blades","Well Laid Plans","Cloak And Dagger+1","Flechettes+1","Footwork+1","Backstab","Tools of the Trade+1","Dodge and Roll+1","Terror+1","Backstab+1","Blade Dance+1","Dagger Spray","Apotheosis+1","Accuracy+1","Backstab+1","After Image+1","Envenom+1","Escape Plan+1","Accuracy","PiercingWail+1","After Image","Finisher+1","Infinite Blades","Escape Plan+1","Backflip+1","Footwork+1","Well Laid Plans"],"relics":["Ring of the Snake","Whetstone","Cursed Key","FossilizedHelix","Toxic Egg 2","Dream Catcher","Astrolabe","Tingsha","Sling","Lantern"],"potions_floor_usage":[19,19,24,33,41,41],"damage_taken":[{"damage":0,"enemies":"Small Slimes","floor":1,"turns":7},{"damage":0,"enemies":"2 Louse","floor":2,"turns":3},{"damage":1,"enemies":"Jaw Worm","floor":7,"turns":3},{"damage":0,"enemies":"Blue Slaver","floor":10,"turns":3},{"damage":0,"enemies":"3 Louse","floor":14,"turns":3},{"damage":4,"enemies":"Hexaghost","floor":16,"turns":10},{"damage":0,"enemies":"3 Byrds","floor":18,"turns":5},{"damage":18,"enemies":"Colosseum Slavers","floor":19,"turns":5},{"damage":44,"enemies":"Colosseum Nobs","floor":19,"turns":7},{"damage":0,"enemies":"Spheric Guardian","floor":22,"turns":4},{"damage":0,"enemies":"3 Cultists","floor":24,"turns":6},{"damage":0,"enemies":"Snecko","floor":28,"turns":4},{"damage":11,"enemies":"Sentry and Sphere","floor":29,"turns":6},{"damage":3,"enemies":"Shelled Parasite and Fungi","floor":31,"turns":5},{"damage":56,"enemies":"Champ","floor":33,"turns":10},{"damage":12,"enemies":"3 Darklings","floor":35,"turns":7},{"damage":4,"enemies":"Mind Bloom Boss Battle","floor":37,"turns":5},{"damage":0,"enemies":"3 Shapes","floor":39,"turns":5},{"damage":0,"enemies":"Giant Head","floor":41,"turns":7},{"damage":25,"enemies":"Spire Growth","floor":44,"turns":6},{"damage":34,"enemies":"Sphere and 2 Shapes","floor":46,"turns":4},{"damage":73,"enemies":"Time Eater","floor":50,"turns":8}],"seed_played":"8110671986101306939","potions_obtained":[{"floor":7,"key":"EssenceOfSteel"},{"floor":10,"key":"Block Potion"},{"floor":22,"key":"AttackPotion"},{"floor":31,"key":"SkillPotion"},{"floor":33,"key":"Block Potion"},{"floor":37,"key":"Explosive Potion"},{"floor":39,"key":"Strength Potion"}],"is_trial":false,"path_per_floor":["M","M","?","?","$","R","M","R","T","M","?","$","R","M","R","B",null,"M","?","?","?","M","R","M","R","T","R","M","M","$","M","R","B",null,"M","?","?","$","M","R","E","$","T","M","R","M","R","?","R"],"character_chosen":"THE_SILENT","items_purchased":["Well Laid Plans","Cloak And Dagger","Footwork","Apotheosis+1","Sling","Infinite Blades"],"campfire_rested":8,"item_purchase_floors":[5,5,12,30,38,42],"current_hp_per_floor":[45,45,31,31,31,52,51,51,51,51,56,56,56,56,56,52,69,69,7,7,7,7,29,29,51,51,73,73,62,62,59,59,3,57,45,45,41,41,41,63,63,63,63,38,60,26,48,48,70,0],"gold":54,"neow_bonus":"REMOVE_TWO","is_prod":false,"is_daily":false,"chose_seed":false,"campfire_upgraded":4,"win_rate":0,"timestamp":1538481221,"path_taken":["M","M","?","?","?","R","M","R","T","M","?","$","R","M","R","BOSS","M","?","?","?","?","R","M","R","T","R","M","M","?","M","R","BOSS","M","?","?","$","M","R","E","$","T","M","R","M","R","?","R","BOSS"],"build_version":"2018-09-27","purchased_purges":1,"victory":false,"max_hp_per_floor":[70,70,70,70,70,70,70,70,70,70,75,75,75,75,75,75,75,75,75,75,75,75,75,75,75,75,75,75,75,75,75,75,75,75,75,75,75,75,75,75,75,75,75,75,75,75,75,75,75,75],"card_choices":[{"not_picked":["Calculated Gamble","Deadly Poison"],"picked":"Cloak And Dagger","floor":1},{"not_picked":["Outmaneuver","Calculated Gamble"],"picked":"Infinite Blades","floor":2},{"not_picked":["Dagger Throw","Outmaneuver","Deflect"],"picked":"SKIP","floor":7},{"not_picked":["Deadly Poison","Prepared"],"picked":"Flechettes","floor":10},{"not_picked":["Tactician","Dagger Throw"],"picked":"Backstab","floor":14},{"not_picked":["Unload","Wraith Form v2"],"picked":"Tools of the Trade","floor":16},{"not_picked":["Catalyst","Flying Knee"],"picked":"Expertise+1","floor":18},{"not_picked":["Flying Knee","All Out Attack+1"],"picked":"Dodge and Roll","floor":19},{"not_picked":["Slice","Dodge and Roll+1"],"picked":"Terror+1","floor":22},{"not_picked":["Outmaneuver+1","Deadly Poison+1"],"picked":"Backstab+1","floor":24},{"not_picked":["Prepared+1","Calculated Gamble+1"],"picked":"Corpse Explosion+1","floor":27},{"not_picked":["Sucker Punch","Slice"],"picked":"Blade Dance+1","floor":28},{"not_picked":["Poisoned Stab","Eviscerate"],"picked":"Dagger Spray","floor":29},{"not_picked":["Endless Agony+1","Dagger Throw"],"picked":"Accuracy","floor":31},{"not_picked":["Prepared+1","Dagger Throw"],"picked":"Escape Plan+1","floor":35},{"not_picked":["Reflex+1","Backstab"],"picked":"Accuracy","floor":37},{"not_picked":["Underhanded Strike","Outmaneuver+1"],"picked":"PiercingWail+1","floor":39},{"not_picked":["Dagger Spray+1","Backstab+1"],"picked":"After Image","floor":40},{"not_picked":["Reflex+1","Poisoned Stab+1"],"picked":"Finisher+1","floor":41},{"not_picked":["Quick Slash+1","Dagger Throw"],"picked":"Escape Plan+1","floor":44},{"not_picked":["Endless Agony","Outmaneuver+1"],"picked":"Backflip+1","floor":46},{"not_picked":["Slice+1","Dagger Throw+1"],"picked":"Well Laid Plans","floor":49}],"player_experience":406122,"relics_obtained":[{"floor":9,"key":"Whetstone"},{"floor":19,"key":"FossilizedHelix"},{"floor":19,"key":"Toxic Egg 2"},{"floor":26,"key":"Dream Catcher"},{"floor":37,"key":"Tingsha"},{"floor":41,"key":"Lantern"}],"event_choices":[{"event_name":"Shining Light","player_choice":"Entered Light","floor":3,"damage_taken":0},{"event_name":"Living Wall","player_choice":"Forget","floor":4,"damage_taken":0},{"event_name":"Big Fish","player_choice":"Donut","floor":11,"damage_taken":0},{"event_name":"Colosseum","player_choice":"Fight","floor":19,"damage_taken":0},{"event_name":"Colosseum","player_choice":"Fought Nobs","floor":19,"damage_taken":0},{"event_name":"Back to Basics","player_choice":"Simplicity","floor":20,"damage_taken":0},{"event_name":"Accursed Blacksmith","player_choice":"Forge","floor":21,"damage_taken":0},{"event_name":"SecretPortal","player_choice":"Rejected Portal.","floor":36,"damage_taken":0},{"event_name":"MindBloom","player_choice":"Fight","floor":37,"damage_taken":0},{"event_name":"Duplicator","player_choice":"One dupe","floor":48,"damage_taken":0}],"is_beta":false,"boss_relics":[{"not_picked":["Eternal Feather","Empty Cage"],"picked":"Cursed Key"},{"not_picked":["Velvet Choker","Runic Dome"],"picked":"Astrolabe"}],"items_purged_floors":[30],"is_endless":false,"potions_floor_spawned":[7,10,16,18,22,31,33,37,39],"killed_by":"Time Eater","ascension_level":11}