{"gold_per_floor":[365,44,64,64,239,239,266,266,342,342,376,394,414,428,428,428],"floor_reached":16,"playtime":978,"items_purged":["Strike_R"],"score":138,"play_id":"5aee2feb-7dc5-4a17-80ef-3d8857625e72","local_time":"20190412194103","is_ascension_mode":true,"campfire_choices":[{"data":"Corruption","floor":6,"key":"SMITH"},{"floor":10,"key":"REST"},{"data":"Sentinel","floor":15,"key":"SMITH"}],"neow_cost":"TEN_PERCENT_HP_LOSS","seed_source_timestamp":2842988928480773,"circlet_count":0,"master_deck":["Strike_R","Strike_R","Strike_R","Strike_R","Defend_R","Defend_R","Defend_R","Defend_R","Bash","Corruption+1","Madness","Sentinel+1","Offering","Burning Pact"],"relics":["Burning Blood","Pen Nib","PreservedInsect","Meat on the Bone","Ginger"],"potions_floor_usage":[11,14],"damage_taken":[{"damage":6,"enemies":"2 Louse","floor":1,"turns":3},{"damage":3,"enemies":"Jaw Worm","floor":3,"turns":4},{"damage":57,"enemies":"Lagavulin","floor":7,"turns":10},{"damage":31,"enemies":"3 Sentries","floor":11,"turns":9},{"damage":4,"enemies":"Small Slimes","floor":12,"turns":3},{"damage":7,"enemies":"Looter","floor":13,"turns":3},{"damage":12,"enemies":"Exordium Thugs","floor":14,"turns":4},{"damage":61,"enemies":"Slime Boss","floor":16,"turns":9}],"seed_played":"2979889233190752000","potions_obtained":[{"floor":1,"key":"Dexterity Potion"},{"floor":7,"key":"GamblersBrew"},{"floor":12,"key":"Explosive Potion"}],"is_trial":false,"path_per_floor":["M","$","M","?","?","R","E","?","T","R","E","M","M","M","R","B"],"character_chosen":"IRONCLAD","items_purchased":["Madness","Pen Nib"],"campfire_rested":1,"item_purchase_floors":[2,2],"current_hp_per_floor":[72,72,72,77,77,77,26,19,19,42,29,43,54,48,48,0],"gold":428,"neow_bonus":"TWO_FIFTY_GOLD","is_prod":false,"is_daily":false,"chose_seed":false,"campfire_upgraded":2,"win_rate":0,"timestamp":1555090863,"path_taken":["M","$","M","?","?","R","E","?","T","R","E","M","?","M","R","BOSS"],"build_version":"2019-01-23","purchased_purges":1,"victory":false,"max_hp_per_floor":[72,72,72,77,77,77,77,77,77,77,77,77,77,77,77,77],"card_choices":[{"not_picked":["Wild Strike","Evolve"],"picked":"Corruption","floor":1},{"not_picked":["Twin Strike","Rage"],"picked":"Sentinel","floor":3},{"not_picked":["Sword Boomerang","Anger"],"picked":"Offering","floor":7},{"not_picked":["Iron Wave","Rage","Flex"],"picked":"SKIP","floor":11},{"not_picked":["Headbutt","Perfected Strike","Rampage"],"picked":"SKIP","floor":12},{"not_picked":["Heavy Blade","Evolve","Dropkick"],"picked":"SKIP","floor":13},{"not_picked":["Clash","Hemokinesis"],"picked":"Burning Pact","floor":14}],"player_experience":169584,"relics_obtained":[{"floor":7,"key":"PreservedInsect"},{"floor":9,"key":"Meat on the Bone"},{"floor":11,"key":"Ginger"}],"event_choices":[{"damage_healed":0,"gold_gain":0,"player_choice":"Donut","damage_taken":0,"max_hp_gain":5,"max_hp_loss":0,"event_name":"Big Fish","floor":4,"gold_loss":0},{"damage_healed":0,"gold_gain":175,"player_choice":"AGREE","damage_taken":0,"max_hp_gain":0,"max_hp_loss":0,"event_name":"Liars Game","floor":5,"gold_loss":0,"cards_obtained":["Doubt"]},{"cards_removed":["Doubt"],"damage_healed":0,"gold_gain":0,"player_choice":"Card Removal","damage_taken":7,"max_hp_gain":0,"max_hp_loss":0,"event_name":"Golden Wing","floor":8,"gold_loss":0}],"is_beta":false,"boss_relics":[],"items_purged_floors":[2],"is_endless":false,"potions_floor_spawned":[1,7,12],"killed_by":"Slime Boss","ascension_level":5}