{"gold_per_floor":[114,39,4,14,14,14,14,33,33,50,63,63,117,147,147,252,252,266,266,266,266,284,319,319,330,330,340,340,355,355,370,370,471,471,491,344,356,372,372,406,406,0,0,10,22,22,22,32,32,32],"floor_reached":51,"playtime":3073,"items_purged":["Injury","Defend_G"],"score":1152,"play_id":"cef58fc4-56b2-4093-ae26-541086c0c64b","local_time":"20181005204851","is_ascension_mode":true,"campfire_choices":[{"data":"Neutralize","floor":6,"key":"SMITH"},{"data":"Noxious Fumes","floor":12,"key":"SMITH"},{"data":"Venomology","floor":15,"key":"SMITH"},{"data":"Noxious Fumes","floor":24,"key":"SMITH"},{"data":"Leg Sweep","floor":28,"key":"SMITH"},{"data":"Catalyst","floor":30,"key":"SMITH"},{"floor":32,"key":"REST"},{"data":"Corpse Explosion","floor":41,"key":"SMITH"},{"floor":46,"key":"REST"},{"floor":49,"key":"REST"}],"neow_cost":"CURSE","seed_source_timestamp":455478439375418,"circlet_count":0,"master_deck":["Defend_G","Defend_G","Defend_G","Strike_G","Survivor","Neutralize+1","AscendersBane","PiercingWail","Venomology+1","Noxious Fumes+1","Well Laid Plans","Corpse Explosion","Bullet Time+1","Adrenaline+1","Wraith Form v2+1","Backflip","Noxious Fumes+1","Infinite Blades","Leg Sweep+1","Backflip","Noxious Fumes","Catalyst+1","Escape Plan","Corpse Explosion+1","Cloak And Dagger","Adrenaline","Backflip","Escape Plan","Dash","Leg Sweep","Predator"],"relics":["Ring of the Snake","Meat on the Bone","Bottled Flame","Potion Belt","Odd Mushroom","Astrolabe","Nilry\u0027s Codex","Prayer Wheel","Gremlin Horn","Empty Cage","Calipers","Mummified Hand","Red Mask","Paper Crane"],"potions_floor_usage":[8,10,11,16,16,16,18,23,27,29,31,33,33,35,35,37,37,37,37,38,40,40,44,48,50,50,50,50,50],"damage_taken":[{"damage":4,"enemies":"Small Slimes","floor":1,"turns":7},{"damage":0,"enemies":"2 Louse","floor":4,"turns":3},{"damage":0,"enemies":"Cultist","floor":8,"turns":4},{"damage":6,"enemies":"Blue Slaver","floor":10,"turns":5},{"damage":28,"enemies":"Exordium Thugs","floor":11,"turns":8},{"damage":24,"enemies":"The Mushroom Lair","floor":14,"turns":5},{"damage":25,"enemies":"Hexaghost","floor":16,"turns":13},{"damage":17,"enemies":"3 Byrds","floor":18,"turns":4},{"damage":29,"enemies":"Shell Parasite","floor":22,"turns":7},{"damage":19,"enemies":"Slavers","floor":23,"turns":4},{"damage":7,"enemies":"Centurion and Healer","floor":25,"turns":6},{"damage":4,"enemies":"Cultist and Chosen","floor":27,"turns":5},{"damage":10,"enemies":"Snecko","floor":29,"turns":6},{"damage":15,"enemies":"Shelled Parasite and Fungi","floor":31,"turns":6},{"damage":55,"enemies":"Collector","floor":33,"turns":7},{"damage":3,"enemies":"Orb Walker","floor":35,"turns":4},{"damage":8,"enemies":"3 Shapes","floor":37,"turns":4},{"damage":17,"enemies":"Spire Growth","floor":38,"turns":5},{"damage":0,"enemies":"Mind Bloom Boss Battle","floor":39,"turns":6},{"damage":0,"enemies":"Nemesis","floor":40,"turns":9},{"damage":55,"enemies":"3 Darklings","floor":44,"turns":4},{"damage":0,"enemies":"Sphere and 2 Shapes","floor":45,"turns":4},{"damage":5,"enemies":"Maw","floor":48,"turns":6},{"damage":52,"enemies":"Awakened One","floor":50,"turns":22}],"seed_played":"6740262787265710634","potions_obtained":[{"floor":1,"key":"SteroidPotion"},{"floor":4,"key":"Regen Potion"},{"floor":16,"key":"Regen Potion"},{"floor":23,"key":"SteroidPotion"},{"floor":31,"key":"SpeedPotion"},{"floor":33,"key":"EntropicBrew"},{"floor":37,"key":"PowerPotion"},{"floor":40,"key":"LiquidBronze"}],"is_trial":false,"path_per_floor":["M","$","?","M","$","R","?","M","T","M","M","R","T","?","R","B",null,"M","?","?","?","M","E","R","M","T","M","R","M","R","M","R","B",null,"M","$","M","M","?","E","R","?","T","M","M","R","$","M","R","B"],"character_chosen":"THE_SILENT","items_purchased":["Cloak And Dagger"],"campfire_rested":3,"item_purchase_floors":[36],"current_hp_per_floor":[73,73,84,84,84,84,81,81,81,75,59,59,59,47,47,34,72,67,67,84,68,51,44,44,49,49,45,45,47,47,44,69,26,70,67,67,59,54,54,54,54,54,54,20,32,57,57,52,77,37],"gold":32,"neow_bonus":"TWENTY_PERCENT_HP_BONUS","is_prod":false,"is_daily":false,"chose_seed":false,"campfire_upgraded":7,"win_rate":0,"timestamp":1538743731,"path_taken":["M","$","?","M","$","R","?","?","T","M","?","R","?","?","R","BOSS","M","?","?","?","?","E","R","M","T","?","R","M","R","M","R","BOSS","M","$","M","M","?","E","R","?","T","M","?","R","?","?","R","BOSS"],"build_version":"2018-10-04","purchased_purges":2,"victory":true,"max_hp_per_floor":[84,84,84,84,84,84,84,84,84,84,84,84,84,84,84,84,84,84,84,84,84,84,84,84,84,84,84,84,84,84,84,84,84,84,84,84,84,84,84,84,84,84,84,84,84,84,84,84,84,84],"card_choices":[{"not_picked":["Prepared","Acrobatics"],"picked":"PiercingWail","floor":1},{"not_picked":["Slice","Poisoned Stab"],"picked":"Venomology","floor":4},{"not_picked":["Dash","Masterful Stab"],"picked":"Noxious Fumes","floor":8},{"not_picked":["Deadly Poison","Reflex","Deflect"],"picked":"SKIP","floor":10},{"not_picked":["Underhanded Strike","Finisher","Concentrate"],"picked":"SKIP","floor":11},{"not_picked":["Dagger Throw","Accuracy"],"picked":"Well Laid Plans","floor":14},{"not_picked":["Unload","Die Die Die"],"picked":"Corpse Explosion","floor":16},{"not_picked":["Caltrops","Flying Knee"],"picked":"Backflip","floor":18},{"not_picked":["Bane","Eviscerate+1"],"picked":"Infinite Blades","floor":22},{"not_picked":["Eviscerate","Deflect","Distraction"],"picked":"SKIP","floor":23},{"not_picked":["Dodge and Roll","Flying Knee"],"picked":"Leg Sweep","floor":25},{"not_picked":["Bane","Deadly Poison"],"picked":"Backflip","floor":25},{"not_picked":["Outmaneuver","Endless Agony"],"picked":"Noxious Fumes","floor":27},{"not_picked":["Prepared","Bullet Time","Underhanded Strike"],"picked":"SKIP","floor":27},{"not_picked":["Choke","Quick Slash"],"picked":"Catalyst","floor":29},{"not_picked":["Flechettes","Terror"],"picked":"Escape Plan","floor":29},{"not_picked":["Blade Dance","Masterful Stab","Skewer"],"picked":"SKIP","floor":31},{"not_picked":["Dagger Spray","Eviscerate","Skewer"],"picked":"SKIP","floor":31},{"not_picked":["Envenom","Glass Knife"],"picked":"Corpse Explosion","floor":33},{"not_picked":["PiercingWail","Deflect+1","Calculated Gamble"],"picked":"SKIP","floor":35},{"not_picked":["Acrobatics","Sucker Punch","Dagger Spray+1"],"picked":"SKIP","floor":35},{"not_picked":["Blur","All Out Attack+1"],"picked":"Adrenaline","floor":37},{"not_picked":["Quick Slash+1","Cloak And Dagger","Deadly Poison"],"picked":"SKIP","floor":37},{"not_picked":["Dagger Spray","Tactician"],"picked":"Backflip","floor":38},{"not_picked":["Masterful Stab","Tactician","Blade Dance"],"picked":"SKIP","floor":38},{"not_picked":["Bane","Night Terror"],"picked":"Escape Plan","floor":40},{"not_picked":["Underhanded Strike","Outmaneuver"],"picked":"Dash","floor":44},{"not_picked":["Poisoned Stab+1","Prepared+1","Concentrate"],"picked":"SKIP","floor":44},{"not_picked":["Tactician","Dagger Throw","Accuracy"],"picked":"SKIP","floor":45},{"not_picked":["Concentrate+1","Heel Hook","Tactician"],"picked":"SKIP","floor":45},{"not_picked":["Quick Slash","Outmaneuver"],"picked":"Leg Sweep","floor":48},{"not_picked":["Flying Knee","Dagger Throw"],"picked":"Predator","floor":48}],"player_experience":420584,"relics_obtained":[{"floor":9,"key":"Bottled Flame"},{"floor":13,"key":"Potion Belt"},{"floor":14,"key":"Odd Mushroom"},{"floor":21,"key":"Nilry\u0027s Codex"},{"floor":23,"key":"Prayer Wheel"},{"floor":26,"key":"Gremlin Horn"},{"floor":39,"key":"Calipers"},{"floor":40,"key":"Mummified Hand"},{"floor":43,"key":"Paper Crane"}],"event_choices":[{"event_name":"The Cleric","player_choice":"Healed","floor":3,"damage_taken":0},{"event_name":"Scrap Ooze","player_choice":"success","floor":7,"damage_taken":3},{"event_name":"Mushrooms","player_choice":"Fought Mushrooms","floor":14,"damage_taken":0},{"event_name":"The Library","player_choice":"Read","floor":19,"damage_taken":0},{"event_name":"Wheel of Change","player_choice":"Full Heal","floor":20,"damage_taken":0},{"event_name":"Cursed Tome","player_choice":"Obtained Book","floor":21,"damage_taken":0},{"event_name":"MindBloom","player_choice":"Fight","floor":39,"damage_taken":0},{"event_name":"Tomb of Lord Red Mask","player_choice":"Paid","floor":42,"damage_taken":0}],"is_beta":false,"boss_relics":[{"not_picked":["Sozu","Philosopher\u0027s Stone"],"picked":"Astrolabe"},{"not_picked":["Calling Bell","Pandora\u0027s Box"],"picked":"Empty Cage"}],"items_purged_floors":[2,36],"is_endless":false,"potions_floor_spawned":[1,4,8,10,16,23,25,31,33,37,38,40],"ascension_level":12}