{"gold_per_floor":[116,132,132,132,57,57,85,85,85,85,85],"floor_reached":11,"playtime":325,"items_purged":["Strike_R"],"score":93,"play_id":"be0baa21-f2d8-4df4-9860-737f88802341","local_time":"20190109184823","is_ascension_mode":true,"campfire_choices":[{"data":"Pommel Strike","floor":6,"key":"SMITH"},{"floor":8,"key":"REST"},{"data":"Dual Wield","floor":10,"key":"SMITH"}],"neow_cost":"NONE","seed_source_timestamp":0,"circlet_count":0,"master_deck":["Strike_R","Strike_R","Strike_R+1","Strike_R+1","Defend_R","Defend_R","Defend_R","Defend_R","Bash","Dual Wield+1","Warcry","Pommel Strike+1"],"special_seed":0,"relics":["Burning Blood","FaceOfCleric","Bottled Flame","Blood Vial"],"potions_floor_usage":[],"damage_taken":[{"damage":8.0,"enemies":"2 Louse","floor":1.0,"turns":4.0},{"damage":6.0,"enemies":"Cultist","floor":2.0,"turns":5.0},{"damage":37,"enemies":"Gremlin Nob","floor":7,"turns":5},{"damage":54,"enemies":"Lagavulin","floor":11,"turns":8}],"seed_played":"-5068365057544635864","potions_obtained":[{"floor":2.0,"key":"GamblersBrew"}],"is_trial":false,"path_per_floor":["M","M","?","?","$","R","E","R","T","R","E"],"character_chosen":"IRONCLAD","items_purchased":[],"campfire_rested":1,"item_purchase_floors":[],"current_hp_per_floor":[70,70,54,54,54,54,24,48,48,48,0],"gold":85,"neow_bonus":"THREE_CARDS","is_prod":false,"is_daily":false,"chose_seed":false,"campfire_upgraded":2,"win_rate":0,"timestamp":1547056103,"path_taken":["M","M","?","?","$","R","E","R","T","R","E"],"build_version":"2019-01-03v4","purchased_purges":1,"victory":false,"max_hp_per_floor":[80,80,80,80,80,80,81,81,81,81,81],"card_choices":[{"not_picked":["Anger","Clash"],"picked":"Dual Wield","floor":0.0},{"not_picked":["Flex","Iron Wave"],"picked":"Warcry","floor":1.0},{"not_picked":["Clash","Ghostly Armor"],"picked":"Pommel Strike","floor":2.0},{"not_picked":["Bloodletting","Twin Strike","Second Wind"],"picked":"SKIP","floor":7}],"player_experience":501836,"relics_obtained":[{"floor":7,"key":"Bottled Flame"},{"floor":9,"key":"Blood Vial"}],"event_choices":[{"damage_healed":0.0,"max_hp_gain":0.0,"max_hp_loss":0.0,"gold_gain":0.0,"event_name":"Shining Light","player_choice":"Entered Light","floor":3.0,"gold_loss":0.0,"damage_taken":16.0,"cards_upgraded":["Strike_R","Strike_R"]},{"damage_healed":0,"gold_gain":0,"player_choice":"Trade","damage_taken":0,"relics_obtained":["FaceOfCleric"],"max_hp_gain":0,"max_hp_loss":0,"event_name":"FaceTrader","floor":4,"gold_loss":0}],"is_beta":false,"boss_relics":[],"items_purged_floors":[5],"is_endless":false,"potions_floor_spawned":[2],"killed_by":"Lagavulin","ascension_level":7}