{"gold_per_floor":[19,32,32,52,0,0,18,18,18,49,49,128,456,456,456,556,556,572,572,588,29,44,44,54,66,120,120],"floor_reached":27,"playtime":1084,"items_purged":["Regret"],"score":268,"play_id":"d03f3f72-bb35-4b57-8d41-080674c42d2d","local_time":"20190310175833","is_ascension_mode":true,"campfire_choices":[{"data":"Inflame","floor":6.0,"key":"SMITH"},{"data":"Sword Boomerang","floor":8.0,"key":"SMITH"},{"data":"Armaments","floor":15.0,"key":"SMITH"},{"floor":23.0,"key":"REST"}],"neow_cost":"NO_GOLD","seed_source_timestamp":617941323580211,"circlet_count":0,"master_deck":["Strike_R","Strike_R","Strike_R","Strike_R","Defend_R","Defend_R","Defend_R","Defend_R","Bash","Double Tap","Cleave","Inflame+1","Sword Boomerang+1","Cleave","Armaments+1","Demon Form","Pommel Strike+1","Shrug It Off","Power Through","Twin Strike","Iron Wave"],"special_seed":0,"relics":["Burning Blood","Letter Opener","Blue Candle","Juzu Bracelet","Pantograph","Old Coin","Regal Pillow","Mark of Pain","Paper Frog","Bottled Tornado","Orichalcum"],"potions_floor_usage":[27],"damage_taken":[{"damage":0.0,"enemies":"2 Louse","floor":1.0,"turns":2.0},{"damage":6.0,"enemies":"Cultist","floor":2.0,"turns":4.0},{"damage":3.0,"enemies":"Jaw Worm","floor":4.0,"turns":4.0},{"damage":5.0,"enemies":"Exordium Thugs","floor":7.0,"turns":4.0},{"damage":28.0,"enemies":"Gremlin Nob","floor":10.0,"turns":4.0},{"damage":35.0,"enemies":"3 Sentries","floor":13.0,"turns":4.0},{"damage":37.0,"enemies":"Hexaghost","floor":16.0,"turns":7.0},{"damage":46.0,"enemies":"Shell Parasite","floor":18.0,"turns":6.0},{"damage":5.0,"enemies":"3 Byrds","floor":20.0,"turns":4.0},{"damage":25.0,"enemies":"3 Cultists","floor":22.0,"turns":4.0},{"damage":18.0,"enemies":"Snake Plant","floor":24.0,"turns":4.0},{"damage":20,"enemies":"Centurion and Healer","floor":25,"turns":5},{"damage":37,"enemies":"Book of Stabbing","floor":27,"turns":5}],"seed_played":"-3571564684194011802","potions_obtained":[{"floor":1.0,"key":"SteroidPotion"},{"floor":4.0,"key":"GamblersBrew"},{"floor":7.0,"key":"Poison Potion"},{"floor":20.0,"key":"Dexterity Potion"}],"is_trial":false,"path_per_floor":["M","M","?","M","$","R","M","R","T","E","?","T","E","?","R","B",null,"M","?","M","$","M","R","M","M","T","E"],"character_chosen":"IRONCLAD","items_purchased":["Cleave","Paper Frog","Bottled Tornado"],"campfire_rested":1,"item_purchase_floors":[5,21,21],"current_hp_per_floor":[80,80,80,80,80,80,80,80,80,58,58,58,29,29,29,23,80,40,40,41,41,22,61,49,35,35,0],"gold":120,"neow_bonus":"THREE_RARE_CARDS","is_prod":false,"is_daily":false,"chose_seed":false,"campfire_upgraded":3,"win_rate":0,"timestamp":1552237113,"path_taken":["M","M","?","M","?","R","M","R","T","E","?","?","E","?","R","BOSS","M","?","M","$","M","R","M","M","T","E"],"build_version":"2019-01-23","purchased_purges":1,"victory":false,"max_hp_per_floor":[80,80,80,80,80,80,80,80,80,80,80,80,80,80,80,80,80,80,80,80,80,80,80,80,80,80,80],"card_choices":[{"not_picked":["Brutality","Juggernaut"],"picked":"Double Tap","floor":0.0},{"not_picked":["Sever Soul","Fire Breathing"],"picked":"Cleave","floor":1.0},{"not_picked":["Flame Barrier","Thunderclap"],"picked":"Inflame","floor":2.0},{"not_picked":["Headbutt","Thunderclap"],"picked":"Sword Boomerang","floor":4.0},{"not_picked":["Anger","Metallicize","Sentinel"],"picked":"SKIP","floor":7.0},{"not_picked":["Pommel Strike","Clash","Reckless Charge"],"picked":"SKIP","floor":10.0},{"not_picked":["Power Through","Pommel Strike"],"picked":"Armaments","floor":13.0},{"not_picked":["Limit Break","Bludgeon"],"picked":"Demon Form","floor":16.0},{"not_picked":["Perfected Strike","Combust+1"],"picked":"Pommel Strike+1","floor":18.0},{"not_picked":["Clash","Sword Boomerang","Warcry"],"picked":"SKIP","floor":20.0},{"not_picked":["Wild Strike+1","Heavy Blade"],"picked":"Power Through","floor":22.0},{"not_picked":["Dropkick","Battle Trance"],"picked":"Twin Strike","floor":24.0},{"not_picked":["Pommel Strike","Power Through"],"picked":"Iron Wave","floor":25}],"player_experience":253762,"relics_obtained":[{"floor":9.0,"key":"Blue Candle"},{"floor":10.0,"key":"Juzu Bracelet"},{"floor":12.0,"key":"Pantograph"},{"floor":13.0,"key":"Old Coin"},{"floor":26,"key":"Orichalcum"}],"event_choices":[{"damage_healed":0.0,"max_hp_gain":0.0,"max_hp_loss":0.0,"gold_gain":0.0,"event_name":"WeMeetAgain","player_choice":"Gave Potion","floor":3.0,"gold_loss":0.0,"damage_taken":0.0,"relics_obtained":["Letter Opener"]},{"cards_removed":["Strike_R"],"damage_healed":0.0,"max_hp_gain":0.0,"max_hp_loss":0.0,"gold_gain":0.0,"event_name":"Living Wall","player_choice":"Forget","floor":11.0,"gold_loss":0.0,"damage_taken":0.0},{"damage_healed":0.0,"max_hp_gain":0.0,"max_hp_loss":0.0,"gold_gain":0.0,"event_name":"Big Fish","player_choice":"Box","floor":14.0,"gold_loss":0.0,"damage_taken":0.0,"relics_obtained":["Regal Pillow"],"cards_obtained":["Regret"]},{"damage_healed":0.0,"max_hp_gain":0.0,"max_hp_loss":0.0,"gold_gain":0.0,"event_name":"The Library","player_choice":"Read","floor":19.0,"gold_loss":0.0,"damage_taken":0.0,"cards_obtained":["Shrug It Off"]}],"is_beta":false,"boss_relics":[{"not_picked":["Runic Dome","Pandora\u0027s Box"],"picked":"Mark of Pain"}],"items_purged_floors":[21],"is_endless":false,"potions_floor_spawned":[1,4,7,20],"killed_by":"Book of Stabbing","ascension_level":4}