{"gold_per_floor":[113,40,40,65,82,82,95,95,173,245,276,276,295,94,94,198,198,213,213,70,85,96,114,126,41,118,118,138,153,172,44,44,142,192,207,224,224,248,266,266,282,282,282,292,323,323,37,55,55,55],"floor_reached":51,"playtime":2304,"items_purged":["Strike_G"],"score":1097,"play_id":"bf40ffc6-82e0-4cf7-9f35-6e6cb33a2de9","local_time":"20180930161607","is_ascension_mode":true,"campfire_choices":[{"data":"Leg Sweep","floor":6.0,"key":"SMITH"},{"data":"Neutralize","floor":8.0,"key":"SMITH"},{"data":"Well Laid Plans","floor":15.0,"key":"SMITH"},{"floor":27.0,"key":"REST"},{"data":"Accuracy","floor":32.0,"key":"SMITH"},{"data":"After Image","floor":40.0,"key":"SMITH"},{"data":"Footwork","floor":42.0,"key":"SMITH"},{"data":"Cloak And Dagger","floor":46.0,"key":"SMITH"},{"data":"Accuracy","floor":49.0,"key":"SMITH"}],"neow_cost":"NONE","seed_source_timestamp":7811666495513,"circlet_count":0,"master_deck":["Defend_G","Defend_G","Defend_G","Defend_G","Defend_G","Strike_G","Strike_G","Strike_G","Survivor","Neutralize+1","AscendersBane","Leg Sweep+1","Well Laid Plans+1","Cloak And Dagger","Infinite Blades","Terror","Infinite Blades","After Image+1","Slice","Accuracy+1","Dash","Cloak And Dagger","PiercingWail","Blade Dance","Leg Sweep+1","Slice","Cloak And Dagger+1","Backflip+1","Cloak And Dagger+1","Predator","Footwork+1","Endless Agony+1","Footwork","Panache","Accuracy+1"],"special_seed":0,"relics":["Ring of the Snake","Art of War","Pantograph","Singing Bowl","Bird Faced Urn","Tiny Chest","WristBlade","Letter Opener","Ice Cream","Mummified Hand","Tiny House","Bronze Scales","Mango","Juzu Bracelet"],"potions_floor_usage":[50,50],"damage_taken":[{"damage":0.0,"enemies":"Cultist","floor":1.0,"turns":4.0},{"damage":4.0,"enemies":"2 Louse","floor":5.0,"turns":4.0},{"damage":0.0,"enemies":"Small Slimes","floor":7.0,"turns":4.0},{"damage":6.0,"enemies":"3 Sentries","floor":11.0,"turns":9.0},{"damage":0.0,"enemies":"Looter","floor":13.0,"turns":3.0},{"damage":23.0,"enemies":"Hexaghost","floor":16.0,"turns":12.0},{"damage":9.0,"enemies":"Chosen","floor":18.0,"turns":5.0},{"damage":8.0,"enemies":"Shell Parasite","floor":21.0,"turns":6.0},{"damage":29.0,"enemies":"3 Cultists","floor":22.0,"turns":6.0},{"damage":20.0,"enemies":"Centurion and Healer","floor":23.0,"turns":7.0},{"damage":23.0,"enemies":"Chosen and Byrds","floor":24.0,"turns":7.0},{"damage":6.0,"enemies":"Snake Plant","floor":28.0,"turns":3.0},{"damage":0.0,"enemies":"Shelled Parasite and Fungi","floor":29.0,"turns":5.0},{"damage":20.0,"enemies":"Chosen and Byrds","floor":30.0,"turns":7.0},{"damage":16.0,"enemies":"Champ","floor":33.0,"turns":11.0},{"damage":16.0,"enemies":"Orb Walker","floor":35.0,"turns":4.0},{"damage":4.0,"enemies":"3 Darklings","floor":36.0,"turns":6.0},{"damage":29.0,"enemies":"Spire Growth","floor":39.0,"turns":6.0},{"damage":7.0,"enemies":"Transient","floor":41.0,"turns":5.0},{"damage":10.0,"enemies":"Reptomancer","floor":44.0,"turns":6.0},{"damage":12.0,"enemies":"Giant Head","floor":45.0,"turns":8.0},{"damage":17.0,"enemies":"Maw","floor":48.0,"turns":7.0},{"damage":14,"enemies":"Donu and Deca","floor":50,"turns":9}],"seed_played":"-2242554871653234380","potions_obtained":[{"floor":1.0,"key":"Poison Potion"},{"floor":7.0,"key":"AttackPotion"},{"floor":21.0,"key":"GhostInAJar"},{"floor":22.0,"key":"GhostInAJar"},{"floor":23.0,"key":"LiquidBronze"},{"floor":34.0,"key":"Regen Potion"},{"floor":41.0,"key":"Strength Potion"}],"is_trial":false,"path_per_floor":["M","$","?","T","M","R","M","R","T","T","E","?","M","$","R","B",null,"M","T","$","M","M","M","M","?","T","R","M","M","M","$","R","B",null,"M","M","?","T","M","R","M","R","T","M","E","R","$","M","R","B"],"character_chosen":"THE_SILENT","items_purchased":["Well Laid Plans","Infinite Blades","Tiny Chest","Accuracy","Dash","Cloak And Dagger","Footwork","Panache"],"campfire_rested":1,"item_purchase_floors":[2,14,14,20,20,31,47,47],"current_hp_per_floor":[70,70,70,70,66,66,66,66,66,66,62,55,57,57,57,58,74,71,71,71,73,54,46,33,33,33,57,57,69,59,59,59,77,88,76,82,82,82,63,63,66,66,80,84,84,84,84,79,79,104],"gold":55,"neow_bonus":"TEN_PERCENT_HP_BONUS","is_prod":false,"is_daily":false,"chose_seed":false,"campfire_upgraded":8,"win_rate":0,"timestamp":1538295367,"path_taken":["M","?","?","?","M","R","?","R","T","?","E","?","?","$","R","BOSS","M","?","$","?","M","M","M","?","T","R","?","M","M","$","R","BOSS","M","M","?","?","M","R","M","R","T","M","E","R","$","M","R","BOSS"],"build_version":"2018-09-27","purchased_purges":1,"victory":true,"max_hp_per_floor":[77,77,77,77,77,77,77,77,77,77,79,79,79,79,79,79,79,79,79,79,79,79,81,81,81,81,81,81,83,83,83,83,85,90,92,92,92,92,92,92,92,92,106,108,108,108,108,108,108,108],"card_choices":[{"not_picked":["Eviscerate","Concentrate"],"picked":"Leg Sweep","floor":1.0},{"not_picked":["Quick Slash","Acrobatics"],"picked":"Cloak And Dagger","floor":5.0},{"not_picked":["Masterful Stab","Deadly Poison"],"picked":"Infinite Blades","floor":7.0},{"not_picked":["Skewer","Slice","Finisher"],"picked":"Singing Bowl","floor":11.0},{"not_picked":["Backflip","Deadly Poison"],"picked":"Terror","floor":13.0},{"not_picked":["Night Terror","Adrenaline"],"picked":"After Image","floor":16.0},{"not_picked":["Catalyst+1","Riddle With Holes"],"picked":"Slice","floor":18.0},{"not_picked":["Deflect+1","Well Laid Plans"],"picked":"Cloak And Dagger","floor":21.0},{"not_picked":["Skewer","Eviscerate"],"picked":"PiercingWail","floor":22.0},{"not_picked":["Riddle With Holes","Bane+1","Masterful Stab"],"picked":"Singing Bowl","floor":23.0},{"not_picked":["Sucker Punch+1","Quick Slash"],"picked":"Blade Dance","floor":24.0},{"not_picked":["Blade Dance+1","Masterful Stab+1"],"picked":"Leg Sweep","floor":28.0},{"not_picked":["Deflect+1","Dagger Spray","Acrobatics"],"picked":"Singing Bowl","floor":29.0},{"not_picked":["Eviscerate","Dagger Spray"],"picked":"Slice","floor":30.0},{"not_picked":["Wraith Form v2","Unload","Corpse Explosion"],"picked":"Singing Bowl","floor":33.0},{"not_picked":["Underhanded Strike","Blur"],"picked":"Backflip+1","floor":34.0},{"not_picked":["Heel Hook+1","Setup+1","Underhanded Strike"],"picked":"Singing Bowl","floor":35.0},{"not_picked":["Acrobatics+1","Deflect"],"picked":"Cloak And Dagger+1","floor":36.0},{"not_picked":["Crippling Poison","Underhanded Strike"],"picked":"Predator","floor":39.0},{"not_picked":["Outmaneuver","Flying Knee+1"],"picked":"Footwork","floor":41.0},{"not_picked":["Dodge and Roll","Deadly Poison","Prepared"],"picked":"Singing Bowl","floor":44.0},{"not_picked":["Outmaneuver","Grand Finale"],"picked":"Endless Agony+1","floor":45.0},{"not_picked":["Blade Dance+1","Underhanded Strike+1"],"picked":"Accuracy","floor":48.0}],"player_experience":396266,"relics_obtained":[{"floor":4.0,"key":"Art of War"},{"floor":9.0,"key":"Pantograph"},{"floor":10.0,"key":"Singing Bowl"},{"floor":11.0,"key":"Bird Faced Urn"},{"floor":19.0,"key":"Letter Opener"},{"floor":26.0,"key":"Mummified Hand"},{"floor":38.0,"key":"Bronze Scales"},{"floor":43.0,"key":"Mango"},{"floor":45.0,"key":"Juzu Bracelet"}],"event_choices":[{"event_name":"The Cleric","player_choice":"Leave","floor":3.0,"damage_taken":0.0},{"event_name":"Golden Wing","player_choice":"Card Removal","floor":12.0,"damage_taken":0.0},{"event_name":"Addict","player_choice":"Obtained Relic","floor":25.0,"damage_taken":0.0},{"event_name":"Transmorgrifier","player_choice":"Skipped","floor":37.0,"damage_taken":0.0}],"is_beta":false,"boss_relics":[{"not_picked":["Fusion Hammer","Ring of the Serpent"],"picked":"WristBlade"},{"not_picked":["Empty Cage","Coffee Dripper"],"picked":"Tiny House"}],"items_purged_floors":[31],"is_endless":false,"potions_floor_spawned":[1,7,21,22,23,28,41,45,48],"ascension_level":10}