{"gold_per_floor":[114,67,81,81,81,81,111,111,138,138,138,62,62,75,75,199,199,214,71,92,92,111,111,14,14,14,14,39,62,62,87,87,212,212,236,252,276,246,92,92,123,123,146,146,146,146],"floor_reached":46,"playtime":2075,"items_purged":["Strike_B","Defend_B"],"score":735,"play_id":"ba500542-466e-4c13-bd33-a3bcc393b675","local_time":"20181025024942","is_ascension_mode":true,"campfire_choices":[{"data":"Dualcast","floor":6.0,"key":"SMITH"},{"data":"Self Repair","floor":8.0,"key":"SMITH"},{"floor":11.0,"key":"REST"},{"data":"White Noise","floor":15.0,"key":"SMITH"},{"data":"Capacitor","floor":23.0,"key":"SMITH"},{"data":"Loop","floor":25.0,"key":"SMITH"},{"data":"Biased Cognition","floor":32.0,"key":"SMITH"},{"data":"Buffer","floor":40,"key":"SMITH"},{"floor":45,"key":"REST"}],"neow_cost":"NONE","seed_source_timestamp":10941891980300,"circlet_count":0,"master_deck":["Zap+1","Dualcast+1","AscendersBane","Coolheaded","Cold Snap","Self Repair+1","White Noise+1","Glacier","BootSequence+1","Loop+1","Capacitor+1","Bite","Bite","Bite","Bite","Bite","Conserve Battery","Biased Cognition+1","Go for the Eyes+1","Buffer+1","Compile Driver+1","Thunder Strike+1","Reboot+1","Chill","Capacitor","Cold Snap","Chill+1","Madness","Madness","Ball Lightning"],"special_seed":0,"relics":["Cracked Core","Bronze Scales","Art of War","Golden Idol","Mercury Hourglass","Velvet Choker","Gremlin Horn","Torii","Astrolabe","Singing Bowl","Pen Nib","Calipers"],"potions_floor_usage":[33,33,41],"damage_taken":[{"damage":6.0,"enemies":"Jaw Worm","floor":1.0,"turns":4.0},{"damage":0.0,"enemies":"Cultist","floor":3.0,"turns":3.0},{"damage":55.0,"enemies":"Gremlin Nob","floor":7.0,"turns":6.0},{"damage":5.0,"enemies":"Small Slimes","floor":14.0,"turns":3.0},{"damage":33.0,"enemies":"Slime Boss","floor":16.0,"turns":12.0},{"damage":5.0,"enemies":"Shell Parasite","floor":18.0,"turns":6.0},{"damage":0.0,"enemies":"3 Byrds","floor":20.0,"turns":3.0},{"damage":18.0,"enemies":"Snake Plant","floor":22.0,"turns":5.0},{"damage":2.0,"enemies":"Sentry and Sphere","floor":28.0,"turns":6.0},{"damage":1.0,"enemies":"Centurion and Healer","floor":29.0,"turns":7.0},{"damage":10.0,"enemies":"Shelled Parasite and Fungi","floor":31.0,"turns":7.0},{"damage":97,"enemies":"Automaton","floor":33,"turns":15},{"damage":0,"enemies":"Orb Walker","floor":35,"turns":4},{"damage":6,"enemies":"3 Shapes","floor":36,"turns":4},{"damage":15,"enemies":"Jaw Worm Horde","floor":37,"turns":4},{"damage":63,"enemies":"Nemesis","floor":41,"turns":11},{"damage":4,"enemies":"Mind Bloom Boss Battle","floor":44,"turns":9},{"damage":60,"enemies":"Writhing Mass","floor":46,"turns":3}],"seed_played":"-4416674338730448832","potions_obtained":[{"floor":1.0,"key":"Regen Potion"},{"floor":14.0,"key":"Ancient Potion"},{"floor":20.0,"key":"Strength Potion"},{"floor":31.0,"key":"Explosive Potion"},{"floor":33,"key":"AttackPotion"},{"floor":37,"key":"Strength Potion"},{"floor":38,"key":"Strength Potion"},{"floor":41,"key":"Ancient Potion"}],"is_trial":false,"path_per_floor":["M","$","M","?","?","R","E","R","T","?","R","$","T","M","R","B",null,"M","$","M","?","M","R","?","R","T","?","M","M","?","M","R","B",null,"M","M","M","?","$","R","E","?","T","?","R"],"character_chosen":"DEFECT","items_purchased":["Cold Snap","Glacier","Loop","Cold Snap"],"campfire_rested":2,"item_purchase_floors":[2,12,19,39],"current_hp_per_floor":[69,69,69,69,74,74,41,41,41,20,46,46,46,51,51,28,72,77,77,87,60,60,60,60,60,60,50,65,65,65,65,65,19,54,60,60,59,59,59,59,22,14,14,30,49,0],"gold":146,"neow_bonus":"TEN_PERCENT_HP_BONUS","is_prod":false,"is_daily":false,"chose_seed":false,"campfire_upgraded":7,"win_rate":0,"timestamp":1540406982,"path_taken":["M","$","M","?","?","R","E","R","T","?","R","?","?","M","R","BOSS","M","$","M","?","M","R","?","R","T","?","M","M","?","?","R","BOSS","M","M","M","?","$","R","E","?","T","?","R","M"],"build_version":"2018-10-18","purchased_purges":2,"victory":false,"max_hp_per_floor":[82,82,82,82,87,87,87,87,87,87,87,87,87,87,87,87,87,87,87,87,60,60,60,60,60,60,65,65,65,65,65,65,65,65,65,65,65,65,65,65,65,65,65,65,65,65],"card_choices":[{"not_picked":["Beam Cell","Tempest"],"picked":"Coolheaded","floor":1.0},{"not_picked":["Sweeping Beam","Reprogram"],"picked":"Self Repair","floor":3.0},{"not_picked":["Turbo","Steam"],"picked":"White Noise","floor":7.0},{"not_picked":["Tempest","Barrage","Heatsinks"],"picked":"SKIP","floor":14.0},{"not_picked":["Barrage","Leap"],"picked":"BootSequence+1","floor":18.0},{"not_picked":["Cold Snap","Heatsinks"],"picked":"Capacitor","floor":20.0},{"not_picked":["Leap","Beam Cell"],"picked":"Conserve Battery","floor":22.0},{"not_picked":["Gash","Heatsinks","Melter"],"picked":"SKIP","floor":28.0},{"not_picked":["Barrage","Rebound+1","Melter"],"picked":"SKIP","floor":29.0},{"not_picked":["Leap+1","Compile Driver"],"picked":"Go for the Eyes+1","floor":31.0},{"not_picked":["Hyperbeam","Amplify"],"picked":"Buffer","floor":33},{"not_picked":["Leap","Compile Driver","Sweeping Beam+1"],"picked":"SKIP","floor":35},{"not_picked":["Heatsinks","Turbo+1"],"picked":"Chill","floor":36},{"not_picked":["Leap","Rebound+1"],"picked":"Capacitor","floor":37},{"not_picked":["Ball Lightning","Go for the Eyes"],"picked":"Chill+1","floor":41},{"not_picked":["Streamline","Go for the Eyes+1"],"picked":"Ball Lightning","floor":44}],"player_experience":429087,"relics_obtained":[{"floor":7.0,"key":"Bronze Scales"},{"floor":9.0,"key":"Art of War"},{"floor":13.0,"key":"Mercury Hourglass"},{"floor":26.0,"key":"Torii"},{"floor":41,"key":"Singing Bowl"},{"floor":43,"key":"Pen Nib"},{"floor":44,"key":"Calipers"}],"event_choices":[{"damage_healed":0.0,"max_hp_gain":0.0,"max_hp_loss":0.0,"gold_gain":0.0,"event_name":"Accursed Blacksmith","player_choice":"Forge","floor":4.0,"gold_loss":0.0,"damage_taken":0.0,"cards_upgraded":["Zap"]},{"damage_healed":0.0,"max_hp_gain":5.0,"max_hp_loss":0.0,"gold_gain":0.0,"event_name":"Big Fish","player_choice":"Donut","floor":5.0,"gold_loss":0.0,"damage_taken":0.0},{"damage_healed":0.0,"max_hp_gain":0.0,"max_hp_loss":0.0,"gold_gain":0.0,"event_name":"Golden Idol","player_choice":"Take Damage","floor":10.0,"gold_loss":0.0,"damage_taken":21.0,"relics_obtained":["Golden Idol"]},{"damage_healed":0.0,"max_hp_gain":0.0,"max_hp_loss":27.0,"gold_gain":0.0,"event_name":"Vampires","player_choice":"Became a vampire","floor":21.0,"gold_loss":0.0,"damage_taken":0.0,"cards_obtained":["Bite","Bite","Bite","Bite","Bite"]},{"damage_healed":0.0,"max_hp_gain":0.0,"max_hp_loss":0.0,"gold_gain":0.0,"event_name":"WeMeetAgain","player_choice":"Paid Gold","floor":24.0,"gold_loss":97.0,"damage_taken":0.0,"relics_obtained":["Gremlin Horn"]},{"damage_healed":0.0,"max_hp_gain":5.0,"max_hp_loss":0.0,"gold_gain":0.0,"event_name":"Forgotten Altar","player_choice":"Shed Blood","floor":27.0,"gold_loss":0.0,"damage_taken":15.0},{"damage_healed":0.0,"max_hp_gain":0.0,"max_hp_loss":0.0,"gold_gain":0.0,"event_name":"The Library","player_choice":"Read","floor":30.0,"gold_loss":0.0,"damage_taken":0.0,"cards_obtained":["Biased Cognition"]},{"damage_healed":0,"gold_gain":0,"player_choice":"Bought 2 Potions","damage_taken":0,"max_hp_gain":0,"max_hp_loss":0,"event_name":"The Woman in Blue","floor":38,"gold_loss":0},{"damage_healed":0,"gold_gain":0,"player_choice":"Embrace Madness","damage_taken":8,"max_hp_gain":0,"max_hp_loss":0,"event_name":"Winding Halls","floor":42,"gold_loss":0,"cards_obtained":["Madness","Madness"]},{"damage_healed":0,"gold_gain":0,"player_choice":"Fight","damage_taken":0,"max_hp_gain":0,"max_hp_loss":0,"event_name":"MindBloom","floor":44,"gold_loss":0}],"is_beta":false,"boss_relics":[{"not_picked":["Cursed Key","Coffee Dripper"],"picked":"Velvet Choker"},{"not_picked":["Busted Crown","Pandora\u0027s Box"],"picked":"Astrolabe"}],"items_purged_floors":[19,39],"is_endless":false,"potions_floor_spawned":[1,14,20,31,33,37,41],"killed_by":"Writhing Mass","ascension_level":12}