{"gold_per_floor":[116,116,41,59,82,82,113,133,133,133,149,149,149,164,164,292,292,312,312,312,262,287,287,301,301,301,301,301],"floor_reached":28,"playtime":1834,"items_purged":["Strike_G"],"score":265,"play_id":"2ae0c0fd-5788-42c6-9381-1857bf6b6bc8","local_time":"20180724170528","is_ascension_mode":true,"campfire_choices":[{"data":"Neutralize","floor":6.0,"key":"SMITH"},{"floor":13.0,"key":"REST"},{"data":"Poisoned Stab","floor":15.0,"key":"SMITH"},{"data":"Noxious Fumes","floor":23,"key":"SMITH"},{"data":"Outmaneuver","floor":25,"key":"SMITH"},{"data":"Malaise","floor":27,"key":"SMITH"}],"neow_cost":"NONE","seed_source_timestamp":1141499297703155,"circlet_count":0,"master_deck":["Defend_G","Defend_G","Defend_G","Defend_G","Defend_G","Survivor","Neutralize+1","Poisoned Stab+1","Acrobatics","Deadly Poison","Malaise+1","Noxious Fumes+1","Heel Hook","Quick Slash","Bane","Bite","Bite","Bite","Bite","Bite","Deadly Poison+1","Outmaneuver+1"],"special_seed":0,"relics":["Ring of the Snake","Golden Idol","Boot","Darkstone Periapt","Omamori","Orrery","Pantograph","Prayer Wheel"],"potions_floor_usage":[16,16,24],"damage_taken":[{"damage":4.0,"enemies":"Jaw Worm","floor":1.0,"turns":5.0},{"damage":0.0,"enemies":"2 Louse","floor":4.0,"turns":3.0},{"damage":0.0,"enemies":"Cultist","floor":5.0,"turns":3.0},{"damage":15.0,"enemies":"Lagavulin","floor":7.0,"turns":7.0},{"damage":11.0,"enemies":"Large Slime","floor":8.0,"turns":6.0},{"damage":1.0,"enemies":"Exordium Wildlife","floor":11.0,"turns":4.0},{"damage":21.0,"enemies":"Lots of Slimes","floor":14.0,"turns":5.0},{"damage":21,"enemies":"Hexaghost","floor":16,"turns":8},{"damage":7,"enemies":"Chosen","floor":18,"turns":7},{"damage":16,"enemies":"Shell Parasite","floor":22,"turns":6},{"damage":17,"enemies":"Snecko","floor":24,"turns":6},{"damage":38,"enemies":"Slaver and Parasite","floor":28,"turns":3}],"seed_played":"-8735089600154995331","potions_obtained":[{"floor":4.0,"key":"FearPotion"},{"floor":11.0,"key":"GamblersBrew"},{"floor":14.0,"key":"Poison Potion"}],"is_trial":false,"path_per_floor":["M","?","$","M","M","R","E","M","T","?","M","T","R","M","R","B",null,"M","?","?","?","M","R","M","R","T","R"],"character_chosen":"THE_SILENT","items_purchased":[],"campfire_rested":1,"item_purchase_floors":[],"current_hp_per_floor":[66,49,49,49,49,49,34,23,23,46,45,45,66,45,45,24,70,63,49,49,49,43,43,32,32,32,32,0],"gold":301,"neow_bonus":"THREE_CARDS","is_prod":false,"is_daily":false,"chose_seed":false,"campfire_upgraded":5,"win_rate":0,"timestamp":1532444728,"path_taken":["M","?","$","?","M","R","E","M","T","?","M","?","R","M","R","BOSS","M","?","?","?","M","R","M","R","T","R","M"],"build_version":"2018-07-19v2","purchased_purges":1,"victory":false,"max_hp_per_floor":[70,70,70,70,70,70,70,70,70,70,70,70,70,70,70,70,70,70,49,49,49,49,49,49,49,49,49,49],"card_choices":[{"not_picked":["Blade Dance","Flying Knee"],"picked":"Poisoned Stab","floor":0.0},{"not_picked":["Caltrops","Quick Slash"],"picked":"Acrobatics","floor":1.0},{"not_picked":["Underhanded Strike","Flying Knee"],"picked":"Deadly Poison","floor":4.0},{"not_picked":["Riddle With Holes","Dagger Spray","Cloak And Dagger"],"picked":"SKIP","floor":5.0},{"not_picked":["All Out Attack","Sucker Punch","Skewer"],"picked":"SKIP","floor":7.0},{"not_picked":["Caltrops","Blade Dance","All Out Attack"],"picked":"SKIP","floor":8.0},{"not_picked":["Slice","Cloak And Dagger","Quick Slash"],"picked":"SKIP","floor":11.0},{"not_picked":["Sucker Punch","Night Terror","Setup"],"picked":"SKIP","floor":14.0},{"not_picked":["Doppelganger","Storm of Steel"],"picked":"Malaise","floor":16},{"not_picked":["Dagger Throw","Accuracy"],"picked":"Noxious Fumes","floor":17},{"not_picked":["Blade Dance","PiercingWail"],"picked":"Heel Hook","floor":17},{"not_picked":["Terror","Prepared"],"picked":"Quick Slash","floor":17},{"not_picked":["Quick Slash","Blade Dance"],"picked":"Bane","floor":18},{"not_picked":["Dagger Spray","Well Laid Plans"],"picked":"Deadly Poison+1","floor":22},{"not_picked":["Skewer","Terror+1"],"picked":"Outmaneuver","floor":24}],"player_experience":98571,"relics_obtained":[{"floor":7.0,"key":"Boot"},{"floor":9.0,"key":"Darkstone Periapt"},{"floor":12.0,"key":"Omamori"},{"floor":26,"key":"Prayer Wheel"}],"event_choices":[{"event_name":"Golden Idol","player_choice":"Take Damage","floor":2.0,"damage_taken":0.0},{"event_name":"Big Fish","player_choice":"Banana","floor":10.0,"damage_taken":0.0},{"event_name":"Vampires","player_choice":"Became a vampire","floor":19,"damage_taken":0},{"event_name":"Accursed Blacksmith","player_choice":"Rummage","floor":20,"damage_taken":0},{"event_name":"The Joust","player_choice":"Bet on Murderer","floor":21,"damage_taken":0}],"is_beta":false,"boss_relics":[{"not_picked":["Calling Bell","Runic Dome"],"picked":"Orrery"}],"items_purged_floors":[3],"is_endless":false,"potions_floor_spawned":[4,11,14],"killed_by":"Slaver and Parasite","ascension_level":2}