{"gold_per_floor":[110,110,31,45,40,40,90,106,106,121,121,171,237,310,310,382,382,399,16,66,82,96,96,115,115,141,191,220,282,2,17,17,94,94,105,174,18,94,144,176,176,202,248,263,24,125,125,140,140,140],"floor_reached":50,"playtime":2220,"items_purged":[],"score":1055,"play_id":"f20935b5-5452-4936-be29-dbfc517c0704","local_time":"20190501183019","is_ascension_mode":true,"campfire_choices":[{"data":"Deadly Poison","floor":6,"key":"SMITH"},{"data":"Footwork","floor":11,"key":"SMITH"},{"data":"Poisoned Stab","floor":15,"key":"SMITH"},{"floor":23,"key":"REST"},{"floor":25,"key":"REST"},{"floor":32,"key":"REST"},{"floor":41,"key":"REST"},{"floor":47,"key":"REST"},{"floor":49,"key":"REST"}],"neow_cost":"TEN_PERCENT_HP_LOSS","seed_source_timestamp":3820352325585184,"circlet_count":0,"master_deck":["AscendersBane","Defend_G","Defend_G","Defend_G","Defend_G","Defend_G","Strike_G","Strike_G","Strike_G","Strike_G","Strike_G","Survivor","Neutralize","Dagger Throw","Footwork+1","Deadly Poison+1","Cloak And Dagger","Poisoned Stab+1","Adrenaline","Footwork","Leg Sweep","Dagger Spray","Footwork","Cloak And Dagger","Footwork","Slice","Backflip","Deflect","Good Instincts","Quick Slash","Cloak And Dagger","Night Terror","Slice","Deflect","Footwork","PiercingWail","Dash","Backflip"],"relics":["Ring of the Serpent","Incense Burner","SsserpentHead","Sundial","Mercury Hourglass","Dream Catcher","Membership Card","Shuriken","Enchiridion","Bag of Preparation","MawBank","Kunai","Fusion Hammer","OrangePellets","PreservedInsect","Dodecahedron","Ancient Tea Set","Bronze Scales","Pen Nib","Du-Vu Doll","Vajra"],"potions_floor_usage":[16,16,24,31,35,36,40,44,50,50],"damage_taken":[{"damage":2,"enemies":"2 Louse","floor":1,"turns":3},{"damage":1,"enemies":"Cultist","floor":4,"turns":5},{"damage":0,"enemies":"Small Slimes","floor":8,"turns":5},{"damage":8,"enemies":"2 Fungi Beasts","floor":10,"turns":3},{"damage":0,"enemies":"Exordium Wildlife","floor":13,"turns":3},{"damage":1,"enemies":"Hexaghost","floor":16,"turns":9},{"damage":16,"enemies":"Spheric Guardian","floor":18,"turns":5},{"damage":0,"enemies":"3 Byrds","floor":21,"turns":6},{"damage":4,"enemies":"Cultist and Chosen","floor":22,"turns":8},{"damage":15,"enemies":"Snake Plant","floor":24,"turns":6},{"damage":6,"enemies":"Shelled Parasite and Fungi","floor":28,"turns":7},{"damage":1,"enemies":"3 Cultists","floor":31,"turns":6},{"damage":12,"enemies":"Automaton","floor":33,"turns":12},{"damage":3,"enemies":"3 Shapes","floor":35,"turns":5},{"damage":17,"enemies":"3 Darklings","floor":36,"turns":7},{"damage":23,"enemies":"Reptomancer","floor":40,"turns":7},{"damage":6,"enemies":"Nemesis","floor":42,"turns":7},{"damage":14,"enemies":"Sphere and 2 Shapes","floor":44,"turns":6},{"damage":8,"enemies":"Maw","floor":48,"turns":8},{"damage":60,"enemies":"Time Eater","floor":50,"turns":17}],"seed_played":"-6449087584708248348","potions_obtained":[{"floor":4,"key":"Swift Potion"},{"floor":13,"key":"SkillPotion"},{"floor":22,"key":"EssenceOfSteel"},{"floor":31,"key":"Weak Potion"},{"floor":33,"key":"GamblersBrew"},{"floor":35,"key":"AttackPotion"},{"floor":40,"key":"Swift Potion"}],"is_trial":false,"path_per_floor":["M","?","$","M","$","R","?","M","T","M","R","?","M","T","R","B",null,"M","$","?","M","M","R","M","R","T","?","M","?","$","M","R","B",null,"M","M","$","T","T","E","R","E","T","M","$","T","R","M","R","B"],"character_chosen":"THE_SILENT","items_purchased":["Footwork","PowerPotion","Membership Card","Footwork","Shuriken","Kunai","Slice","Backflip","Deflect","AttackPotion","Good Instincts","OrangePellets","Regen Potion","Du-Vu Doll","Footwork","PowerPotion","PiercingWail","Dash"],"campfire_rested":6,"item_purchase_floors":[3,5,19,19,19,30,30,30,30,30,30,37,37,45,45,45,45,45],"current_hp_per_floor":[57,57,57,56,56,56,61,61,61,53,53,42,42,42,42,41,59,43,43,22,22,18,37,22,41,41,41,35,35,35,34,53,41,59,56,39,39,39,39,31,50,44,44,30,30,30,49,41,60,0],"gold":140,"neow_bonus":"ONE_RARE_RELIC","is_prod":false,"is_daily":false,"chose_seed":false,"campfire_upgraded":3,"win_rate":0,"timestamp":1556731819,"path_taken":["M","?","$","M","?","R","?","M","T","M","R","?","?","?","R","BOSS","M","$","?","M","M","R","M","R","T","?","M","?","$","M","R","BOSS","M","?","$","?","?","E","R","E","T","M","?","?","R","M","R","BOSS"],"build_version":"2019-01-23","purchased_purges":0,"victory":false,"max_hp_per_floor":[60,60,60,60,60,60,65,65,65,65,65,65,65,65,65,65,65,65,65,65,65,65,65,65,65,65,65,65,65,65,65,65,65,65,65,65,65,65,65,65,65,65,65,65,65,65,65,65,65,65],"card_choices":[{"not_picked":["Prepared","Deflect"],"picked":"Dagger Throw","floor":1},{"not_picked":["Tactician","Quick Slash"],"picked":"Deadly Poison","floor":4},{"not_picked":["Endless Agony","Heel Hook"],"picked":"Cloak And Dagger","floor":8},{"not_picked":["Dagger Spray","Flechettes"],"picked":"Poisoned Stab","floor":10},{"not_picked":["Dagger Spray","Tactician","Concentrate"],"picked":"SKIP","floor":13},{"not_picked":["Venomology","Night Terror"],"picked":"Adrenaline","floor":16},{"not_picked":["Tactician","Masterful Stab+1","Underhanded Strike"],"picked":"SKIP","floor":18},{"not_picked":["Dodge and Roll","Setup"],"picked":"Leg Sweep","floor":21},{"not_picked":["Quick Slash","Deadly Poison"],"picked":"Dagger Spray","floor":22},{"not_picked":["Concentrate","Poisoned Stab"],"picked":"Footwork","floor":23},{"not_picked":["Choke","Calculated Gamble"],"picked":"Cloak And Dagger","floor":24},{"not_picked":["Deadly Poison","Blade Dance"],"picked":"Footwork","floor":28},{"not_picked":["Dagger Throw+1","Dagger Spray"],"picked":"Quick Slash","floor":31},{"not_picked":["Dagger Spray","Masterful Stab"],"picked":"Cloak And Dagger","floor":32},{"not_picked":["Venomology","Wraith Form v2"],"picked":"Night Terror","floor":33},{"not_picked":["All Out Attack","Quick Slash"],"picked":"Slice","floor":35},{"not_picked":["Sucker Punch","Caltrops+1","Calculated Gamble"],"picked":"SKIP","floor":36},{"not_picked":["Slice","Flying Knee"],"picked":"Deflect","floor":40},{"not_picked":["Terror","Dagger Spray","Accuracy"],"picked":"SKIP","floor":42},{"not_picked":["Riddle With Holes","Backstab","Choke"],"picked":"SKIP","floor":44},{"not_picked":["Dagger Throw","Corpse Explosion","Quick Slash"],"picked":"SKIP","floor":48},{"not_picked":["Poisoned Stab","Dagger Spray+1"],"picked":"Backflip","floor":49}],"player_experience":782208,"relics_obtained":[{"floor":9,"key":"Sundial"},{"floor":14,"key":"Dream Catcher"},{"floor":20,"key":"Enchiridion"},{"floor":26,"key":"Bag of Preparation"},{"floor":38,"key":"PreservedInsect"},{"floor":39,"key":"Dodecahedron"},{"floor":40,"key":"Ancient Tea Set"},{"floor":42,"key":"Bronze Scales"},{"floor":43,"key":"Pen Nib"},{"floor":46,"key":"Vajra"}],"event_choices":[{"damage_healed":0,"gold_gain":0,"player_choice":"Trade","damage_taken":0,"relics_obtained":["SsserpentHead"],"max_hp_gain":0,"max_hp_loss":0,"event_name":"FaceTrader","floor":2,"gold_loss":0},{"damage_healed":0,"gold_gain":0,"player_choice":"Donut","damage_taken":0,"max_hp_gain":5,"max_hp_loss":0,"event_name":"Big Fish","floor":7,"gold_loss":0},{"damage_healed":0,"gold_gain":0,"player_choice":"Success","damage_taken":11,"relics_obtained":["Mercury Hourglass"],"max_hp_gain":0,"max_hp_loss":0,"event_name":"Scrap Ooze","floor":12,"gold_loss":0},{"damage_healed":0,"gold_gain":0,"player_choice":"Obtained Book","damage_taken":21,"max_hp_gain":0,"max_hp_loss":0,"event_name":"Cursed Tome","floor":20,"gold_loss":0},{"damage_healed":0,"gold_gain":0,"player_choice":"Opened","damage_taken":0,"relics_obtained":["MawBank"],"max_hp_gain":0,"max_hp_loss":0,"event_name":"The Mausoleum","floor":27,"gold_loss":0,"cards_obtained":["Writhe"]},{"cards_removed":["Writhe"],"damage_healed":0,"gold_gain":0,"player_choice":"Purged","damage_taken":0,"max_hp_gain":0,"max_hp_loss":0,"event_name":"Purifier","floor":29,"gold_loss":0}],"is_beta":false,"boss_relics":[{"not_picked":["Cursed Key","Sozu"],"picked":"Ring of the Serpent"},{"not_picked":["Calling Bell","Astrolabe"],"picked":"Fusion Hammer"}],"items_purged_floors":[],"is_endless":false,"potions_floor_spawned":[4,8,13,22,31,33,35,40],"killed_by":"Time Eater","ascension_level":20}