{"gold_per_floor":[116,136,156,33,50,50,85,85,111,131,131,142,42,42,42,141,141,160,173,193,68,84,84,104,104,104,104,132,132,143,153,153,250,250,267,267,23,23,23],"floor_reached":39,"playtime":3985,"items_purged":["Strike_R","Defend_R","Strike_R"],"score":653,"play_id":"9bdfc1c0-4a69-4d8f-8412-4531b076588c","local_time":"20180704164841","is_ascension_mode":false,"campfire_choices":[{"data":"Body Slam","floor":6,"key":"SMITH"},{"data":"Carnage","floor":8,"key":"SMITH"},{"data":"Flex","floor":11,"key":"SMITH"},{"data":"Flex","floor":15,"key":"SMITH"},{"data":"Metallicize","floor":23,"key":"SMITH"},{"data":"Fire Breathing","floor":25,"key":"SMITH"},{"data":"Heavy Blade","floor":29,"key":"SMITH"},{"data":"Bash","floor":32,"key":"SMITH"}],"neow_cost":"NONE","seed_source_timestamp":312320119717835,"circlet_count":0,"master_deck":["Strike_R","Strike_R","Defend_R+1","Defend_R","Bash+1","Body Slam+1","Shrug It Off","Flex+1","Carnage+1","Metallicize+1","Flex+1","Reaper","Pommel Strike+1","Headbutt","Anger+1","Inflame+1","Heavy Blade+1","Armaments+1","Limit Break","Feel No Pain+1","Barricade+1","Burning Pact+1","Demon Form"],"relics":["Coffee Dripper","Vajra","Eternal Feather","Question Card","Nloth\u0027s Gift","Blood Vial","Astrolabe","Du-Vu Doll","Bottled Flame"],"potions_floor_usage":[16,28,33,33,39,39],"damage_taken":[{"damage":1,"enemies":"Jaw Worm","floor":1,"turns":3},{"damage":7,"enemies":"Small Slimes","floor":2,"turns":3},{"damage":1,"enemies":"Cultist","floor":3,"turns":4},{"damage":12,"enemies":"Large Slime","floor":5,"turns":7},{"damage":7,"enemies":"3 Sentries","floor":7,"turns":7},{"damage":0,"enemies":"Exordium Thugs","floor":10,"turns":5},{"damage":0,"enemies":"Looter","floor":12,"turns":1},{"damage":0,"enemies":"Slime Boss","floor":16,"turns":5},{"damage":0,"enemies":"Chosen","floor":18,"turns":6},{"damage":6,"enemies":"Shell Parasite","floor":19,"turns":4},{"damage":16,"enemies":"Centurion and Healer","floor":20,"turns":3},{"damage":19,"enemies":"Cultist and Chosen","floor":22,"turns":5},{"damage":3,"enemies":"3 Cultists","floor":24,"turns":5},{"damage":33,"enemies":"Gremlin Leader","floor":28,"turns":3},{"damage":0,"enemies":"Chosen and Byrds","floor":30,"turns":3},{"damage":0,"enemies":"Snecko","floor":31,"turns":4},{"damage":26,"enemies":"Automaton","floor":33,"turns":6},{"damage":28,"enemies":"3 Darklings","floor":35,"turns":5},{"damage":0,"floor":36,"turns":3},{"damage":100,"enemies":"Awakened One","floor":39,"turns":6}],"seed_played":"-2473588902863271923","potions_obtained":[{"floor":1,"key":"Explosive Potion"},{"floor":22,"key":"Fire Potion"},{"floor":24,"key":"Energy Potion"},{"floor":30,"key":"Strength Potion"},{"floor":31,"key":"Poison Potion"},{"floor":36,"key":"SteroidPotion"}],"is_trial":false,"path_per_floor":["M","M","M","$","M","R","E","R","T","M","R","M","$","?","R","B",null,"M","M","M","$","M","R","M","R","T","?","E","R","M","M","R","B",null,"M","?","$","?"],"character_chosen":"IRONCLAD","items_purchased":["Flex","Bottled Flame"],"campfire_rested":0,"item_purchase_floors":[4,37],"current_hp_per_floor":[79,72,71,71,59,59,52,52,52,52,52,52,52,36,36,36,80,80,74,68,68,60,66,77,80,80,80,47,55,69,71,79,54,80,80,80,80,80,0],"gold":23,"neow_bonus":"BOSS_RELIC","is_prod":false,"is_daily":false,"chose_seed":false,"campfire_upgraded":8,"win_rate":0.0,"timestamp":1530715721,"path_taken":["M","M","M","$","M","R","E","R","T","M","R","M","$","?","R","BOSS","M","M","M","$","M","R","M","R","T","?","E","R","?","M","R","BOSS","M","?","$","?","BOSS"],"build_version":"2018-06-28","purchased_purges":3,"victory":false,"max_hp_per_floor":[80,80,80,80,80,80,80,80,80,80,80,80,80,80,80,80,80,80,80,80,80,80,80,80,80,80,80,80,80,80,80,80,80,80,80,80,80,80,80],"card_choices":[{"not_picked":["Dropkick","Twin Strike"],"picked":"Body Slam","floor":1},{"not_picked":["Warcry","Feel No Pain","Thunderclap"],"picked":"SKIP","floor":2},{"not_picked":["Headbutt","Body Slam"],"picked":"Shrug It Off","floor":3},{"not_picked":["Pummel","True Grit"],"picked":"Fire Breathing","floor":5},{"not_picked":["Feel No Pain","Armaments"],"picked":"Carnage","floor":7},{"not_picked":["Dual Wield","Pommel Strike"],"picked":"Metallicize","floor":10},{"not_picked":["Sword Boomerang","Clash"],"picked":"Flex","floor":12},{"not_picked":["Brutality","Double Tap"],"picked":"Reaper","floor":16},{"not_picked":["Body Slam","Cleave"],"picked":"Pommel Strike+1","floor":18},{"not_picked":["Dropkick","Warcry"],"picked":"Headbutt","floor":19},{"not_picked":["Feel No Pain","Iron Wave","Corruption"],"picked":"SKIP","floor":20},{"not_picked":["Cleave","Clothesline"],"picked":"Anger+1","floor":22},{"not_picked":["Warcry","Clothesline"],"picked":"Inflame+1","floor":24},{"not_picked":["Warcry","Armaments","Brutality"],"picked":"Heavy Blade","floor":28},{"not_picked":["Whirlwind","Shrug It Off","Clash+1"],"picked":"Armaments+1","floor":30},{"not_picked":["True Grit","Pommel Strike","Thunderclap","Rage"],"picked":"SKIP","floor":31},{"not_picked":["Bludgeon","Double Tap","Berserk"],"picked":"Limit Break","floor":33},{"not_picked":["Fiend Fire","Fire Breathing","Twin Strike","Second Wind+1"],"picked":"SKIP","floor":35},{"not_picked":["Body Slam","Rupture+1","Iron Wave+1"],"picked":"Demon Form","floor":36}],"player_experience":30318,"relics_obtained":[{"floor":7,"key":"Pen Nib"},{"floor":9,"key":"Vajra"},{"floor":26,"key":"Question Card"},{"floor":28,"key":"Blood Vial"},{"floor":36,"key":"Du-Vu Doll"}],"event_choices":[{"event_name":"Shining Light","player_choice":"Entered Light","floor":14,"damage_taken":0},{"event_name":"N\u0027loth","player_choice":"Traded a Pen Nib","floor":27,"damage_taken":0},{"event_name":"MindBloom","player_choice":"Fight","floor":36,"damage_taken":0},{"event_name":"SecretPortal","player_choice":"Took Portal.","floor":38,"damage_taken":0}],"boss_relics":[{"not_picked":["Fusion Hammer","Lizard Tail"],"picked":"Eternal Feather"},{"not_picked":["Orrery","Runic Dome"],"picked":"Astrolabe"}],"items_purged_floors":[4,13,21],"is_endless":false,"potions_floor_spawned":[1,22,24,30,31,36],"killed_by":"Awakened One","ascension_level":0}