{"gold_per_floor":[112,131,131,206,356,356,2,2,2,2,14,14,49,68,68,143,143,155,173,10,10,10],"floor_reached":22,"playtime":467,"items_purged":[],"score":364,"play_id":"6f791b8e-c508-47eb-b9d7-01f29d0e8850","local_time":"20190501145823","is_ascension_mode":true,"campfire_choices":[{"data":"Perfected Strike","floor":6,"key":"SMITH"},{"data":"Evolve","floor":8,"key":"SMITH"},{"data":"Twin Strike","floor":12,"key":"SMITH"},{"data":"Wild Strike","floor":15,"key":"SMITH"}],"neow_cost":"NONE","seed_source_timestamp":3809390453379968,"circlet_count":0,"master_deck":["AscendersBane","Strike_R","Strike_R","Strike_R","Strike_R+1","Strike_R","Defend_R","Defend_R","Defend_R","Defend_R","Bash","Perfected Strike+1","Evolve+1","Twin Strike+1","Shrug It Off+1","Twin Strike+1","Wild Strike+1","Shrug It Off+1"],"relics":["Burning Blood","Vajra","Toxic Egg 2","PreservedInsect","Empty Cage","Whetstone","MutagenicStrength"],"potions_floor_usage":[1,13,14,16,18,22],"damage_taken":[{"damage":4,"enemies":"Small Slimes","floor":1,"turns":4},{"damage":2,"enemies":"2 Louse","floor":2,"turns":4},{"damage":1,"enemies":"Cultist","floor":11,"turns":3},{"damage":35,"enemies":"Lagavulin","floor":13,"turns":5},{"damage":1,"enemies":"3 Louse","floor":14,"turns":3},{"damage":25,"enemies":"Slime Boss","floor":16,"turns":6},{"damage":44,"enemies":"Shell Parasite","floor":18,"turns":5},{"damage":24,"enemies":"Chosen","floor":19,"turns":4},{"damage":13,"enemies":"Centurion and Healer","floor":22,"turns":3}],"seed_played":"-4213511535055124190","potions_obtained":[{"floor":0,"key":"LiquidBronze"},{"floor":0,"key":"LiquidBronze"},{"floor":2,"key":"AttackPotion"},{"floor":13,"key":"Poison Potion"},{"floor":16,"key":"EssenceOfSteel"},{"floor":19,"key":"Poison Potion"}],"is_trial":false,"path_per_floor":["M","M","?","?","?","R","$","R","T","$","M","R","E","M","R","B",null,"M","M","$","?","M"],"character_chosen":"IRONCLAD","items_purchased":["Evolve","Vajra","Twin Strike","PowerPotion","Whetstone"],"campfire_rested":0,"item_purchase_floors":[7,7,7,7,20],"current_hp_per_floor":[70,74,74,63,63,63,63,63,63,63,68,68,39,44,44,25,63,25,7,7,7,0],"gold":10,"neow_bonus":"THREE_SMALL_POTIONS","is_prod":false,"is_daily":false,"chose_seed":false,"campfire_upgraded":4,"win_rate":0,"timestamp":1556719103,"path_taken":["M","M","?","?","?","R","$","R","T","?","M","R","E","M","R","BOSS","M","M","$","?","M"],"build_version":"2019-01-23","purchased_purges":0,"victory":false,"max_hp_per_floor":[75,75,75,75,75,75,75,75,75,75,75,75,75,75,75,75,75,75,75,75,75,75],"card_choices":[{"not_picked":["Sword Boomerang","Power Through"],"picked":"Perfected Strike","floor":1},{"not_picked":["Metallicize","Iron Wave"],"picked":"Feel No Pain","floor":2},{"not_picked":["Flame Barrier+1","Burning Pact+1"],"picked":"Shrug It Off+1","floor":11},{"not_picked":["Searing Blow","Clothesline"],"picked":"Twin Strike","floor":13},{"not_picked":["Wild Strike","Clothesline","Thunderclap"],"picked":"SKIP","floor":14},{"not_picked":["Clothesline","Thunderclap"],"picked":"Wild Strike","floor":14},{"not_picked":["Headbutt","Clash","Sword Boomerang"],"picked":"SKIP","floor":18},{"not_picked":["Headbutt","Iron Wave"],"picked":"Shrug It Off+1","floor":19}],"player_experience":774492,"relics_obtained":[{"floor":9,"key":"Toxic Egg 2"},{"floor":13,"key":"PreservedInsect"}],"event_choices":[{"damage_healed":0,"gold_gain":0,"player_choice":"Leave","damage_taken":0,"max_hp_gain":0,"max_hp_loss":0,"event_name":"The Cleric","floor":3,"gold_loss":0},{"damage_healed":0,"gold_gain":75,"player_choice":"Gather Gold","damage_taken":11,"max_hp_gain":0,"max_hp_loss":0,"event_name":"World of Goop","floor":4,"gold_loss":0},{"damage_healed":0,"gold_gain":150,"player_choice":"AGREE","damage_taken":0,"max_hp_gain":0,"max_hp_loss":0,"event_name":"Liars Game","floor":5,"gold_loss":0,"cards_obtained":["Doubt"]},{"damage_healed":0,"gold_gain":0,"player_choice":"Inject Mutagens","damage_taken":0,"relics_obtained":["MutagenicStrength"],"max_hp_gain":0,"max_hp_loss":0,"event_name":"Drug Dealer","floor":21,"gold_loss":0}],"is_beta":false,"boss_relics":[{"not_picked":["Runic Dome","Pandora\u0027s Box"],"picked":"Empty Cage"}],"items_purged_floors":[],"is_endless":false,"potions_floor_spawned":[2,13,16,19],"killed_by":"Centurion and Healer","ascension_level":20}