{"gold_per_floor":[109,109,34,52,52,52,64,64,89,116,116,134,162,162,162,263,263,275,285,82,102,102,102,121,139,139,171,171,171,171,187,187,289,289,299,352,369,383,395,395,409,426,452,487,487,505,521,0,0,0],"floor_reached":51,"playtime":3298,"items_purged":["Regret","Strike_B"],"score":719,"play_id":"ce0c14f7-2fe7-4b3e-8e11-7e30f8c91a5b","local_time":"20190417153528","is_ascension_mode":true,"campfire_choices":[{"data":"Zap","floor":6,"key":"SMITH"},{"data":"Hologram","floor":8,"key":"SMITH"},{"data":"Dualcast","floor":15,"key":"SMITH"},{"data":"Zap","floor":23,"key":"SMITH"},{"data":"Ball Lightning","floor":28,"key":"SMITH"},{"data":"Chill","floor":30,"key":"SMITH"},{"data":"Melter","floor":32,"key":"SMITH"},{"floor":40,"key":"REST"},{"floor":45,"key":"REST"},{"floor":49,"key":"REST"}],"neow_cost":"CURSE","seed_source_timestamp":350425899714605,"circlet_count":0,"master_deck":["Strike_B+1","Strike_B","Strike_B","Defend_B","Defend_B","Defend_B","Defend_B","Zap+1","Dualcast+1","White Noise+1","Hologram+1","Hologram","Defragment+1","Melter+1","Chill+1","Seek","Self Repair","Storm+1","Zap+1","Ball Lightning+1","Defragment+1","Reboot","Amplify","Hologram+1","Conserve Battery+1","Capacitor+1"],"relics":["Cracked Core","Thread and Needle","Centennial Puzzle","The Courier","Boot","Dream Catcher","Sozu","Orichalcum","Mercury Hourglass","Letter Opener","Fusion Hammer","Anchor","Smiling Mask","Juzu Bracelet","Red Mask"],"potions_floor_usage":[27,50],"damage_taken":[{"damage":0,"enemies":"2 Louse","floor":1,"turns":2},{"damage":0,"enemies":"Cultist","floor":4,"turns":3},{"damage":0,"enemies":"Small Slimes","floor":7,"turns":3},{"damage":7,"enemies":"Lagavulin","floor":10,"turns":6},{"damage":0,"enemies":"Blue Slaver","floor":12,"turns":2},{"damage":4,"enemies":"Gremlin Nob","floor":13,"turns":3},{"damage":7,"enemies":"The Guardian","floor":16,"turns":8},{"damage":8,"enemies":"Chosen","floor":18,"turns":5},{"damage":1,"enemies":"Shell Parasite","floor":19,"turns":4},{"damage":5,"enemies":"Snecko","floor":21,"turns":5},{"damage":6,"enemies":"3 Cultists","floor":24,"turns":6},{"damage":22,"enemies":"Shelled Parasite and Fungi","floor":25,"turns":4},{"damage":13,"enemies":"Gremlin Leader","floor":27,"turns":5},{"damage":0,"enemies":"Centurion and Healer","floor":31,"turns":4},{"damage":31,"enemies":"Collector","floor":33,"turns":6},{"damage":9,"enemies":"3 Shapes","floor":35,"turns":3},{"damage":0,"enemies":"3 Darklings","floor":37,"turns":3},{"damage":31,"enemies":"Maw","floor":38,"turns":6},{"damage":0,"enemies":"Sphere and 2 Shapes","floor":39,"turns":4},{"damage":0,"enemies":"Jaw Worm Horde","floor":41,"turns":4},{"damage":0,"enemies":"Spire Growth","floor":42,"turns":4},{"damage":1,"enemies":"Nemesis","floor":44,"turns":3},{"damage":0,"enemies":"Sphere and 2 Shapes","floor":46,"turns":4},{"damage":0,"enemies":"4 Shapes","floor":47,"turns":4},{"damage":55,"enemies":"Donu and Deca","floor":50,"turns":8}],"seed_played":"3585466189326518957","potions_obtained":[{"floor":4,"key":"Dexterity Potion"},{"floor":12,"key":"Swift Potion"}],"is_trial":false,"path_per_floor":["M","?","$","M","?","R","M","R","T","E","?","M","E","?","R","B",null,"M","M","$","M","?","R","M","M","T","E","R","?","R","M","R","B",null,"M","T","M","M","M","R","M","M","T","E","R","M","M","?","R","B",null],"character_chosen":"DEFECT","items_purchased":["Orichalcum"],"campfire_rested":3,"item_purchase_floors":[20],"current_hp_per_floor":[75,75,75,75,75,75,75,75,75,68,53,53,49,42,42,35,75,67,66,66,68,68,68,69,54,54,48,48,48,48,55,55,31,75,73,73,75,51,58,75,75,75,75,75,75,75,75,75,75,34],"gold":0,"neow_bonus":"ONE_RARE_RELIC","is_prod":false,"is_daily":false,"chose_seed":false,"campfire_upgraded":7,"win_rate":0,"timestamp":1555508128,"path_taken":["M","?","$","?","?","R","M","R","T","E","?","?","E","?","R","BOSS","M","M","$","M","?","R","?","M","T","E","R","?","R","M","R","BOSS","M","?","?","M","M","R","M","M","T","E","R","M","M","?","R","BOSS"],"build_version":"2019-01-23","purchased_purges":2,"victory":true,"max_hp_per_floor":[75,75,75,75,75,75,75,75,75,75,75,75,75,75,75,75,75,75,75,75,75,75,75,75,75,75,75,75,75,75,75,75,75,75,75,75,75,75,75,75,75,75,75,75,75,75,75,75,75,75],"card_choices":[{"not_picked":["Chaos","Redo"],"picked":"White Noise","floor":1},{"not_picked":["Skim","Capacitor"],"picked":"Hologram","floor":4},{"not_picked":["Steam","Beam Cell"],"picked":"Hologram","floor":7},{"not_picked":["Turbo","Steam"],"picked":"Defragment","floor":10},{"not_picked":["Go for the Eyes","Hologram"],"picked":"Melter","floor":12},{"not_picked":["Turbo","Consume"],"picked":"Chill","floor":13},{"not_picked":["Meteor Strike","Hyperbeam"],"picked":"Seek","floor":16},{"not_picked":["Steam+1","Coolheaded"],"picked":"Self Repair","floor":18},{"not_picked":["Cold Snap","Steam Power"],"picked":"Storm+1","floor":19},{"not_picked":["Sweeping Beam","Recycle","Go for the Eyes"],"picked":"SKIP","floor":21},{"not_picked":["Gash","Capacitor"],"picked":"Ball Lightning","floor":24},{"not_picked":["Cold Snap","Leap","Gash"],"picked":"SKIP","floor":25},{"not_picked":["Go for the Eyes","Leap","Rip and Tear"],"picked":"SKIP","floor":27},{"not_picked":["Coolheaded","Ball Lightning"],"picked":"Reboot","floor":31},{"not_picked":["Machine Learning","Core Surge"],"picked":"Amplify","floor":33},{"not_picked":["Consume","Reprogram+1","Auto Shields"],"picked":"SKIP","floor":35},{"not_picked":["Go for the Eyes","Cold Snap+1","Turbo+1"],"picked":"SKIP","floor":37},{"not_picked":["Turbo","Gash"],"picked":"Hologram+1","floor":38},{"not_picked":["Doom and Gloom","Coolheaded+1","Static Discharge"],"picked":"SKIP","floor":39},{"not_picked":["Chaos","Leap","Doom and Gloom+1"],"picked":"SKIP","floor":41},{"not_picked":["Melter","Scrape","FTL+1"],"picked":"SKIP","floor":42},{"not_picked":["Compile Driver","Ball Lightning"],"picked":"Conserve Battery+1","floor":44},{"not_picked":["Ball Lightning+1","Storm","Force Field+1"],"picked":"SKIP","floor":46},{"not_picked":["Cold Snap","Stack","Redo+1"],"picked":"SKIP","floor":47},{"not_picked":["Barrage+1","Double Energy+1"],"picked":"Capacitor+1","floor":49}],"player_experience":181016,"relics_obtained":[{"floor":9,"key":"Centennial Puzzle"},{"floor":10,"key":"The Courier"},{"floor":13,"key":"Boot"},{"floor":26,"key":"Mercury Hourglass"},{"floor":27,"key":"Letter Opener"},{"floor":36,"key":"Anchor"},{"floor":43,"key":"Smiling Mask"},{"floor":44,"key":"Juzu Bracelet"}],"event_choices":[{"damage_healed":0,"gold_gain":0,"player_choice":"Upgraded","damage_taken":0,"max_hp_gain":0,"max_hp_loss":0,"event_name":"Upgrade Shrine","floor":2,"gold_loss":0,"cards_upgraded":["White Noise"]},{"damage_healed":0,"gold_gain":0,"player_choice":"Ignored","damage_taken":0,"max_hp_gain":0,"max_hp_loss":0,"event_name":"Liars Game","floor":5,"gold_loss":0},{"damage_healed":0,"gold_gain":0,"player_choice":"Entered Light","damage_taken":15,"max_hp_gain":0,"max_hp_loss":0,"event_name":"Shining Light","floor":11,"gold_loss":0,"cards_upgraded":["Defragment","Strike_B"]},{"damage_healed":0,"gold_gain":0,"player_choice":"Success","damage_taken":7,"relics_obtained":["Dream Catcher"],"max_hp_gain":0,"max_hp_loss":0,"event_name":"Scrap Ooze","floor":14,"gold_loss":0},{"damage_healed":0,"gold_gain":0,"player_choice":"1 cards matched","damage_taken":0,"max_hp_gain":0,"max_hp_loss":0,"event_name":"Match and Keep!","floor":22,"gold_loss":0,"cards_obtained":["Zap"]},{"damage_healed":0,"gold_gain":0,"player_choice":"Copied","damage_taken":0,"max_hp_gain":0,"max_hp_loss":0,"event_name":"Duplicator","floor":29,"gold_loss":0,"cards_obtained":["Defragment"]},{"damage_healed":0,"gold_gain":0,"player_choice":"Paid","damage_taken":0,"relics_obtained":["Red Mask"],"max_hp_gain":0,"max_hp_loss":0,"event_name":"Tomb of Lord Red Mask","floor":48,"gold_loss":521}],"is_beta":false,"boss_relics":[{"not_picked":["Empty Cage","Orrery"],"picked":"Sozu"},{"not_picked":["Runic Dome","Eternal Feather"],"picked":"Fusion Hammer"}],"items_purged_floors":[3,20],"is_endless":false,"potions_floor_spawned":[4,12,18,19,25,37,38,39,46,47],"ascension_level":1}