{"gold_per_floor":[110,110,124,135,135,135,147,147,174,202,10,10,10,10,10,10],"floor_reached":16,"playtime":468,"items_purged":[],"score":162,"play_id":"e72bf681-9f49-4170-91b5-928dc0577c3f","local_time":"20190221194501","is_ascension_mode":true,"campfire_choices":[{"data":"Bash","floor":6,"key":"SMITH"},{"data":"Shockwave","floor":8,"key":"SMITH"},{"floor":13,"key":"REST"},{"data":"Flame Barrier","floor":15,"key":"SMITH"}],"neow_cost":"NONE","seed_source_timestamp":459267797513809,"circlet_count":0,"master_deck":["AscendersBane","Strike_R","Strike_R","Strike_R","Strike_R","Defend_R","Defend_R","Defend_R","Defend_R","Bash+1","Clothesline+1","Metallicize+1","Shockwave","Shockwave+1","Flame Barrier+1"],"relics":["Burning Blood","Anchor","Juzu Bracelet","ClockworkSouvenir","Kunai"],"potions_floor_usage":[],"damage_taken":[{"damage":0,"enemies":"Cultist","floor":1,"turns":4},{"damage":2,"enemies":"Jaw Worm","floor":3,"turns":5},{"damage":0,"enemies":"2 Louse","floor":4,"turns":3},{"damage":0,"enemies":"Exordium Wildlife","floor":7,"turns":5},{"damage":17,"enemies":"Lagavulin","floor":10,"turns":6},{"damage":65,"enemies":"Hexaghost","floor":16,"turns":14}],"seed_played":"-5221048187352696026","potions_obtained":[{"floor":1,"key":"Poison Potion"},{"floor":4,"key":"Dexterity Potion"},{"floor":7,"key":"Ancient Potion"}],"is_trial":false,"path_per_floor":["M","?","M","M","?","R","M","R","T","E","$","?","R","$","R","B"],"character_chosen":"IRONCLAD","items_purchased":["ClockworkSouvenir"],"campfire_rested":1,"item_purchase_floors":[11],"current_hp_per_floor":[78,62,66,72,65,65,71,71,71,60,60,35,59,59,59,0],"gold":10,"neow_bonus":"THREE_CARDS","is_prod":false,"is_daily":false,"chose_seed":false,"campfire_upgraded":3,"win_rate":0,"timestamp":1550749501,"path_taken":["M","?","M","M","?","R","M","R","T","E","$","?","R","$","R","BOSS"],"build_version":"2019-01-23","purchased_purges":0,"victory":false,"max_hp_per_floor":[80,80,80,80,80,80,80,80,80,80,80,80,80,80,80,80],"card_choices":[{"not_picked":["Perfected Strike","Rupture"],"picked":"Clothesline","floor":0},{"not_picked":["Perfected Strike","Sever Soul"],"picked":"Metallicize","floor":1},{"not_picked":["Clothesline","Power Through"],"picked":"Shockwave","floor":3},{"not_picked":["Flex","Pummel","Twin Strike"],"picked":"SKIP","floor":4},{"not_picked":["Rage","Heavy Blade"],"picked":"Shockwave","floor":7},{"not_picked":["Corruption","Spot Weakness"],"picked":"Flame Barrier","floor":10}],"player_experience":438433,"relics_obtained":[{"floor":9,"key":"Anchor"},{"floor":10,"key":"Juzu Bracelet"}],"event_choices":[{"damage_healed":0,"gold_gain":0,"player_choice":"Entered Light","damage_taken":16,"max_hp_gain":0,"max_hp_loss":0,"event_name":"Shining Light","floor":2,"gold_loss":0,"cards_upgraded":["Metallicize","Clothesline"]},{"cards_removed":["Strike_R"],"damage_healed":0,"gold_gain":0,"player_choice":"Card Removal","damage_taken":7,"max_hp_gain":0,"max_hp_loss":0,"event_name":"Golden Wing","floor":5,"gold_loss":0},{"damage_healed":0,"gold_gain":0,"player_choice":"Success","damage_taken":25,"relics_obtained":["Kunai"],"max_hp_gain":0,"max_hp_loss":0,"event_name":"Scrap Ooze","floor":12,"gold_loss":0}],"is_beta":false,"boss_relics":[],"items_purged_floors":[],"is_endless":false,"potions_floor_spawned":[1,4,7],"killed_by":"Hexaghost","ascension_level":13}