{"gold_per_floor":[115,134,59,73,99,130,130,159,240,270,270,270,270,270],"floor_reached":14,"playtime":527,"items_purged":["Defend_R"],"score":106,"play_id":"57a8e9c7-8776-449d-ae3a-7c307b0c1f34","local_time":"20180901134110","is_ascension_mode":false,"campfire_choices":[{"data":"Shrug It Off","floor":7,"key":"SMITH"},{"data":"Bash","floor":13,"key":"SMITH"}],"neow_cost":"NONE","seed_source_timestamp":1770091639012578,"circlet_count":0,"master_deck":["Strike_R","Strike_R","Strike_R","Strike_R","Strike_R","Defend_R","Defend_R","Defend_R","Bash+1","True Grit","Shrug It Off+1","True Grit"],"relics":["Burning Blood","NeowsBlessing","Bronze Scales","Potion Belt","Art of War","Dodecahedron","Mummified Hand"],"potions_floor_usage":[6,10],"damage_taken":[{"damage":0,"enemies":"Cultist","floor":1,"turns":1},{"damage":0,"enemies":"Small Slimes","floor":2,"turns":1},{"damage":0,"enemies":"2 Louse","floor":4,"turns":2},{"damage":29,"enemies":"Lagavulin","floor":6,"turns":7},{"damage":28,"enemies":"Gremlin Nob","floor":8,"turns":5},{"damage":28,"enemies":"Lagavulin","floor":10,"turns":9}],"seed_played":"-6735203140336856898","potions_obtained":[{"floor":1,"key":"PowerPotion"},{"floor":4,"key":"SpeedPotion"},{"floor":12,"key":"SmokeBomb"},{"floor":12,"key":"Poison Potion"},{"floor":12,"key":"BloodPotion"}],"is_trial":false,"path_per_floor":["M","M","$","M","T","E","R","E","T","E","?","?","R"],"character_chosen":"IRONCLAD","items_purchased":[],"campfire_rested":0,"item_purchase_floors":[],"current_hp_per_floor":[80,80,80,80,80,57,57,35,35,13,13,13,13,0],"gold":270,"neow_bonus":"THREE_ENEMY_KILL","is_prod":false,"is_daily":false,"chose_seed":false,"campfire_upgraded":2,"win_rate":0.0,"timestamp":1535802070,"path_taken":["M","M","$","?","?","E","R","E","T","E","?","?","R","?"],"build_version":"2018-08-30","purchased_purges":1,"victory":false,"max_hp_per_floor":[80,80,80,80,80,80,80,80,80,80,80,80,80,80],"card_choices":[{"not_picked":["Wild Strike","Power Through"],"picked":"True Grit","floor":1},{"not_picked":["Rampage","Bloodletting"],"picked":"Shrug It Off","floor":2},{"not_picked":["Sword Boomerang","Evolve"],"picked":"True Grit","floor":4},{"not_picked":["Heavy Blade","Power Through","Perfected Strike"],"picked":"SKIP","floor":6},{"not_picked":["Dark Embrace","Thunderclap","Twin Strike"],"picked":"SKIP","floor":8},{"not_picked":["Cleave","True Grit","Sword Boomerang"],"picked":"SKIP","floor":10}],"player_experience":78056,"relics_obtained":[{"floor":5,"key":"Bronze Scales"},{"floor":6,"key":"Potion Belt"},{"floor":8,"key":"Art of War"},{"floor":9,"key":"Dodecahedron"},{"floor":10,"key":"Mummified Hand"}],"event_choices":[{"event_name":"Liars Game","player_choice":"disagreed","floor":11,"damage_taken":0},{"event_name":"The Lab","player_choice":"Got Potions","floor":12,"damage_taken":0}],"is_beta":false,"boss_relics":[],"items_purged_floors":[3],"is_endless":false,"potions_floor_spawned":[1,4],"ascension_level":0}