{"gold_per_floor":[109,128,4,20,20,50,50,84,84,84],"floor_reached":10,"playtime":298,"items_purged":[],"score":152,"play_id":"0e64d0e5-574c-47ea-a857-141391e272a5","local_time":"20190430231835","is_ascension_mode":true,"campfire_choices":[{"data":"Perfected Strike","floor":7,"key":"SMITH"}],"neow_cost":"NONE","seed_source_timestamp":3753167288711051,"circlet_count":0,"master_deck":["AscendersBane","Strike_R","Strike_R","Strike_R","Strike_R","Strike_R","Defend_R","Defend_R","Defend_R","Defend_R","Bash","Perfected Strike+1","Twin Strike","Twin Strike","Inflame","Body Slam+1","Double Tap","Iron Wave"],"relics":["Burning Blood","Potion Belt","Bottled Lightning","Happy Flower"],"potions_floor_usage":[6,8],"damage_taken":[{"damage":6,"enemies":"Cultist","floor":1,"turns":3},{"damage":8,"enemies":"2 Louse","floor":2,"turns":3},{"damage":3,"enemies":"Small Slimes","floor":4,"turns":2},{"damage":35,"enemies":"3 Sentries","floor":6,"turns":7},{"damage":35,"enemies":"Lagavulin","floor":8,"turns":4},{"damage":30,"enemies":"3 Sentries","floor":10,"turns":6}],"seed_played":"2008753275565872663","potions_obtained":[{"floor":0,"key":"Weak Potion"},{"floor":0,"key":"Regen Potion"},{"floor":2,"key":"Strength Potion"}],"is_trial":false,"path_per_floor":["M","M","$","M","?","E","R","E","T","E"],"character_chosen":"IRONCLAD","items_purchased":["Twin Strike","Inflame"],"campfire_rested":0,"item_purchase_floors":[3,3],"current_hp_per_floor":[68,66,66,69,69,55,55,26,26,0],"gold":84,"neow_bonus":"THREE_SMALL_POTIONS","is_prod":false,"is_daily":false,"chose_seed":false,"campfire_upgraded":1,"win_rate":0,"timestamp":1556662715,"path_taken":["M","M","$","M","?","E","R","E","T","E"],"build_version":"2019-01-23","purchased_purges":0,"victory":false,"max_hp_per_floor":[75,75,75,75,75,75,75,75,75,75],"card_choices":[{"not_picked":["Intimidate","Corruption"],"picked":"Perfected Strike","floor":1},{"not_picked":["Cleave","Wild Strike"],"picked":"Twin Strike","floor":2},{"not_picked":["Reckless Charge","Flex"],"picked":"Body Slam","floor":4},{"not_picked":["Cleave","Anger"],"picked":"Double Tap","floor":6},{"not_picked":["Warcry","Feel No Pain"],"picked":"Iron Wave","floor":8}],"player_experience":755425,"relics_obtained":[{"floor":6,"key":"Potion Belt"},{"floor":8,"key":"Bottled Lightning"},{"floor":9,"key":"Happy Flower"}],"event_choices":[{"damage_healed":0,"gold_gain":0,"player_choice":"Forge","damage_taken":0,"max_hp_gain":0,"max_hp_loss":0,"event_name":"Accursed Blacksmith","floor":5,"gold_loss":0,"cards_upgraded":["Body Slam"]}],"is_beta":false,"boss_relics":[],"items_purged_floors":[],"is_endless":false,"potions_floor_spawned":[2,4],"killed_by":"3 Sentries","ascension_level":20}