{"gold_per_floor":[19,19,19,19,33,33,59,71,71,71,21,21,52,62,62,162,162,180,180,192,117,117,117,148,63,144,144,154,154,154,166,166,270,270,287,303,651,384,404,404,416,443,466,466],"floor_reached":44,"playtime":3674,"items_purged":["Strike_G","Strike_G"],"score":616,"play_id":"6ba8b5af-ab9c-4d95-8115-8920f9323544","local_time":"20190214184639","is_ascension_mode":true,"campfire_choices":[{"data":"Distraction","floor":6.0,"key":"SMITH"},{"data":"1","floor":10.0,"key":"LIFT"},{"data":"2","floor":12.0,"key":"LIFT"},{"floor":15.0,"key":"REST"},{"data":"Doppelganger","floor":23.0,"key":"SMITH"},{"data":"3","floor":27.0,"key":"LIFT"},{"data":"Terror","floor":30.0,"key":"SMITH"},{"data":"Outmaneuver","floor":32.0,"key":"SMITH"},{"floor":40.0,"key":"REST"}],"neow_cost":"NO_GOLD","seed_source_timestamp":3574537942061,"circlet_count":0,"master_deck":["Defend_G","Defend_G","Defend_G","Defend_G","Strike_G","Survivor","Neutralize","A Thousand Cuts+1","Distraction+1","Blade Dance","PiercingWail","Doppelganger+1","Terror+1","Dodge and Roll","Blade Dance","Slice","Outmaneuver+1","Cloak And Dagger","Tools of the Trade","Infinite Blades","Footwork","Sucker Punch+1"],"special_seed":0,"relics":["Ring of the Snake","Girya","Peace Pipe","Orichalcum","Runic Pyramid","Juzu Bracelet","Omamori","Pantograph","WristBlade","Old Coin","Anchor","Regal Pillow"],"potions_floor_usage":[44],"damage_taken":[{"damage":0.0,"enemies":"2 Louse","floor":1.0,"turns":5.0},{"damage":1.0,"enemies":"Small Slimes","floor":5.0,"turns":3.0},{"damage":26.0,"enemies":"Lagavulin","floor":7.0,"turns":6.0},{"damage":0.0,"enemies":"Jaw Worm","floor":8.0,"turns":3.0},{"damage":38.0,"enemies":"Gremlin Nob","floor":13.0,"turns":4.0},{"damage":2.0,"enemies":"Looter","floor":14.0,"turns":4.0},{"damage":0.0,"enemies":"Slime Boss","floor":16.0,"turns":5.0},{"damage":4.0,"enemies":"3 Byrds","floor":18.0,"turns":3.0},{"damage":7.0,"enemies":"Shell Parasite","floor":20.0,"turns":3.0},{"damage":28.0,"enemies":"Slavers","floor":24.0,"turns":4.0},{"damage":7.0,"enemies":"Shelled Parasite and Fungi","floor":28.0,"turns":5.0},{"damage":0.0,"enemies":"3 Cultists","floor":31.0,"turns":3.0},{"damage":55.0,"enemies":"Collector","floor":33.0,"turns":9.0},{"damage":18.0,"enemies":"Orb Walker","floor":35.0,"turns":4.0},{"damage":17.0,"enemies":"3 Shapes","floor":36.0,"turns":7.0},{"damage":25.0,"enemies":"2 Orb Walkers","floor":37.0,"turns":3.0},{"damage":22.0,"enemies":"Transient","floor":39.0,"turns":5.0},{"damage":0.0,"enemies":"3 Darklings","floor":41.0,"turns":3.0},{"damage":33.0,"enemies":"Reptomancer","floor":42.0,"turns":6.0},{"damage":25,"enemies":"Giant Head","floor":44,"turns":6}],"seed_played":"4329575506035007090","potions_obtained":[{"floor":7.0,"key":"Fire Potion"},{"floor":14.0,"key":"FearPotion"},{"floor":16.0,"key":"Poison Potion"},{"floor":24.0,"key":"LiquidBronze"},{"floor":28.0,"key":"Regen Potion"},{"floor":33.0,"key":"Regen Potion"},{"floor":35.0,"key":"Weak Potion"},{"floor":39.0,"key":"Block Potion"},{"floor":42.0,"key":"EssenceOfSteel"}],"is_trial":false,"path_per_floor":["M","?","?","?","M","R","E","M","T","R","$","R","E","M","R","B",null,"M","?","M","$","?","R","E","?","T","R","M","?","R","M","R","B",null,"M","M","?","$","M","R","M","E","T","E"],"character_chosen":"THE_SILENT","items_purchased":["Dodge and Roll","Footwork","Fruit Juice"],"campfire_rested":2,"item_purchase_floors":[11,38,38],"current_hp_per_floor":[70,75,68,68,67,67,41,41,41,41,41,41,3,1,23,23,75,71,57,50,50,50,50,22,22,22,22,15,41,41,41,41,26,80,62,60,35,40,18,43,43,10,10,0],"gold":466,"neow_bonus":"TRANSFORM_TWO_CARDS","is_prod":false,"is_daily":false,"chose_seed":false,"campfire_upgraded":4,"win_rate":0,"timestamp":1550166399,"path_taken":["M","?","?","?","M","R","E","M","T","R","$","R","E","M","R","BOSS","M","?","M","$","?","R","E","?","T","R","M","?","R","M","R","BOSS","M","M","?","$","M","R","M","E","T","E"],"build_version":"2019-01-23","purchased_purges":2,"victory":false,"max_hp_per_floor":[70,75,75,75,75,75,75,75,75,75,75,75,75,75,75,75,75,75,80,80,80,80,80,80,80,80,80,80,80,80,80,80,80,80,80,80,80,85,85,85,85,85,85,85],"card_choices":[{"not_picked":["Underhanded Strike","Deadly Poison"],"picked":"Blade Dance","floor":1.0},{"not_picked":["Caltrops","Dagger Throw"],"picked":"PiercingWail","floor":5.0},{"not_picked":["Escape Plan","Well Laid Plans"],"picked":"Doppelganger","floor":7.0},{"not_picked":["Flying Knee","Dodge and Roll"],"picked":"Terror","floor":8.0},{"not_picked":["Prepared","Poisoned Stab"],"picked":"Blade Dance","floor":13.0},{"not_picked":["Dodge and Roll","Prepared"],"picked":"Slice","floor":14.0},{"not_picked":["Prepared+1","Blade Dance"],"picked":"Outmaneuver","floor":18.0},{"not_picked":["PiercingWail+1","Sucker Punch","Prepared+1"],"picked":"SKIP","floor":20.0},{"not_picked":["Heel Hook","Setup+1"],"picked":"Cloak And Dagger","floor":24.0},{"not_picked":["Dagger Spray","Dagger Throw+1","Cloak And Dagger"],"picked":"SKIP","floor":28.0},{"not_picked":["Die Die Die","Noxious Fumes","Expertise"],"picked":"SKIP","floor":31.0},{"not_picked":["Night Terror","Glass Knife"],"picked":"Tools of the Trade","floor":33.0},{"not_picked":["Bouncing Flask","All Out Attack+1","Flying Knee+1"],"picked":"SKIP","floor":35.0},{"not_picked":["Prepared+1","Backflip+1","Riddle With Holes+1"],"picked":"SKIP","floor":36.0},{"not_picked":["Quick Slash","Dodge and Roll+1"],"picked":"Infinite Blades","floor":37.0},{"not_picked":["Acrobatics","All Out Attack+1","Dagger Throw"],"picked":"SKIP","floor":39.0},{"not_picked":["Bane+1","Caltrops+1"],"picked":"Sucker Punch+1","floor":41.0},{"not_picked":["Dodge and Roll","Dagger Throw+1","Sucker Punch"],"picked":"SKIP","floor":42.0}],"player_experience":144620,"relics_obtained":[{"floor":7.0,"key":"Girya"},{"floor":9.0,"key":"Peace Pipe"},{"floor":13.0,"key":"Orichalcum"},{"floor":24.0,"key":"Juzu Bracelet"},{"floor":26.0,"key":"Pantograph"},{"floor":37.0,"key":"Old Coin"},{"floor":42.0,"key":"Anchor"},{"floor":43.0,"key":"Regal Pillow"}],"event_choices":[{"damage_healed":0.0,"max_hp_gain":5.0,"max_hp_loss":0.0,"gold_gain":0.0,"event_name":"Big Fish","player_choice":"Donut","floor":2.0,"gold_loss":0.0,"damage_taken":0.0},{"cards_removed":["Strike_G"],"damage_healed":0.0,"max_hp_gain":0.0,"max_hp_loss":0.0,"gold_gain":0.0,"event_name":"Golden Wing","player_choice":"Card Removal","floor":3.0,"gold_loss":0.0,"damage_taken":7.0},{"damage_healed":0.0,"max_hp_gain":0.0,"max_hp_loss":0.0,"gold_gain":0.0,"event_name":"Living Wall","player_choice":"Grow","floor":4.0,"gold_loss":0.0,"damage_taken":0.0,"cards_upgraded":["A Thousand Cuts"]},{"damage_healed":0.0,"max_hp_gain":5.0,"max_hp_loss":0.0,"gold_gain":0.0,"event_name":"Forgotten Altar","player_choice":"Shed Blood","floor":19.0,"gold_loss":0.0,"damage_taken":19.0},{"damage_healed":0.0,"max_hp_gain":0.0,"max_hp_loss":0.0,"gold_gain":0.0,"event_name":"Ghosts","player_choice":"Ignored","floor":22.0,"gold_loss":0.0,"damage_taken":0.0},{"damage_healed":0.0,"max_hp_gain":0.0,"max_hp_loss":0.0,"gold_gain":0.0,"event_name":"Addict","player_choice":"Obtained Relic","floor":25.0,"gold_loss":85.0,"damage_taken":0.0,"relics_obtained":["Omamori"]},{"damage_healed":26.0,"max_hp_gain":0.0,"max_hp_loss":0.0,"gold_gain":0.0,"event_name":"The Library","player_choice":"Heal","floor":29.0,"gold_loss":0.0,"damage_taken":0.0},{"damage_healed":0.0,"max_hp_gain":0.0,"max_hp_loss":0.0,"gold_gain":0.0,"event_name":"Mysterious Sphere","player_choice":"Fight","floor":37.0,"gold_loss":0.0,"damage_taken":0.0}],"is_beta":false,"boss_relics":[{"not_picked":["Empty Cage","HoveringKite"],"picked":"Runic Pyramid"},{"not_picked":["Velvet Choker","Snecko Eye"],"picked":"WristBlade"}],"items_purged_floors":[21,38],"is_endless":false,"potions_floor_spawned":[7,14,16,24,28,33,35,39,42],"killed_by":"Giant Head","ascension_level":3}