{"gold_per_floor":[119,119,129,143,162,187,187,201,201,41,60,60,84,113,125,137],"floor_reached":16,"playtime":907,"items_purged":["Strike_R"],"score":130,"play_id":"b40743c6-238a-457f-bc1c-cf7582c5347e","local_time":"20190408192539","is_ascension_mode":true,"campfire_choices":[{"data":"Fire Breathing","floor":7,"key":"SMITH"},{"floor":15,"key":"REST"}],"neow_cost":"NONE","seed_source_timestamp":2496529868143019,"circlet_count":0,"master_deck":["Strike_R","Strike_R","Defend_R","Defend_R","Defend_R","Bash","Fire Breathing+1","Body Slam","Twin Strike","Swift Strike","Reckless Charge"],"relics":["Burning Blood","Anchor","Champion Belt","MawBank"],"potions_floor_usage":[6,16],"damage_taken":[{"damage":6,"enemies":"Small Slimes","floor":1,"turns":5},{"damage":1,"enemies":"Cultist","floor":3,"turns":4},{"damage":14,"enemies":"Jaw Worm","floor":4,"turns":4},{"damage":31,"enemies":"Exordium Thugs","floor":5,"turns":6},{"damage":31,"enemies":"Lagavulin","floor":6,"turns":7},{"damage":6,"enemies":"3 Louse","floor":8,"turns":4},{"damage":4,"enemies":"Exordium Wildlife","floor":11,"turns":5},{"damage":7,"enemies":"Exordium Thugs","floor":14,"turns":4},{"damage":40,"enemies":"Slime Boss","floor":16,"turns":8}],"seed_played":"-4252606926962350806","potions_obtained":[{"floor":4,"key":"SkillPotion"},{"floor":8,"key":"Strength Potion"},{"floor":11,"key":"SkillPotion"}],"is_trial":false,"path_per_floor":["M","?","M","M","M","E","R","M","T","$","M","?","T","M","R","B"],"character_chosen":"IRONCLAD","items_purchased":["Swift Strike"],"campfire_rested":1,"item_purchase_floors":[10],"current_hp_per_floor":[80,80,80,72,47,22,22,22,22,22,24,17,17,16,40,0],"gold":137,"neow_bonus":"TRANSFORM_CARD","is_prod":false,"is_daily":false,"chose_seed":false,"campfire_upgraded":1,"win_rate":0,"timestamp":1554744339,"path_taken":["M","?","M","M","M","E","R","M","T","?","?","?","?","M","R","BOSS"],"build_version":"2019-01-23","purchased_purges":1,"victory":false,"max_hp_per_floor":[80,80,80,80,80,80,80,80,80,80,80,80,80,80,80,80],"card_choices":[{"not_picked":["Havoc","Corruption","Sword Boomerang"],"picked":"SKIP","floor":1},{"not_picked":["Whirlwind","Disarm"],"picked":"Body Slam","floor":3},{"not_picked":["Clothesline","Rage","Sword Boomerang"],"picked":"SKIP","floor":4},{"not_picked":["Clothesline","Clash"],"picked":"Twin Strike","floor":5},{"not_picked":["Twin Strike","Sentinel","Havoc"],"picked":"SKIP","floor":6},{"not_picked":["Combust","Flame Barrier","Intimidate"],"picked":"SKIP","floor":8},{"not_picked":["True Grit","Sever Soul","Exhume"],"picked":"SKIP","floor":11},{"not_picked":["Thunderclap","Rupture"],"picked":"Reckless Charge","floor":14}],"player_experience":157777,"relics_obtained":[{"floor":6,"key":"Anchor"},{"floor":9,"key":"Champion Belt"},{"floor":13,"key":"MawBank"}],"event_choices":[{"cards_removed":["Defend_R"],"damage_healed":0,"gold_gain":0,"player_choice":"Offered Basic","damage_taken":0,"max_hp_gain":0,"max_hp_loss":0,"event_name":"Bonfire Elementals","floor":2,"gold_loss":0},{"cards_removed":["Strike_R"],"damage_healed":0,"gold_gain":0,"player_choice":"Card Removal","damage_taken":7,"max_hp_gain":0,"max_hp_loss":0,"event_name":"Golden Wing","floor":12,"gold_loss":0}],"is_beta":false,"boss_relics":[],"items_purged_floors":[10],"is_endless":false,"potions_floor_spawned":[4,8,11],"killed_by":"Slime Boss","ascension_level":5}