{"gold_per_floor":[573,54,172,292,409,409,61,61,179,298,298],"floor_reached":11,"playtime":2216,"items_purged":["Strike_R"],"score":565,"play_id":"8737f1ab-cbdd-4a23-bbe4-b2cd4170e19b","local_time":"20190427223232","daily_mods":["CTS - Bronze Difficulty","CTS - Boss Rush","Uncertain Future"],"is_ascension_mode":false,"campfire_choices":[{"floor":8,"key":"REST"}],"neow_cost":"","seed_source_timestamp":0,"circlet_count":0,"master_deck":["Strike_R","Strike_R","Strike_R","Strike_R","Defend_R","Defend_R","Defend_R","Defend_R","Bash","Evolve+1","ReplayTheSpireMod:LeadingStrike+1","Clothesline+1","Poisoned Strike+1","Shockwave+1","jedi:forcepush+1","Inflame+1","Inflame+1","Combust+1","Blood for Blood+1","ReplayTheSpireMod:Limb From Limb+1","Metallicize+1","strawberrySpire:JustAWound+1","strawberrySpire:FireDrill+1","ReplayTheSpireMod:Stacked+1","Brutality+1","Shrug It Off+1","Iron Wave+1"],"special_seed":0,"relics":["Burning Blood","The Courier","Molten Egg 2","Toxic Egg 2","Frozen Egg 2","Red Skull","ReplayTheSpireMod:Lightbulb","Question Card","Lantern","ReplayFunnel","Fusion Hammer","jedi:gremlinknob","Regal Pillow"],"potions_floor_usage":[5,10,11],"damage_taken":[{"damage":36.0,"enemies":"Hexaghost","floor":3.0,"turns":6.0},{"damage":11.0,"enemies":"The Guardian","floor":4.0,"turns":7.0},{"damage":0,"enemies":"Slime Boss","floor":5,"turns":5},{"damage":47,"enemies":"Collector","floor":9,"turns":7},{"damage":27,"enemies":"Automaton","floor":10,"turns":6},{"damage":13,"enemies":"Champ","floor":11,"turns":6}],"seed_played":"5234885534936844083","potions_obtained":[{"floor":3.0,"key":"Adrenaline Potion"},{"floor":5,"key":"PowerPotion"},{"floor":10,"key":"Poison Potion"}],"is_trial":true,"path_per_floor":["$","$","M","M","M","T","$","R","M","M","M"],"character_chosen":"IRONCLAD","items_purchased":["Red Skull","Evolve+1","ReplayTheSpireMod:LeadingStrike+1","Clothesline+1","Poisoned Strike+1","ReplayTheSpireMod:Lightbulb","Shockwave+1","jedi:forcepush+1","Inflame+1","Inflame+1","Combust+1","Blood for Blood+1","strawberrySpire:JustAWound+1","strawberrySpire:FireDrill+1","ReplayTheSpireMod:Stacked+1","Brutality+1"],"campfire_rested":1,"item_purchase_floors":[1,1,1,1,1,2,2,2,2,2,2,2,7,7,7,7],"current_hp_per_floor":[80,80,50,45,51,51,51,75,34,13,0],"gold":298,"neow_bonus":"","is_prod":false,"is_daily":false,"chose_seed":false,"campfire_upgraded":0,"win_rate":0,"timestamp":1556397152,"path_taken":["$","$","M","M","M","T","$","R","M","M","M"],"build_version":"2019-01-23","purchased_purges":1,"victory":false,"max_hp_per_floor":[80,80,80,80,80,80,80,80,80,80,80],"card_choices":[{"not_picked":["Run Through+1","Whirlwind+1"],"picked":"ReplayTheSpireMod:Limb From Limb+1","floor":3.0},{"not_picked":["Pommel Strike+1","strawberrySpire:CrashLanding+1","Shrug It Off+1"],"picked":"Metallicize+1","floor":4.0},{"not_picked":["Run Through+1","Havoc+1","Clash+1","Clothesline+1"],"picked":"SKIP","floor":5},{"not_picked":["Twin Strike+1","ReplayTheSpireMod:Strike From Hell+1","Feel No Pain+1"],"picked":"Shrug It Off+1","floor":9},{"not_picked":["strawberrySpire:Aggression+1","strawberrySpire:FireDrill+1","Clothesline+1"],"picked":"Iron Wave+1","floor":10}],"player_experience":441653,"relics_obtained":[{"floor":3.0,"key":"Question Card"},{"floor":4.0,"key":"Lantern"},{"floor":5,"key":"ReplayFunnel"},{"floor":9,"key":"jedi:gremlinknob"},{"floor":10,"key":"Regal Pillow"}],"event_choices":[],"is_beta":false,"boss_relics":[{"not_picked":["aspiration:PoetsPen_weak","halation:MonkeysPaw"],"picked":"Fusion Hammer"}],"items_purged_floors":[7],"is_endless":false,"potions_floor_spawned":[3,5,10],"killed_by":"Champ","ascension_level":0}