{"gold_per_floor":[119,133,145,145,145,185,185,251,276,299,330,330,369,369,369,494,494,507,507,167,182,107,145,170,170,220,240,284,284,284,71,71,71],"floor_reached":33,"playtime":9759,"items_purged":["Strike_R","Strike_R"],"score":454,"play_id":"43ea6534-85d4-48dd-8039-991bdff6ab0f","local_time":"20190426001104","is_ascension_mode":true,"campfire_choices":[{"data":"Bash","floor":7.0,"key":"SMITH"},{"data":"Carnage","floor":12.0,"key":"SMITH"},{"data":"Intimidate","floor":15.0,"key":"SMITH"},{"floor":25,"key":"REST"},{"data":"Magnetism","floor":30,"key":"SMITH"},{"data":"Havoc","floor":32,"key":"SMITH"}],"neow_cost":"NONE","seed_source_timestamp":1080145907743833,"circlet_count":0,"master_deck":["Strike_R","Defend_R+1","Defend_R","Defend_R","Defend_R+1","Bash+1","Wild Strike","Warcry","Headbutt","Carnage+1","Iron Wave","Ghostly Armor","Intimidate+1","Bludgeon","Anger","Magnetism+1","Metallicize","Double Tap","Fire Breathing+1","Havoc+1","Metallicize","Spot Weakness","Feel No Pain"],"special_seed":0,"relics":["Burning Blood","Regal Pillow","Golden Idol","PreservedInsect","Tiny Chest","War Paint","Dodecahedron","Ginger","Runic Pyramid","Magic Flower","Pantograph","Potion Belt","Anchor"],"potions_floor_usage":[],"damage_taken":[{"damage":7.0,"enemies":"Small Slimes","floor":1.0,"turns":4.0},{"damage":2.0,"enemies":"Jaw Worm","floor":2.0,"turns":3.0},{"damage":2.0,"enemies":"2 Louse","floor":3.0,"turns":2.0},{"damage":24.0,"enemies":"Gremlin Nob","floor":6.0,"turns":4.0},{"damage":30.0,"enemies":"3 Sentries","floor":8.0,"turns":7.0},{"damage":5.0,"enemies":"Blue Slaver","floor":10.0,"turns":3.0},{"damage":0.0,"enemies":"Gremlin Nob","floor":11.0,"turns":2.0},{"damage":9.0,"enemies":"3 Sentries","floor":13.0,"turns":5.0},{"damage":40.0,"enemies":"The Guardian","floor":16.0,"turns":11.0},{"damage":14.0,"enemies":"Chosen","floor":18.0,"turns":5.0},{"damage":20.0,"enemies":"Shell Parasite","floor":21.0,"turns":7.0},{"damage":17.0,"enemies":"Gremlin Leader","floor":23.0,"turns":6.0},{"damage":10,"enemies":"Snecko","floor":24,"turns":4},{"damage":2,"enemies":"Centurion and Healer","floor":27,"turns":7},{"damage":35,"enemies":"Book of Stabbing","floor":28,"turns":3},{"damage":108,"enemies":"Automaton","floor":33,"turns":12}],"seed_played":"-7568525827967201058","potions_obtained":[{"floor":3.0,"key":"Explosive Potion"},{"floor":6.0,"key":"Swift Potion"},{"floor":13.0,"key":"Fire Potion"},{"floor":16.0,"key":"Weak Potion"},{"floor":21.0,"key":"SmokeBomb"},{"floor":23.0,"key":"BloodPotion"}],"is_trial":false,"path_per_floor":["M","M","M","?","?","E","R","E","T","M","E","R","E","?","R","B",null,"M","?","$","M","?","E","M","R","T","M","E","T","R","$","R","B"],"character_chosen":"IRONCLAD","items_purchased":["Magnetism","Metallicize","Spot Weakness","Feel No Pain"],"campfire_rested":1,"item_purchase_floors":[20,20,31,31],"current_hp_per_floor":[71,75,79,84,79,61,61,37,37,38,44,44,41,41,41,7,61,53,53,53,42,42,34,33,71,71,78,52,52,52,52,52,0],"gold":71,"neow_bonus":"RANDOM_COMMON_RELIC","is_prod":false,"is_daily":false,"chose_seed":false,"campfire_upgraded":5,"win_rate":0,"timestamp":1556230264,"path_taken":["M","M","M","?","?","E","R","E","T","M","E","R","E","?","R","BOSS","M","?","$","M","?","E","M","R","T","M","E","?","R","$","R","BOSS"],"build_version":"2019-01-23","purchased_purges":2,"victory":false,"max_hp_per_floor":[80,80,80,85,79,79,79,79,79,79,79,79,79,79,79,79,79,79,79,79,79,79,79,79,79,79,79,79,79,79,79,79,79],"card_choices":[{"not_picked":["Bloodletting","Power Through"],"picked":"Wild Strike","floor":1.0},{"not_picked":["Sword Boomerang","Sentinel","Seeing Red"],"picked":"SKIP","floor":2.0},{"not_picked":["Clash","Pummel"],"picked":"Warcry","floor":3.0},{"not_picked":["Dropkick","Iron Wave"],"picked":"Headbutt","floor":6.0},{"not_picked":["Double Tap","Dropkick"],"picked":"Carnage","floor":8.0},{"not_picked":["Fire Breathing","Heavy Blade"],"picked":"Iron Wave","floor":10.0},{"not_picked":["Clash","Heavy Blade"],"picked":"Ghostly Armor","floor":11.0},{"not_picked":["Perfected Strike","Armaments"],"picked":"Intimidate","floor":13.0},{"not_picked":["Impervious","Dark Embrace"],"picked":"Bludgeon","floor":16.0},{"not_picked":["Sword Boomerang+1","Headbutt+1"],"picked":"Anger","floor":18.0},{"not_picked":["Heavy Blade+1","Dropkick","Body Slam"],"picked":"SKIP","floor":21.0},{"not_picked":["Body Slam","Bludgeon"],"picked":"Double Tap","floor":23.0},{"not_picked":["Rupture+1","Pommel Strike"],"picked":"Fire Breathing+1","floor":24},{"not_picked":["Clothesline","Seeing Red+1"],"picked":"Havoc","floor":27},{"not_picked":["Clothesline+1","Rupture"],"picked":"Metallicize","floor":28}],"player_experience":309673,"relics_obtained":[{"floor":6.0,"key":"PreservedInsect"},{"floor":8.0,"key":"Tiny Chest"},{"floor":9.0,"key":"War Paint"},{"floor":11.0,"key":"Dodecahedron"},{"floor":13.0,"key":"Ginger"},{"floor":23.0,"key":"Pantograph"},{"floor":28,"key":"Potion Belt"},{"floor":29,"key":"Anchor"}],"event_choices":[{"damage_healed":0.0,"max_hp_gain":5.0,"max_hp_loss":0.0,"gold_gain":0.0,"event_name":"Big Fish","player_choice":"Donut","floor":4.0,"gold_loss":0.0,"damage_taken":0.0},{"damage_healed":0.0,"max_hp_gain":0.0,"max_hp_loss":6.0,"gold_gain":0.0,"event_name":"Golden Idol","player_choice":"Lose Max HP","floor":5.0,"gold_loss":0.0,"damage_taken":0.0,"relics_obtained":["Golden Idol"]},{"cards_removed":["Strike_R"],"damage_healed":0.0,"max_hp_gain":0.0,"max_hp_loss":0.0,"gold_gain":0.0,"event_name":"Living Wall","player_choice":"Forget","floor":14.0,"gold_loss":0.0,"damage_taken":0.0},{"damage_healed":0.0,"max_hp_gain":0.0,"max_hp_loss":0.0,"gold_gain":0.0,"event_name":"The Mausoleum","player_choice":"Opened","floor":19.0,"gold_loss":0.0,"damage_taken":0.0,"relics_obtained":["Magic Flower"]},{"cards_removed":["Strike_R"],"damage_healed":0.0,"max_hp_gain":0.0,"max_hp_loss":0.0,"gold_gain":0.0,"event_name":"Beggar","player_choice":"Gave Gold","floor":22.0,"gold_loss":75.0,"damage_taken":0.0}],"is_beta":false,"boss_relics":[{"not_picked":["Empty Cage","Astrolabe"],"picked":"Runic Pyramid"}],"items_purged_floors":[20,31],"is_endless":false,"potions_floor_spawned":[3,6,13,16,21,23],"killed_by":"Automaton","ascension_level":7}