{"gold_per_floor":[110,121,121,134,150,150,194,194,194,228,228,228,153,177,177,303,303,327,34,47,71,71,106,106,120,171,52,66,66,15,15,15,144,144,163,163,221,245,264,264,65,79,79,79,102,116,66,81,81,81],"floor_reached":51,"playtime":2527,"items_purged":["Strike_R","Defend_R","Strike_R","Strike_R","Defend_R"],"score":1056,"play_id":"929005d9-e645-434e-8faf-256f02da124e","local_time":"20181004210127","is_ascension_mode":true,"campfire_choices":[{"data":"Demon Form","floor":6,"key":"SMITH"},{"floor":8,"key":"REST"},{"floor":12,"key":"REST"},{"data":"Clothesline","floor":15,"key":"SMITH"},{"data":"Pummel","floor":24,"key":"SMITH"},{"data":"Inflame","floor":29,"key":"SMITH"},{"data":"RitualDagger","floor":32,"key":"SMITH"},{"data":"Burning Pact","floor":40,"key":"SMITH"},{"data":"Shrug It Off","floor":44,"key":"SMITH"},{"data":"Reaper","floor":49,"key":"SMITH"}],"neow_cost":"NONE","seed_source_timestamp":370377268126401,"circlet_count":0,"master_deck":["Strike_R","Strike_R","Defend_R","Defend_R","Bash+1","AscendersBane","Shrug It Off+1","Clothesline+1","Burning Pact+1","Demon Form+1","Pummel+1","Spot Weakness+1","Impervious+1","Ghostly Armor+1","Disarm+1","Flame Barrier+1","True Grit+1","Inflame+1","Reaper+1","Shrug It Off+1","RitualDagger+1","Double Tap+1","Madness+1","Madness+1","Exhume+1","Disarm+1","True Grit+1"],"relics":["Burning Blood","Golden Idol","Omamori","Toxic Egg 2","Mummified Hand","Snecko Eye","PreservedInsect","Centennial Puzzle","Smiling Mask","Philosopher\u0027s Stone","Du-Vu Doll","Lantern","Meat on the Bone"],"potions_floor_usage":[7,10,16,23,50],"damage_taken":[{"damage":7,"enemies":"Jaw Worm","floor":1,"turns":4},{"damage":0,"enemies":"Cultist","floor":2,"turns":3},{"damage":1,"enemies":"2 Louse","floor":4,"turns":3},{"damage":31,"enemies":"Large Slime","floor":5,"turns":9},{"damage":17,"enemies":"Lagavulin","floor":7,"turns":6},{"damage":42,"enemies":"Gremlin Nob","floor":10,"turns":5},{"damage":12,"enemies":"3 Louse","floor":14,"turns":4},{"damage":15,"enemies":"Hexaghost","floor":16,"turns":8},{"damage":16,"enemies":"Spheric Guardian","floor":18,"turns":4},{"damage":0,"enemies":"Chosen","floor":20,"turns":4},{"damage":0,"enemies":"Centurion and Healer","floor":21,"turns":5},{"damage":7,"enemies":"Slavers","floor":23,"turns":7},{"damage":3,"enemies":"Snake Plant","floor":25,"turns":7},{"damage":4,"enemies":"Shelled Parasite and Fungi","floor":28,"turns":5},{"damage":25,"enemies":"Collector","floor":33,"turns":8},{"damage":2,"enemies":"3 Shapes","floor":35,"turns":4},{"damage":28,"enemies":"Mysterious Sphere","floor":37,"turns":9},{"damage":17,"enemies":"Orb Walker","floor":38,"turns":6},{"damage":33,"enemies":"4 Shapes","floor":39,"turns":6},{"damage":0,"enemies":"Transient","floor":42,"turns":5},{"damage":29,"enemies":"Maw","floor":45,"turns":8},{"damage":49,"enemies":"Reptomancer","floor":46,"turns":10},{"damage":44,"enemies":"3 Darklings","floor":48,"turns":5},{"damage":34,"enemies":"Time Eater","floor":50,"turns":9}],"seed_played":"-5362778855067681603","potions_obtained":[{"floor":1,"key":"Poison Potion"},{"floor":5,"key":"FearPotion"},{"floor":14,"key":"Weak Potion"},{"floor":16,"key":"Energy Potion"},{"floor":18,"key":"Explosive Potion"},{"floor":25,"key":"SkillPotion"},{"floor":37,"key":"Energy Potion"},{"floor":39,"key":"Strength Potion"}],"is_trial":false,"path_per_floor":["M","M","?","M","M","R","E","R","T","E","?","R","$","M","R","B",null,"M","$","M","M","?","E","R","M","T","$","M","R","$","?","R","B",null,"M","?","?","M","M","R","$","M","T","R","M","M","$","M","R","B"],"character_chosen":"IRONCLAD","items_purchased":["Ghostly Armor+1","PreservedInsect","Reaper","Shrug It Off+1","Lantern"],"campfire_rested":2,"item_purchase_floors":[19,19,27,30,41],"current_hp_per_floor":[71,77,74,74,49,49,38,60,60,24,24,46,46,40,40,31,63,53,53,59,65,65,64,64,67,67,67,74,74,74,68,68,74,74,74,65,69,63,68,68,68,74,74,74,67,60,60,74,74,74],"gold":81,"neow_bonus":"UPGRADE_CARD","is_prod":false,"is_daily":false,"chose_seed":false,"campfire_upgraded":8,"win_rate":0,"timestamp":1538658087,"path_taken":["M","M","?","?","M","R","E","R","T","E","?","R","$","M","R","BOSS","M","$","M","M","?","E","R","M","T","?","M","R","$","?","R","BOSS","M","?","?","M","M","R","$","?","T","R","M","M","$","M","R","BOSS"],"build_version":"2018-09-27","purchased_purges":5,"victory":true,"max_hp_per_floor":[80,80,74,74,74,74,74,74,74,74,74,74,74,74,74,74,74,74,74,74,74,74,74,74,74,74,74,74,74,74,74,74,74,74,74,74,74,74,74,74,74,74,74,74,74,74,74,74,74,74],"card_choices":[{"not_picked":["Twin Strike","Wild Strike"],"picked":"Shrug It Off","floor":1},{"not_picked":["Heavy Blade","Thunderclap"],"picked":"Clothesline","floor":2},{"not_picked":["Headbutt","Anger"],"picked":"Burning Pact","floor":4},{"not_picked":["Warcry","Clothesline"],"picked":"Demon Form","floor":5},{"not_picked":["Rupture","Havoc"],"picked":"Pummel","floor":7},{"not_picked":["Pommel Strike","Power Through+1","Clothesline"],"picked":"SKIP","floor":10},{"not_picked":["Warcry+1","Carnage"],"picked":"Spot Weakness+1","floor":14},{"not_picked":["Feed","Bludgeon"],"picked":"Impervious+1","floor":16},{"not_picked":["Corruption","Anger","Clash"],"picked":"SKIP","floor":18},{"not_picked":["Combust","Body Slam"],"picked":"Disarm+1","floor":20},{"not_picked":["Sword Boomerang","Reckless Charge","Infernal Blade+1"],"picked":"SKIP","floor":21},{"not_picked":["Pommel Strike","Havoc+1"],"picked":"True Grit+1","floor":23},{"not_picked":["Wild Strike","Searing Blow"],"picked":"Inflame","floor":25},{"not_picked":["Wild Strike","Berserk","Anger"],"picked":"SKIP","floor":28},{"not_picked":["Exhume+1","Juggernaut"],"picked":"Double Tap+1","floor":33},{"not_picked":["Dual Wield+1","Sword Boomerang+1","Havoc+1"],"picked":"SKIP","floor":35},{"not_picked":["Combust+1","Headbutt+1"],"picked":"Exhume+1","floor":38},{"not_picked":["Body Slam+1","True Grit+1","Reckless Charge"],"picked":"SKIP","floor":39},{"not_picked":["Intimidate+1","Thunderclap"],"picked":"Disarm+1","floor":42},{"not_picked":["Reckless Charge","Bloodletting+1","Clash+1"],"picked":"SKIP","floor":45},{"not_picked":["Clash","Pommel Strike+1"],"picked":"True Grit+1","floor":46},{"not_picked":["Feel No Pain+1","Corruption+1","True Grit+1"],"picked":"SKIP","floor":48}],"player_experience":416029,"relics_obtained":[{"floor":7,"key":"Omamori"},{"floor":9,"key":"Toxic Egg 2"},{"floor":10,"key":"Mummified Hand"},{"floor":23,"key":"Centennial Puzzle"},{"floor":26,"key":"Smiling Mask"},{"floor":37,"key":"Du-Vu Doll"},{"floor":43,"key":"Meat on the Bone"}],"event_choices":[{"event_name":"Golden Idol","player_choice":"Lose Max HP","floor":3,"damage_taken":0},{"event_name":"Dead Adventurer","player_choice":"Searched \u00270\u0027 times","floor":11,"damage_taken":0},{"event_name":"The Library","player_choice":"Read","floor":22,"damage_taken":0},{"event_name":"Nest","player_choice":"Joined the Cult","floor":31,"damage_taken":0},{"event_name":"Winding Halls","player_choice":"Embrace Madness","floor":36,"damage_taken":0},{"event_name":"Mysterious Sphere","player_choice":"Fight","floor":37,"damage_taken":0}],"is_beta":false,"boss_relics":[{"not_picked":["Empty Cage","Black Blood"],"picked":"Snecko Eye"},{"not_picked":["Eternal Feather","White Beast Statue"],"picked":"Philosopher\u0027s Stone"}],"items_purged_floors":[13,19,27,41,47],"is_endless":false,"potions_floor_spawned":[1,5,14,16,18,25,28,33,37,38,39],"ascension_level":12}