{"gold_per_floor":[116,266,69,79,79,114,135,135,183,197,197,210,264,299,299,395,395,419,419,220,233,233,233,276,276,276,276,276,276,291,291],"floor_reached":31,"playtime":1187,"items_purged":["Doubt"],"score":544,"play_id":"564e43b1-7df1-44a9-ae8f-6b7adf760dbd","local_time":"20190501163350","is_ascension_mode":true,"campfire_choices":[{"data":"Armaments","floor":11.0,"key":"SMITH"},{"floor":15.0,"key":"REST"},{"floor":23.0,"key":"REST"},{"data":"Limit Break","floor":25.0,"key":"SMITH"},{"data":"Spot Weakness","floor":27.0,"key":"SMITH"}],"neow_cost":"NONE","seed_source_timestamp":542732257098241,"circlet_count":0,"master_deck":["AscendersBane","Strike_R+1","Strike_R+1","Strike_R+1","Strike_R+1","Strike_R+1","Defend_R+1","Defend_R+1","Defend_R+1","Defend_R+1","Bash","Bloodletting","Inflame","Armaments+1","Cleave","Sword Boomerang","Seeing Red","Rupture","Limit Break+1","Shrug It Off","Headbutt","Spot Weakness+1","Shame","Doubt"],"special_seed":0,"relics":["Burning Blood","NeowsBlessing","Golden Idol","Ancient Tea Set","Shuriken","Bag of Marbles","Red Skull","Singing Bowl","Cursed Key","Thread and Needle","Frozen Egg 2","Mercury Hourglass"],"potions_floor_usage":[31],"damage_taken":[{"damage":0.0,"enemies":"Jaw Worm","floor":1.0,"turns":1.0},{"damage":0.0,"enemies":"Small Slimes","floor":4.0,"turns":1.0},{"damage":0.0,"enemies":"3 Sentries","floor":6.0,"turns":2.0},{"damage":9.0,"enemies":"2 Louse","floor":7.0,"turns":3.0},{"damage":16.0,"enemies":"Exordium Thugs","floor":10.0,"turns":5.0},{"damage":19.0,"enemies":"Large Slime","floor":12.0,"turns":4.0},{"damage":0.0,"enemies":"Lagavulin","floor":14.0,"turns":4.0},{"damage":45.0,"enemies":"The Guardian","floor":16.0,"turns":12.0},{"damage":56.0,"enemies":"3 Byrds","floor":18.0,"turns":5.0},{"damage":10.0,"enemies":"Shell Parasite","floor":21.0,"turns":3.0},{"damage":17.0,"enemies":"Gremlin Leader","floor":24.0,"turns":6.0},{"damage":12.0,"enemies":"Snake Plant","floor":30.0,"turns":2.0},{"damage":33,"enemies":"Book of Stabbing","floor":31,"turns":3}],"seed_played":"6802787885186936270","potions_obtained":[{"floor":1.0,"key":"GamblersBrew"},{"floor":4.0,"key":"Ancient Potion"},{"floor":14.0,"key":"EssenceOfSteel"},{"floor":24.0,"key":"Swift Potion"}],"is_trial":false,"path_per_floor":["M","?","$","M","?","E","M","?","T","M","R","M","T","E","R","B",null,"M","?","$","M","T","R","E","R","T","R","?","?","M","E"],"character_chosen":"IRONCLAD","items_purchased":["Inflame","Armaments","Headbutt","Spot Weakness","Regen Potion"],"campfire_rested":2,"item_purchase_floors":[3,3,20,20,20],"current_hp_per_floor":[74,74,74,75,49,55,52,52,52,42,42,29,29,35,57,18,61,11,11,11,18,18,41,32,32,32,32,32,32,28,0],"gold":291,"neow_bonus":"THREE_ENEMY_KILL","is_prod":false,"is_daily":false,"chose_seed":false,"campfire_upgraded":3,"win_rate":0,"timestamp":1556721230,"path_taken":["M","?","$","M","?","E","M","?","T","?","R","M","?","E","R","BOSS","M","?","$","M","?","R","E","R","T","R","?","?","M","E"],"build_version":"2019-01-23","purchased_purges":1,"victory":false,"max_hp_per_floor":[75,75,75,75,75,75,75,75,75,75,75,75,75,75,75,75,75,75,75,75,77,77,77,79,79,79,79,79,79,81,81],"card_choices":[{"not_picked":["Bloodletting","Feel No Pain","Heavy Blade"],"picked":"SKIP","floor":1.0},{"not_picked":["Feel No Pain","Heavy Blade"],"picked":"Bloodletting","floor":1.0},{"not_picked":["Flame Barrier","Clothesline"],"picked":"Cleave","floor":4.0},{"not_picked":["Twin Strike","Body Slam"],"picked":"Sword Boomerang","floor":6.0},{"not_picked":["Cleave","Dropkick"],"picked":"Seeing Red","floor":7.0},{"not_picked":["Iron Wave","Armaments","Rampage"],"picked":"SKIP","floor":10.0},{"not_picked":["Pommel Strike","Clothesline","Warcry"],"picked":"SKIP","floor":12.0},{"not_picked":["Carnage","Infernal Blade"],"picked":"Rupture","floor":14.0},{"not_picked":["Double Tap","Exhume"],"picked":"Limit Break","floor":16.0},{"not_picked":["Dual Wield","Thunderclap"],"picked":"Shrug It Off","floor":18.0},{"not_picked":["Searing Blow+1","Perfected Strike","Twin Strike"],"picked":"Singing Bowl","floor":21.0},{"not_picked":["True Grit","Sword Boomerang","Wild Strike"],"picked":"Singing Bowl","floor":24.0},{"not_picked":["Combust+1","Wild Strike","Anger"],"picked":"Singing Bowl","floor":30.0}],"player_experience":723280,"relics_obtained":[{"floor":6.0,"key":"Ancient Tea Set"},{"floor":9.0,"key":"Bag of Marbles"},{"floor":13.0,"key":"Red Skull"},{"floor":14.0,"key":"Singing Bowl"},{"floor":22.0,"key":"Thread and Needle"},{"floor":24.0,"key":"Frozen Egg 2"},{"floor":26.0,"key":"Mercury Hourglass"}],"event_choices":[{"damage_healed":0.0,"max_hp_gain":0.0,"max_hp_loss":0.0,"gold_gain":150.0,"event_name":"Liars Game","player_choice":"AGREE","floor":2.0,"gold_loss":0.0,"damage_taken":0.0,"cards_obtained":["Doubt"]},{"damage_healed":0.0,"max_hp_gain":0.0,"max_hp_loss":0.0,"gold_gain":0.0,"event_name":"Golden Idol","player_choice":"Take Damage","floor":5.0,"gold_loss":0.0,"damage_taken":26.0,"relics_obtained":["Golden Idol"]},{"damage_healed":0.0,"max_hp_gain":0.0,"max_hp_loss":0.0,"gold_gain":0.0,"event_name":"WeMeetAgain","player_choice":"Gave Potion","floor":8.0,"gold_loss":0.0,"damage_taken":0.0,"relics_obtained":["Shuriken"]},{"damage_healed":0.0,"max_hp_gain":0.0,"max_hp_loss":0.0,"gold_gain":0.0,"event_name":"Back to Basics","player_choice":"Simplicity","floor":19.0,"gold_loss":0.0,"damage_taken":0.0,"cards_upgraded":["Strike_R","Strike_R","Strike_R","Strike_R","Strike_R","Defend_R","Defend_R","Defend_R","Defend_R"]},{"damage_healed":0.0,"max_hp_gain":0.0,"max_hp_loss":0.0,"gold_gain":0.0,"event_name":"The Mausoleum","player_choice":"Ignored","floor":28.0,"gold_loss":0.0,"damage_taken":0.0},{"damage_healed":0.0,"max_hp_gain":0.0,"max_hp_loss":0.0,"gold_gain":0.0,"event_name":"Vampires","player_choice":"Ignored","floor":29.0,"gold_loss":0.0,"damage_taken":0.0}],"is_beta":false,"boss_relics":[{"not_picked":["Empty Cage","White Beast Statue"],"picked":"Cursed Key"}],"items_purged_floors":[3],"is_endless":false,"potions_floor_spawned":[1,4,14,18,24],"killed_by":"Book of Stabbing","ascension_level":15}