{"gold_per_floor":[117,190,203,62,77,77,96,128,128,148,148,148,168,187,187,187],"floor_reached":16,"playtime":679,"items_purged":[],"score":135,"play_id":"9d6d2772-c9c5-42dd-a23f-9ba0122629c3","local_time":"20181217235025","is_ascension_mode":true,"campfire_choices":[{"data":"Whirlwind","floor":6,"key":"SMITH"},{"floor":11,"key":"REST"},{"floor":15,"key":"REST"}],"neow_cost":"NONE","seed_source_timestamp":106408465960199,"circlet_count":0,"master_deck":["Strike_R","Strike_R","Strike_R","Strike_R","Strike_R","Defend_R","Defend_R","Defend_R","Defend_R","Bash","Armaments","Whirlwind+1","Shockwave","Limit Break","Headbutt","Ghostly Armor","Armaments"],"relics":["Burning Blood","Gremlin Horn","Centennial Puzzle","Omamori","Golden Idol"],"potions_floor_usage":[16],"damage_taken":[{"damage":6,"enemies":"Cultist","floor":1,"turns":4},{"damage":11,"enemies":"Jaw Worm","floor":3,"turns":4},{"damage":0,"enemies":"Small Slimes","floor":5,"turns":3},{"damage":0,"enemies":"Gremlin Gang","floor":7,"turns":1},{"damage":57,"enemies":"Gremlin Nob","floor":8,"turns":6},{"damage":22,"enemies":"Large Slime","floor":10,"turns":8},{"damage":0,"enemies":"3 Louse","floor":13,"turns":1},{"damage":9,"enemies":"Exordium Wildlife","floor":14,"turns":4},{"damage":53,"enemies":"The Guardian","floor":16,"turns":12}],"seed_played":"1973235340592970083","potions_obtained":[{"floor":7,"key":"Swift Potion"},{"floor":8,"key":"BloodPotion"},{"floor":13,"key":"FearPotion"},{"floor":14,"key":"SpeedPotion"}],"is_trial":false,"path_per_floor":["M","T","M","$","M","R","M","E","T","M","R","?","M","M","R","B"],"character_chosen":"IRONCLAD","items_purchased":["Whirlwind","Shockwave"],"campfire_rested":2,"item_purchase_floors":[4,4],"current_hp_per_floor":[80,80,75,75,81,81,87,36,36,20,46,24,30,27,53,0],"gold":187,"neow_bonus":"TEN_PERCENT_HP_BONUS","is_prod":false,"is_daily":false,"chose_seed":false,"campfire_upgraded":1,"win_rate":0,"timestamp":1545087025,"path_taken":["M","?","M","$","M","R","?","E","T","M","R","?","M","M","R","BOSS"],"build_version":"2018-12-13","purchased_purges":0,"victory":false,"max_hp_per_floor":[88,88,88,88,88,88,88,88,88,88,88,88,88,88,88,88],"card_choices":[{"not_picked":["Flex","Iron Wave"],"picked":"Armaments","floor":1},{"not_picked":["Anger","Thunderclap","Fire Breathing"],"picked":"SKIP","floor":3},{"not_picked":["Sword Boomerang","Pommel Strike","Anger"],"picked":"SKIP","floor":5},{"not_picked":["True Grit","Anger"],"picked":"Limit Break","floor":7},{"not_picked":["Shockwave","Intimidate"],"picked":"Headbutt","floor":8},{"not_picked":["Entrench","True Grit","Feel No Pain"],"picked":"SKIP","floor":10},{"not_picked":["Bloodletting","Second Wind"],"picked":"Ghostly Armor","floor":13},{"not_picked":["Perfected Strike","Anger"],"picked":"Armaments","floor":14}],"player_experience":399594,"relics_obtained":[{"floor":2,"key":"Gremlin Horn"},{"floor":8,"key":"Centennial Puzzle"},{"floor":9,"key":"Omamori"}],"event_choices":[{"damage_healed":0,"gold_gain":0,"player_choice":"Take Damage","damage_taken":22,"relics_obtained":["Golden Idol"],"max_hp_gain":0,"max_hp_loss":0,"event_name":"Golden Idol","floor":12,"gold_loss":0}],"is_beta":false,"boss_relics":[],"items_purged_floors":[],"is_endless":false,"potions_floor_spawned":[7,8,13,14],"killed_by":"The Guardian","ascension_level":6}