{"gold_per_floor":[116,126,0,17,30,30,45,63,63,8,8,8,8,8],"floor_reached":14,"playtime":380,"items_purged":[],"score":164,"play_id":"193b4ad6-29b9-4083-b800-a5fc9075e119","local_time":"20190501174222","is_ascension_mode":true,"campfire_choices":[{"data":"Searing Blow","floor":6,"key":"SMITH"},{"data":"Searing Blow+1","floor":11,"key":"SMITH"},{"data":"Searing Blow+2","floor":13,"key":"SMITH"}],"neow_cost":"NONE","seed_source_timestamp":3819316772474842,"circlet_count":0,"master_deck":["AscendersBane","Strike_R","Strike_R","Strike_R","Strike_R","Strike_R","Defend_R","Defend_R","Defend_R","Defend_R","Bash","Shrug It Off","Searing Blow+3","Thunderclap"],"relics":["Burning Blood","Boot","Nunchaku","FaceOfCleric"],"potions_floor_usage":[7,14],"damage_taken":[{"damage":7,"enemies":"Cultist","floor":1,"turns":4},{"damage":11,"enemies":"Jaw Worm","floor":2,"turns":3},{"damage":4,"enemies":"2 Louse","floor":4,"turns":3},{"damage":31,"enemies":"Gremlin Gang","floor":5,"turns":6},{"damage":9,"enemies":"Lots of Slimes","floor":7,"turns":4},{"damage":13,"enemies":"Blue Slaver","floor":8,"turns":4},{"damage":32,"enemies":"3 Sentries","floor":14,"turns":8}],"seed_played":"8445485403458778529","potions_obtained":[{"floor":5,"key":"Energy Potion"},{"floor":8,"key":"FearPotion"}],"is_trial":false,"path_per_floor":["M","M","$","M","M","R","M","M","T","$","R","?","R","E"],"character_chosen":"IRONCLAD","items_purchased":["Searing Blow","Thunderclap","PowerPotion"],"campfire_rested":0,"item_purchase_floors":[3,3,10],"current_hp_per_floor":[67,62,62,64,39,39,36,29,29,29,29,29,29,0],"gold":8,"neow_bonus":"RANDOM_COMMON_RELIC","is_prod":false,"is_daily":false,"chose_seed":false,"campfire_upgraded":3,"win_rate":0,"timestamp":1556728942,"path_taken":["M","?","?","?","M","R","M","M","T","$","R","?","R","E"],"build_version":"2019-01-23","purchased_purges":0,"victory":false,"max_hp_per_floor":[75,75,75,75,75,75,75,75,75,75,75,75,75,75],"card_choices":[{"not_picked":["True Grit","Pummel"],"picked":"Shrug It Off","floor":1},{"not_picked":["Clash","Wild Strike","Perfected Strike"],"picked":"SKIP","floor":2},{"not_picked":["Burning Pact","Sever Soul","Rupture"],"picked":"SKIP","floor":4},{"not_picked":["Havoc","Heavy Blade","Rupture"],"picked":"SKIP","floor":5},{"not_picked":["Clash","Infernal Blade","Sword Boomerang"],"picked":"SKIP","floor":7},{"not_picked":["Heavy Blade","Warcry","Sever Soul"],"picked":"SKIP","floor":8}],"player_experience":781197,"relics_obtained":[{"floor":9,"key":"Nunchaku"}],"event_choices":[{"damage_healed":0,"gold_gain":0,"player_choice":"Trade","damage_taken":0,"relics_obtained":["FaceOfCleric"],"max_hp_gain":0,"max_hp_loss":0,"event_name":"FaceTrader","floor":12,"gold_loss":0}],"is_beta":false,"boss_relics":[],"items_purged_floors":[],"is_endless":false,"potions_floor_spawned":[5,8],"killed_by":"3 Sentries","ascension_level":20}