{"gold_per_floor":[118,136,211,227,227,262,275,303,330,300,317,317,317,327,327,422,422,433,433,443,453,453,453,484,501,501,517,10,26,26,43,43,147,147,158,171,71,82,82,82,304,304,304,324,343,19,34,48,48,48],"floor_reached":51,"playtime":2367,"items_purged":["Strike_R","Strike_R","Strike_R"],"score":782,"play_id":"7c635673-8b93-4a34-8f16-28e884d93044","local_time":"20190321175441","is_ascension_mode":true,"campfire_choices":[{"data":"Limit Break","floor":15.0,"key":"SMITH"},{"data":"Inflame","floor":23.0,"key":"SMITH"},{"data":"Pummel","floor":30.0,"key":"SMITH"},{"data":"Pummel","floor":32.0,"key":"SMITH"},{"data":"Cleave","floor":40.0,"key":"SMITH"},{"data":"Sword Boomerang","floor":42.0,"key":"SMITH"},{"floor":49,"key":"REST"}],"neow_cost":"NONE","seed_source_timestamp":937940017802904,"circlet_count":0,"master_deck":["Strike_R","Defend_R","Defend_R","Defend_R","Defend_R","Bash","Limit Break+1","Cleave+1","Inflame+1","Pummel+1","Thunderclap","Whirlwind","Sword Boomerang+1","Battle Trance+1","Reaper","Sword Boomerang","Flex+1","Headbutt+1","Pummel+1","Double Tap+1","Armaments+1","Cleave+1","Feed+1","Flex+1","Cleave+1","Double Tap+1","Twin Strike+1","Flex+1"],"special_seed":0,"relics":["Burning Blood","Bronze Scales","Orichalcum","Oddly Smooth Stone","Toxic Egg 2","Sozu","Nloth\u0027s Gift","Red Mask","Mercury Hourglass","Molten Egg 2","Philosopher\u0027s Stone","Du-Vu Doll","Medical Kit"],"potions_floor_usage":[],"damage_taken":[{"damage":6.0,"enemies":"Cultist","floor":1.0,"turns":4.0},{"damage":6.0,"enemies":"2 Louse","floor":2.0,"turns":3.0},{"damage":12.0,"enemies":"Small Slimes","floor":4.0,"turns":3.0},{"damage":30.0,"enemies":"3 Sentries","floor":6.0,"turns":7.0},{"damage":11.0,"enemies":"Gremlin Gang","floor":7.0,"turns":3.0},{"damage":8.0,"enemies":"Gremlin Nob","floor":8.0,"turns":3.0},{"damage":12.0,"enemies":"Looter","floor":11.0,"turns":3.0},{"damage":7.0,"enemies":"Blue Slaver","floor":14.0,"turns":2.0},{"damage":3.0,"enemies":"Hexaghost","floor":16.0,"turns":6.0},{"damage":6.0,"enemies":"Chosen","floor":18.0,"turns":4.0},{"damage":0.0,"enemies":"3 Byrds","floor":20.0,"turns":3.0},{"damage":40.0,"enemies":"Shelled Parasite and Fungi","floor":21.0,"turns":4.0},{"damage":0.0,"enemies":"Masked Bandits","floor":24.0,"turns":2.0},{"damage":12.0,"enemies":"Snake Plant","floor":25.0,"turns":2.0},{"damage":6.0,"enemies":"3 Cultists","floor":27.0,"turns":3.0},{"damage":25.0,"enemies":"Snecko","floor":29.0,"turns":4.0},{"damage":5.0,"enemies":"Sentry and Sphere","floor":31.0,"turns":3.0},{"damage":26.0,"enemies":"Collector","floor":33.0,"turns":6.0},{"damage":13.0,"enemies":"3 Shapes","floor":35.0,"turns":2.0},{"damage":4.0,"enemies":"3 Darklings","floor":36.0,"turns":2.0},{"damage":3.0,"enemies":"Jaw Worm Horde","floor":38.0,"turns":2.0},{"damage":49.0,"enemies":"4 Shapes","floor":44.0,"turns":4.0},{"damage":15.0,"enemies":"Writhing Mass","floor":45.0,"turns":2.0},{"damage":12,"enemies":"Sphere and 2 Shapes","floor":47,"turns":1},{"damage":8,"enemies":"Spire Growth","floor":48,"turns":3},{"damage":88,"enemies":"Donu and Deca","floor":50,"turns":5}],"seed_played":"-8687993262342872317","potions_obtained":[{"floor":4.0,"key":"Ancient Potion"},{"floor":6.0,"key":"Strength Potion"},{"floor":8.0,"key":"Explosive Potion"},{"floor":10.0,"key":"GamblersBrew"},{"floor":10.0,"key":"Regen Potion"},{"floor":14.0,"key":"EssenceOfSteel"}],"is_trial":false,"path_per_floor":["M","M","?","M","?","E","M","E","T","?","M","?","T","M","R","B",null,"M","?","M","M","?","R","?","M","T","M","$","M","R","M","R","B",null,"M","M","$","M","?","R","?","R","T","M","M","$","M","M","R","B",null],"character_chosen":"IRONCLAD","items_purchased":["Double Tap+1","Armaments+1","Molten Egg 2","Medical Kit"],"campfire_rested":1,"item_purchase_floors":[28,28,28,46],"current_hp_per_floor":[80,80,69,63,56,32,27,25,25,25,19,16,16,15,15,33,80,80,80,80,56,41,41,47,41,41,59,59,40,40,41,41,45,85,82,84,84,91,91,91,91,91,91,52,50,50,44,42,71,29],"gold":48,"neow_bonus":"ONE_RANDOM_RARE_CARD","is_prod":false,"is_daily":false,"chose_seed":false,"campfire_upgraded":6,"win_rate":0,"timestamp":1553187281,"path_taken":["M","?","?","M","?","E","M","E","T","?","?","?","?","?","R","BOSS","M","?","M","?","?","R","?","M","T","M","$","M","R","M","R","BOSS","M","M","$","M","?","R","?","R","T","M","M","$","M","M","R","BOSS"],"build_version":"2019-01-23","purchased_purges":3,"victory":true,"max_hp_per_floor":[80,80,80,80,80,80,80,80,80,80,80,80,80,80,80,80,80,80,80,80,80,85,85,85,85,85,85,85,85,85,85,85,85,85,89,89,89,93,93,93,93,93,93,97,97,97,97,97,97,97],"card_choices":[{"not_picked":["Pommel Strike","Entrench"],"picked":"Cleave","floor":1.0},{"not_picked":["Thunderclap","Clash"],"picked":"Inflame","floor":2.0},{"not_picked":["Flex","Burning Pact"],"picked":"Pummel","floor":4.0},{"not_picked":["Anger","Heavy Blade"],"picked":"Thunderclap","floor":6.0},{"not_picked":["Rupture","Havoc","Clothesline"],"picked":"SKIP","floor":7.0},{"not_picked":["Battle Trance","Hemokinesis"],"picked":"Whirlwind","floor":8.0},{"not_picked":["Disarm","Exhume"],"picked":"Sword Boomerang","floor":11.0},{"not_picked":["Uppercut","Warcry+1"],"picked":"Battle Trance+1","floor":14.0},{"not_picked":["Berserk","Offering+1"],"picked":"Reaper","floor":16.0},{"not_picked":["Havoc+1","Pommel Strike"],"picked":"Sword Boomerang","floor":18.0},{"not_picked":["Wild Strike","Body Slam","Flame Barrier+1"],"picked":"SKIP","floor":20.0},{"not_picked":["Clash","Pommel Strike","Impervious+1"],"picked":"SKIP","floor":21.0},{"not_picked":["Ghostly Armor+1","Feel No Pain"],"picked":"Flex+1","floor":24.0},{"not_picked":["Seeing Red+1","Shrug It Off+1"],"picked":"Headbutt+1","floor":25.0},{"not_picked":["Thunderclap","Seeing Red+1"],"picked":"Pummel","floor":27.0},{"not_picked":["Rage+1","Pommel Strike+1"],"picked":"Cleave+1","floor":29.0},{"not_picked":["Flame Barrier+1","Heavy Blade+1"],"picked":"Feed+1","floor":31.0},{"not_picked":["Brutality","Demon Form"],"picked":"Feed+1","floor":33.0},{"not_picked":["Clothesline+1","Thunderclap+1"],"picked":"Flex+1","floor":35.0},{"not_picked":["Corruption","Dark Embrace"],"picked":"Cleave+1","floor":36.0},{"not_picked":["True Grit+1","Feel No Pain"],"picked":"Double Tap+1","floor":38.0},{"not_picked":["Flex+1","Carnage+1"],"picked":"Twin Strike+1","floor":44.0},{"not_picked":["Shrug It Off+1","Infernal Blade+1","Reckless Charge+1"],"picked":"SKIP","floor":45.0},{"not_picked":["Combust+1","Heavy Blade+1"],"picked":"Flex+1","floor":47},{"not_picked":["Barricade","Iron Wave+1","True Grit+1"],"picked":"SKIP","floor":48}],"player_experience":131861,"relics_obtained":[{"floor":6.0,"key":"Bottled Flame"},{"floor":8.0,"key":"Bronze Scales"},{"floor":9.0,"key":"Orichalcum"},{"floor":13.0,"key":"Toxic Egg 2"},{"floor":24.0,"key":"Red Mask"},{"floor":26.0,"key":"Mercury Hourglass"},{"floor":43.0,"key":"Du-Vu Doll"}],"event_choices":[{"damage_healed":0.0,"max_hp_gain":0.0,"max_hp_loss":0.0,"gold_gain":75.0,"event_name":"World of Goop","player_choice":"Gather Gold","floor":3.0,"gold_loss":0.0,"damage_taken":11.0},{"cards_removed":["Strike_R"],"damage_healed":0.0,"max_hp_gain":0.0,"max_hp_loss":0.0,"gold_gain":0.0,"event_name":"Golden Wing","player_choice":"Card Removal","floor":5.0,"gold_loss":0.0,"damage_taken":7.0},{"damage_healed":0.0,"max_hp_gain":0.0,"max_hp_loss":0.0,"gold_gain":0.0,"event_name":"The Woman in Blue","player_choice":"Bought 2 Potions","floor":10.0,"gold_loss":0.0,"damage_taken":0.0},{"damage_healed":0.0,"max_hp_gain":0.0,"max_hp_loss":0.0,"gold_gain":0.0,"event_name":"Scrap Ooze","player_choice":"Success","floor":12.0,"gold_loss":0.0,"damage_taken":3.0,"relics_obtained":["Oddly Smooth Stone"]},{"damage_healed":0.0,"max_hp_gain":0.0,"max_hp_loss":0.0,"gold_gain":0.0,"event_name":"N\u0027loth","player_choice":"Traded Relic","floor":19.0,"relics_lost":["Bottled Flame"],"gold_loss":0.0,"damage_taken":0.0,"relics_obtained":["Nloth\u0027s Gift"]},{"damage_healed":0.0,"max_hp_gain":5.0,"max_hp_loss":0.0,"gold_gain":0.0,"event_name":"Forgotten Altar","player_choice":"Shed Blood","floor":22.0,"gold_loss":0.0,"damage_taken":20.0},{"damage_healed":0.0,"max_hp_gain":0.0,"max_hp_loss":0.0,"gold_gain":0.0,"event_name":"Masked Bandits","player_choice":"Fought Bandits","floor":24.0,"gold_loss":0.0,"damage_taken":0.0},{"cards_removed":["Feed"],"damage_healed":0.0,"max_hp_gain":0.0,"max_hp_loss":0.0,"gold_gain":0.0,"event_name":"Falling","player_choice":"Removed Attack","floor":39.0,"gold_loss":0.0,"damage_taken":0.0},{"damage_healed":0.0,"max_hp_gain":0.0,"max_hp_loss":0.0,"gold_gain":222.0,"event_name":"Tomb of Lord Red Mask","player_choice":"Wore Mask","floor":41.0,"gold_loss":0.0,"damage_taken":0.0}],"is_beta":false,"boss_relics":[{"not_picked":["Orrery","Tiny House"],"picked":"Sozu"},{"not_picked":["Black Star","Astrolabe"],"picked":"Philosopher\u0027s Stone"}],"items_purged_floors":[28,37,46],"is_endless":false,"potions_floor_spawned":[4,6,8,14,24,25,27,33,35,36,38],"ascension_level":3}