{"gold_per_floor":[128,159,188,219,231,243,286,310,346,358,370,23,37,1,1,96,96,114,114,128,30,30,30,46,63,63,78,92,106,125,1,1,101,101,111,111,123,137,137,137,137],"floor_reached":41,"playtime":2435,"items_purged":["Strike_B"],"score":618,"play_id":"1b9c4d6c-8efe-4465-b3b0-512d5144c198","local_time":"20181003204954","is_ascension_mode":true,"campfire_choices":[{"data":"Zap","floor":6,"key":"SMITH"},{"data":"Echo Form","floor":10,"key":"SMITH"},{"floor":15,"key":"REST"},{"data":"Apotheosis","floor":23,"key":"SMITH"},{"floor":32,"key":"REST"},{"data":"Loop","floor":40,"key":"SMITH"}],"neow_cost":"NONE","seed_source_timestamp":283383402276940,"circlet_count":0,"master_deck":["Strike_B","Strike_B","Strike_B","Defend_B","Defend_B","Defend_B","Defend_B","Zap+1","Dualcast","AscendersBane","White Noise","Capacitor","Self Repair","Compile Driver","Echo Form+1","BootSequence","Apotheosis+1","Cold Snap","Loop+1","Ball Lightning","Loop","Seek+1","Hologram+1","Consume","Cold Snap","J.A.X.+1","Cold Snap","Chill","Conserve Battery","Blizzard","Electrodynamics","Violence"],"relics":["Cracked Core","MawBank","Question Card","Oddly Smooth Stone","FaceOfCleric","Sozu","War Paint","Inserter"],"potions_floor_usage":[7,7,8,41],"damage_taken":[{"damage":1,"enemies":"Cultist","floor":1,"turns":4},{"damage":7,"enemies":"Small Slimes","floor":2,"turns":3},{"damage":8,"enemies":"2 Louse","floor":3,"turns":3},{"damage":5,"enemies":"Exordium Wildlife","floor":4,"turns":4},{"damage":25,"enemies":"3 Sentries","floor":7,"turns":8},{"damage":3,"enemies":"3 Louse","floor":8,"turns":5},{"damage":36,"enemies":"Exordium Thugs","floor":13,"turns":6},{"damage":29,"enemies":"The Guardian","floor":16,"turns":12},{"damage":0,"enemies":"Spheric Guardian","floor":18,"turns":6},{"damage":20,"enemies":"Chosen","floor":20,"turns":5},{"damage":24,"enemies":"Shelled Parasite and Fungi","floor":24,"turns":7},{"damage":20,"enemies":"Centurion and Healer","floor":25,"turns":9},{"damage":11,"enemies":"Chosen and Byrds","floor":27,"turns":6},{"damage":17,"enemies":"Snecko","floor":28,"turns":5},{"damage":32,"enemies":"Shelled Parasite and Fungi","floor":29,"turns":7},{"damage":35,"enemies":"Snake Plant","floor":30,"turns":6},{"damage":35,"enemies":"Collector","floor":33,"turns":11},{"damage":5,"enemies":"3 Shapes","floor":35,"turns":5},{"damage":13,"enemies":"Orb Walker","floor":37,"turns":5},{"damage":7,"enemies":"Reptomancer","floor":38,"turns":5},{"damage":95,"enemies":"Transient","floor":41,"turns":5}],"seed_played":"-4008749725698322758","potions_obtained":[{"floor":2,"key":"Explosive Potion"},{"floor":3,"key":"Swift Potion"},{"floor":7,"key":"Block Potion"},{"floor":16,"key":"SkillPotion"}],"is_trial":false,"path_per_floor":["M","M","M","M","$","R","E","M","T","R","?","$","M","$","R","B",null,"M","?","M","$","?","R","M","M","T","M","M","M","M","$","R","B",null,"M","?","M","M","$","R"],"character_chosen":"DEFECT","items_purchased":["Apotheosis","Cold Snap","Loop","Ball Lightning","Loop","Cold Snap","Conserve Battery","Blizzard"],"campfire_rested":2,"item_purchase_floors":[12,12,12,12,14,21,31,31],"current_hp_per_floor":[67,60,52,54,54,54,36,47,47,47,47,47,12,12,34,26,64,78,78,79,79,79,79,76,77,77,82,66,55,35,35,60,46,76,87,87,88,89,89,89,0],"gold":137,"neow_bonus":"RANDOM_COMMON_RELIC","is_prod":false,"is_daily":false,"chose_seed":false,"campfire_upgraded":4,"win_rate":0,"timestamp":1538570994,"path_taken":["M","M","M","?","?","R","E","?","T","R","?","?","M","$","R","BOSS","M","?","M","$","?","R","M","?","T","M","M","M","M","$","R","BOSS","M","?","M","?","$","R","M"],"build_version":"2018-09-27","purchased_purges":1,"victory":false,"max_hp_per_floor":[75,75,75,75,75,75,75,75,75,75,75,75,76,76,76,77,77,78,78,79,79,79,79,80,81,81,82,83,84,85,85,85,86,86,87,87,88,89,89,89,89],"card_choices":[{"not_picked":["Beam Cell","Steam Power"],"picked":"White Noise","floor":1},{"not_picked":["Cold Snap","Reinforced Body"],"picked":"Capacitor","floor":2},{"not_picked":["Aggregate","Rip and Tear"],"picked":"Self Repair","floor":3},{"not_picked":["Steam","Stack"],"picked":"Compile Driver","floor":4},{"not_picked":["Leap","Steam"],"picked":"Echo Form","floor":7},{"not_picked":["Conserve Battery","Force Field","Compile Driver"],"picked":"BootSequence","floor":8},{"not_picked":["Stack","Steam","Barrage","Hologram"],"picked":"SKIP","floor":13},{"not_picked":["Rainbow","Meteor Strike","Hyperbeam"],"picked":"Seek","floor":16},{"not_picked":["Beam Cell","Turbo","Barrage"],"picked":"Hologram+1","floor":18},{"not_picked":["Doom and Gloom","Auto Shields+1","Genetic Algorithm"],"picked":"Consume","floor":20},{"not_picked":["Go for the Eyes","Redo","Coolheaded"],"picked":"Cold Snap","floor":24},{"not_picked":["Barrage+1","Rebound","Compile Driver","Rip and Tear"],"picked":"SKIP","floor":25},{"not_picked":["Hello World","Machine Learning","Hologram+1","Compile Driver"],"picked":"SKIP","floor":27},{"not_picked":["Rip and Tear","Sweeping Beam","Leap","Redo+1"],"picked":"SKIP","floor":28},{"not_picked":["Beam Cell","Rip and Tear","Doom and Gloom+1"],"picked":"Chill","floor":29},{"not_picked":["Stack","Storm","Rebound","Leap"],"picked":"SKIP","floor":30},{"not_picked":["Reboot","Amplify","Core Surge"],"picked":"Electrodynamics","floor":33},{"not_picked":["Ball Lightning","Steam Power+1","Stack","Sweeping Beam"],"picked":"SKIP","floor":35},{"not_picked":["Thinking Ahead","Madness","Secret Weapon"],"picked":"Violence","floor":36},{"not_picked":["Genetic Algorithm+1","Hello World+1","Cold Snap+1","Recycle+1"],"picked":"SKIP","floor":37},{"not_picked":["Double Energy","Barrage","Melter","Streamline"],"picked":"SKIP","floor":38}],"player_experience":410881,"relics_obtained":[{"floor":7,"key":"Question Card"},{"floor":9,"key":"Oddly Smooth Stone"},{"floor":26,"key":"War Paint"}],"event_choices":[{"event_name":"FaceTrader","player_choice":"Trade","floor":11,"damage_taken":0},{"event_name":"The Lab","player_choice":"Got Potions","floor":19,"damage_taken":0},{"event_name":"Drug Dealer","player_choice":"Got JAX","floor":22,"damage_taken":0},{"event_name":"SensoryStone","player_choice":"Memory 1","floor":36,"damage_taken":0}],"is_beta":false,"boss_relics":[{"not_picked":["Cursed Key","Runic Dome"],"picked":"Sozu"},{"not_picked":["Eternal Feather","Lizard Tail"],"picked":"Inserter"}],"items_purged_floors":[21],"is_endless":false,"potions_floor_spawned":[2,3,7,16,18,28,29,30,38],"killed_by":"Transient","ascension_level":11}