{"gold_per_floor":[110,110,124,124,124,153,166,226,226,226,226,226,257,271,271,370,370,380,398,83,100,123,123,23,23,105,124,141,141,141],"floor_reached":30,"playtime":1896,"items_purged":["Rupture","Metallicize"],"score":298,"play_id":"d06e2865-891f-40a9-b8a8-e3d43bb9945c","local_time":"20190329201117","is_ascension_mode":true,"campfire_choices":[{"floor":10,"key":"REST"},{"floor":15,"key":"REST"},{"floor":23,"key":"REST"},{"data":"Berserk","floor":25,"key":"SMITH"}],"neow_cost":"NONE","seed_source_timestamp":1637862168166673,"circlet_count":0,"master_deck":["Strike_R","Strike_R","Strike_R","Strike_R","Defend_R","Defend_R+1","Defend_R+1","Defend_R","Bash+1","Headbutt","Clothesline","Wild Strike+1","Bludgeon","Iron Wave","Flame Barrier","Berserk+1","Ghostly Armor","Wild Strike","Burning Pact","Rampage+1","Bash"],"relics":["Burning Blood","Prayer Wheel","Bottled Flame","Tiny Chest","Shuriken","Gremlin Horn","Torii","Orrery","Pantograph","Lantern","Mercury Hourglass"],"potions_floor_usage":[8,13,19,28,30],"damage_taken":[{"damage":3,"enemies":"Jaw Worm","floor":1,"turns":5},{"damage":1,"enemies":"Cultist","floor":3,"turns":3},{"damage":34,"enemies":"3 Sentries","floor":6,"turns":13},{"damage":7,"enemies":"2 Louse","floor":7,"turns":2},{"damage":12,"enemies":"Gremlin Nob","floor":8,"turns":3},{"damage":17,"enemies":"Lagavulin","floor":13,"turns":4},{"damage":1,"enemies":"Large Slime","floor":14,"turns":5},{"damage":38,"enemies":"The Guardian","floor":16,"turns":10},{"damage":20,"enemies":"3 Byrds","floor":18,"turns":6},{"damage":27,"enemies":"2 Thieves","floor":19,"turns":4},{"damage":34,"enemies":"Snake Plant","floor":21,"turns":5},{"damage":34,"enemies":"Shelled Parasite and Fungi","floor":27,"turns":5},{"damage":12,"enemies":"Cultist and Chosen","floor":28,"turns":4},{"damage":9,"enemies":"Snake Plant","floor":30,"turns":1}],"seed_played":"2573946356694264216","potions_obtained":[{"floor":1,"key":"Weak Potion"},{"floor":8,"key":"EssenceOfSteel"},{"floor":13,"key":"Swift Potion"},{"floor":14,"key":"Fire Potion"},{"floor":18,"key":"Swift Potion"},{"floor":27,"key":"Dexterity Potion"}],"is_trial":false,"path_per_floor":["M","?","M","?","?","E","M","E","T","R","?","T","E","M","R","B",null,"M","M","$","M","T","R","$","R","T","M","M","?","M"],"character_chosen":"IRONCLAD","items_purchased":["Pantograph"],"campfire_rested":3,"item_purchase_floors":[20],"current_hp_per_floor":[80,80,80,64,46,18,17,11,11,35,35,35,24,29,53,21,80,66,45,45,17,17,41,41,41,41,13,7,7,0],"gold":141,"neow_bonus":"UPGRADE_CARD","is_prod":false,"is_daily":false,"chose_seed":false,"campfire_upgraded":1,"win_rate":0,"timestamp":1553886677,"path_taken":["M","?","?","?","?","E","M","E","T","R","?","?","E","M","R","BOSS","M","M","$","M","?","R","$","R","T","M","M","?","?"],"build_version":"2019-01-23","purchased_purges":2,"victory":false,"max_hp_per_floor":[80,80,80,80,80,80,80,80,80,80,80,80,80,80,80,80,80,80,80,80,80,80,80,80,80,80,80,80,80,80],"card_choices":[{"not_picked":["Evolve","Sword Boomerang"],"picked":"Headbutt","floor":1},{"not_picked":["Warcry","Pummel"],"picked":"Clothesline","floor":3},{"not_picked":["Dual Wield","Thunderclap","Hemokinesis"],"picked":"SKIP","floor":6},{"not_picked":["Thunderclap","Shockwave"],"picked":"Wild Strike","floor":7},{"not_picked":["Warcry","Perfected Strike"],"picked":"Bludgeon","floor":7},{"not_picked":["Bloodletting","Exhume"],"picked":"Iron Wave","floor":8},{"not_picked":["Carnage","Sword Boomerang"],"picked":"Flame Barrier","floor":13},{"not_picked":["Thunderclap","Wild Strike","Havoc"],"picked":"SKIP","floor":14},{"not_picked":["Whirlwind","Warcry","Perfected Strike"],"picked":"SKIP","floor":14},{"not_picked":["Demon Form","Immolate"],"picked":"Berserk","floor":16},{"not_picked":["Pommel Strike","Infernal Blade"],"picked":"Ghostly Armor","floor":17},{"not_picked":["Headbutt","Sever Soul"],"picked":"Metallicize","floor":17},{"not_picked":["Flex","Corruption"],"picked":"Wild Strike","floor":17},{"not_picked":["Warcry","Body Slam"],"picked":"Burning Pact","floor":17},{"not_picked":["Burning Pact","Warcry"],"picked":"Rupture","floor":17},{"not_picked":["Iron Wave","Havoc"],"picked":"Rampage+1","floor":18},{"not_picked":["Rampage","Iron Wave","Perfected Strike"],"picked":"SKIP","floor":18},{"not_picked":["Flex","Clothesline","Iron Wave"],"picked":"SKIP","floor":19},{"not_picked":["Spot Weakness","Ghostly Armor+1","Sword Boomerang"],"picked":"SKIP","floor":19},{"not_picked":["Evolve","Armaments","Headbutt"],"picked":"SKIP","floor":21},{"not_picked":["Berserk","Thunderclap","True Grit"],"picked":"SKIP","floor":21},{"not_picked":["Flex","Headbutt","Thunderclap+1"],"picked":"SKIP","floor":27},{"not_picked":["Heavy Blade","Clothesline+1","Rage"],"picked":"SKIP","floor":27},{"not_picked":["Blood for Blood","Shockwave","Rampage"],"picked":"SKIP","floor":28},{"not_picked":["Carnage+1","Thunderclap","Twin Strike"],"picked":"SKIP","floor":28}],"player_experience":145375,"relics_obtained":[{"floor":6,"key":"Bottled Flame"},{"floor":8,"key":"Tiny Chest"},{"floor":9,"key":"Shuriken"},{"floor":12,"key":"Gremlin Horn"},{"floor":13,"key":"Torii"},{"floor":22,"key":"Lantern"},{"floor":26,"key":"Mercury Hourglass"}],"event_choices":[{"cards_removed":["Strike_R"],"damage_healed":0,"gold_gain":0,"player_choice":"Offered Basic","damage_taken":0,"max_hp_gain":0,"max_hp_loss":0,"event_name":"Bonfire Elementals","floor":2,"gold_loss":0},{"damage_healed":0,"gold_gain":0,"player_choice":"Entered Light","damage_taken":16,"max_hp_gain":0,"max_hp_loss":0,"event_name":"Shining Light","floor":4,"gold_loss":0,"cards_upgraded":["Defend_R","Defend_R"]},{"damage_healed":0,"gold_gain":0,"player_choice":"Success","damage_taken":18,"relics_obtained":["Prayer Wheel"],"max_hp_gain":0,"max_hp_loss":0,"event_name":"Scrap Ooze","floor":5,"gold_loss":0},{"damage_healed":0,"gold_gain":0,"player_choice":"Grow","damage_taken":0,"max_hp_gain":0,"max_hp_loss":0,"event_name":"Living Wall","floor":11,"gold_loss":0,"cards_upgraded":["Wild Strike"]},{"damage_healed":0,"gold_gain":0,"player_choice":"1 cards matched","damage_taken":0,"max_hp_gain":0,"max_hp_loss":0,"event_name":"Match and Keep!","floor":29,"gold_loss":0,"cards_obtained":["Bash"]}],"is_beta":false,"boss_relics":[{"not_picked":["White Beast Statue","Calling Bell"],"picked":"Orrery"}],"items_purged_floors":[20,24],"is_endless":false,"potions_floor_spawned":[1,8,13,14,18,27],"killed_by":"Snake Plant","ascension_level":4}