{"gold_per_floor":[119,81,81,96,113,147,157,189,189,215,215,225,300,300],"floor_reached":14,"playtime":1033,"items_purged":[],"score":110,"play_id":"61426850-595b-4735-b8c9-ea2b6fbb6344","local_time":"20180721195202","is_ascension_mode":false,"campfire_choices":[{"floor":11,"key":"REST"}],"neow_cost":"CURSE","seed_source_timestamp":298906831274687,"circlet_count":0,"master_deck":["Strike_R+1","Strike_R","Strike_R","Strike_R","Strike_R+1","Defend_R","Defend_R","Defend_R","Defend_R","Bash","Injury","Shrug It Off","Dropkick","Hemokinesis","Clothesline","Body Slam","Clash","Dark Embrace","Dual Wield","Perfected Strike"],"relics":["Burning Blood","Bird Faced Urn","Sundial","Ice Cream","Pantograph","Bottled Tornado"],"potions_floor_usage":[10,10,14],"damage_taken":[{"damage":5,"enemies":"2 Louse","floor":1,"turns":4},{"damage":5,"enemies":"Small Slimes","floor":4,"turns":4},{"damage":4,"enemies":"Cultist","floor":5,"turns":3},{"damage":25,"enemies":"3 Sentries","floor":6,"turns":9},{"damage":10,"enemies":"Blue Slaver","floor":7,"turns":3},{"damage":24,"enemies":"Lagavulin","floor":8,"turns":5},{"damage":8,"enemies":"Gremlin Nob","floor":10,"turns":4},{"damage":13,"enemies":"2 Fungi Beasts","floor":12,"turns":3},{"damage":30,"enemies":"3 Sentries","floor":14,"turns":6}],"seed_played":"-3203703790195154929","potions_obtained":[{"floor":1,"key":"Dexterity Potion"},{"floor":6,"key":"SpeedPotion"},{"floor":8,"key":"EssenceOfSteel"}],"is_trial":false,"path_per_floor":["M","$","?","M","M","E","M","E","T","E","R","M","?"],"character_chosen":"IRONCLAD","items_purchased":["Dropkick"],"campfire_rested":1,"item_purchase_floors":[2],"current_hp_per_floor":[80,80,64,65,67,48,44,26,26,24,48,41,30,0],"gold":300,"neow_bonus":"ONE_RARE_RELIC","is_prod":false,"is_daily":false,"chose_seed":false,"campfire_upgraded":0,"win_rate":0.0,"timestamp":1532195522,"path_taken":["M","$","?","M","?","E","M","E","T","E","R","M","?","E"],"build_version":"2018-07-19v2","purchased_purges":0,"victory":false,"max_hp_per_floor":[80,80,80,80,80,80,80,80,80,80,80,80,80,80],"card_choices":[{"not_picked":["Pommel Strike","Flex"],"picked":"Shrug It Off","floor":1},{"not_picked":["Combust","Twin Strike"],"picked":"Hemokinesis","floor":4},{"not_picked":["Corruption","Twin Strike"],"picked":"Clothesline","floor":5},{"not_picked":["Fire Breathing","Uppercut"],"picked":"Body Slam","floor":6},{"not_picked":["Rupture","Heavy Blade"],"picked":"Clash","floor":7},{"not_picked":["True Grit","Heavy Blade"],"picked":"Dark Embrace","floor":8},{"not_picked":["Sword Boomerang","Shrug It Off"],"picked":"Dual Wield","floor":10},{"not_picked":["Disarm","Reckless Charge"],"picked":"Perfected Strike","floor":12}],"player_experience":71966,"relics_obtained":[{"floor":6,"key":"Sundial"},{"floor":8,"key":"Ice Cream"},{"floor":9,"key":"Pantograph"},{"floor":10,"key":"Bottled Tornado"}],"event_choices":[{"event_name":"Shining Light","player_choice":"Entered Light","floor":3,"damage_taken":0},{"event_name":"World of Goop","player_choice":"Gather Gold","floor":13,"damage_taken":0}],"is_beta":false,"boss_relics":[],"items_purged_floors":[],"is_endless":false,"potions_floor_spawned":[1,6,8],"killed_by":"3 Sentries","ascension_level":0}