{"gold_per_floor":[109,109,109,126,126,158,158,170,170,183,211,221,237,256,256,352,352,366,45,64,154,166,197,211,246,258,270,282,294,321,350,362,475,487,511,523,554,666,678,715,646,681,681,699,699,359,359,0,0,0],"floor_reached":51,"playtime":3543,"items_purged":[],"score":1084,"play_id":"e47ab9ef-d669-4a8f-9bbe-4826ab3f8635","local_time":"20190323212509","is_ascension_mode":true,"campfire_choices":[{"data":"Deadly Poison","floor":7.0,"key":"SMITH"},{"data":"Leg Sweep","floor":15.0,"key":"SMITH"},{"floor":29.0,"key":"REST"},{"floor":32.0,"key":"REST"},{"floor":47,"key":"REST"},{"floor":49,"key":"REST"}],"neow_cost":"NONE","seed_source_timestamp":0,"circlet_count":0,"master_deck":["Defend_G","Defend_G","Defend_G","Defend_G","Defend_G","Strike_G","Strike_G+1","Strike_G","Strike_G","Survivor+1","Neutralize","Dagger Spray","Dodge and Roll+1","Deadly Poison+1","Backflip","Bane","Leg Sweep+1","Noxious Fumes","After Image","Caltrops","Caltrops","Footwork","Acrobatics+1","Dodge and Roll+1","Backflip","A Thousand Cuts","Caltrops+1","Dodge and Roll","Dodge and Roll+1","Footwork","Footwork+1","Dark Shackles","The Bomb","Flash of Steel","Poisoned Stab"],"special_seed":0,"relics":["Ring of the Snake","NeowsBlessing","Darkstone Periapt","Centennial Puzzle","Potion Belt","Fusion Hammer","Mummified Hand","Letter Opener","MawBank","Philosopher\u0027s Stone","Calipers","Matryoshka","Ancient Tea Set","Sundial","Bottled Lightning","Mercury Hourglass"],"potions_floor_usage":[50,50,50,50,50],"damage_taken":[{"damage":0.0,"enemies":"Jaw Worm","floor":1.0,"turns":1.0},{"damage":0.0,"enemies":"Small Slimes","floor":4.0,"turns":1.0},{"damage":0.0,"enemies":"3 Sentries","floor":6.0,"turns":1.0},{"damage":0.0,"enemies":"2 Louse","floor":8.0,"turns":2.0},{"damage":2.0,"enemies":"Gremlin Gang","floor":10.0,"turns":7.0},{"damage":12.0,"enemies":"Lagavulin","floor":11.0,"turns":7.0},{"damage":0.0,"enemies":"Exordium Wildlife","floor":12.0,"turns":5.0},{"damage":3.0,"enemies":"Red Slaver","floor":13.0,"turns":3.0},{"damage":0.0,"enemies":"Blue Slaver","floor":14.0,"turns":4.0},{"damage":11.0,"enemies":"The Guardian","floor":16.0,"turns":10.0},{"damage":0.0,"enemies":"3 Byrds","floor":18.0,"turns":5.0},{"damage":1.0,"enemies":"Chosen","floor":20.0,"turns":4.0},{"damage":12.0,"enemies":"Snake Plant","floor":22.0,"turns":4.0},{"damage":2.0,"enemies":"Gremlin Leader","floor":23.0,"turns":10.0},{"damage":0.0,"enemies":"Centurion and Healer","floor":24.0,"turns":7.0},{"damage":9.0,"enemies":"Slavers","floor":25.0,"turns":4.0},{"damage":13.0,"enemies":"Chosen and Byrds","floor":30.0,"turns":7.0},{"damage":12.0,"enemies":"Shelled Parasite and Fungi","floor":31.0,"turns":5.0},{"damage":11.0,"enemies":"Collector","floor":33.0,"turns":14.0},{"damage":12.0,"enemies":"3 Darklings","floor":35.0,"turns":4.0},{"damage":3.0,"enemies":"3 Shapes","floor":37.0,"turns":4.0},{"damage":10,"enemies":"Mind Bloom Boss Battle","floor":38,"turns":6},{"damage":2,"enemies":"Nemesis","floor":40,"turns":9},{"damage":0,"enemies":"Giant Head","floor":42,"turns":12},{"damage":8,"enemies":"3 Darklings","floor":44,"turns":5},{"damage":3,"enemies":"Awakened One","floor":50,"turns":17}],"seed_played":"2688188642027566139","potions_obtained":[{"floor":4.0,"key":"Block Potion"},{"floor":6.0,"key":"GhostInAJar"},{"floor":13.0,"key":"Energy Potion"},{"floor":14.0,"key":"Poison Potion"},{"floor":18.0,"key":"SteroidPotion"},{"floor":25.0,"key":"Ancient Potion"},{"floor":30.0,"key":"SteroidPotion"},{"floor":31.0,"key":"Dexterity Potion"},{"floor":35.0,"key":"PowerPotion"},{"floor":42,"key":"PowerPotion"}],"is_trial":false,"path_per_floor":["M","?","?","M","?","E","R","M","T","M","E","M","M","M","R","B",null,"M","$","M","?","M","E","M","E","T","$","?","R","M","M","R","B",null,"M","?","M","?","?","E","$","E","T","M","?","$","R","$","R","B",null],"character_chosen":"THE_SILENT","items_purchased":["Mummified Hand","Caltrops","Footwork","Mercury Hourglass","Dark Shackles","The Bomb","SkillPotion","Flash of Steel","Poisoned Stab"],"campfire_rested":4,"item_purchase_floors":[19,19,41,46,46,48,48,48,48],"current_hp_per_floor":[63,49,49,49,49,49,49,49,49,47,35,35,32,32,32,21,58,58,58,57,43,31,29,29,20,20,20,20,41,28,16,37,26,59,47,47,44,34,34,32,32,32,32,24,24,24,43,43,62,59],"gold":0,"neow_bonus":"THREE_ENEMY_KILL","is_prod":false,"is_daily":false,"chose_seed":false,"campfire_upgraded":2,"win_rate":0,"timestamp":1553372709,"path_taken":["M","?","?","M","?","E","R","M","T","M","E","?","M","?","R","BOSS","M","$","M","?","?","E","M","E","T","?","?","R","M","M","R","BOSS","M","?","M","?","?","E","?","E","T","M","?","$","R","$","R","BOSS"],"build_version":"2019-01-23","purchased_purges":0,"victory":true,"max_hp_per_floor":[70,70,70,70,70,70,70,70,70,70,70,70,70,70,70,70,70,70,70,70,70,70,70,70,70,70,70,70,70,70,70,70,70,70,70,66,66,66,66,66,66,66,66,66,66,66,66,66,66,66],"card_choices":[{"not_picked":["Blade Dance","Riddle With Holes"],"picked":"Dagger Spray","floor":1.0},{"not_picked":["Bane","Heel Hook"],"picked":"Dodge and Roll","floor":4.0},{"not_picked":["PiercingWail","Tools of the Trade"],"picked":"Deadly Poison","floor":6.0},{"not_picked":["PiercingWail","Prepared"],"picked":"Backflip","floor":8.0},{"not_picked":["Eviscerate","Distraction","Deflect"],"picked":"SKIP","floor":10.0},{"not_picked":["Sucker Punch","Expertise"],"picked":"Bane","floor":11.0},{"not_picked":["Slice","Skewer"],"picked":"Leg Sweep","floor":12.0},{"not_picked":["Riddle With Holes","Caltrops"],"picked":"Noxious Fumes","floor":13.0},{"not_picked":["Accuracy","Slice","Dagger Throw"],"picked":"SKIP","floor":14.0},{"not_picked":["Envenom","Die Die Die"],"picked":"After Image","floor":16.0},{"not_picked":["Distraction","Choke+1","Dagger Throw+1"],"picked":"SKIP","floor":18.0},{"not_picked":["Riddle With Holes","Dodge and Roll","Dagger Spray+1"],"picked":"SKIP","floor":20.0},{"not_picked":["Sucker Punch+1","Deadly Poison","Dagger Throw"],"picked":"SKIP","floor":22.0},{"not_picked":["Deflect","Expertise"],"picked":"Caltrops","floor":23.0},{"not_picked":["Poisoned Stab","Sucker Punch"],"picked":"Footwork","floor":24.0},{"not_picked":["Dagger Throw","PiercingWail"],"picked":"Acrobatics+1","floor":25.0},{"not_picked":["Acrobatics","Phantasmal Killer"],"picked":"Dodge and Roll+1","floor":30.0},{"not_picked":["Endless Agony","PiercingWail+1"],"picked":"Backflip","floor":31.0},{"not_picked":["Venomology","Unload"],"picked":"A Thousand Cuts","floor":33.0},{"not_picked":["Terror","Dagger Spray+1"],"picked":"Caltrops+1","floor":35.0},{"not_picked":["Cloak And Dagger","PiercingWail+1","Dagger Spray"],"picked":"SKIP","floor":37.0},{"not_picked":["Dagger Spray+1","Deflect+1"],"picked":"Dodge and Roll","floor":38},{"not_picked":["Leg Sweep","Choke"],"picked":"Dodge and Roll+1","floor":40},{"not_picked":["Sucker Punch","Blade Dance","Quick Slash"],"picked":"SKIP","floor":42},{"not_picked":["Accuracy","Blade Dance"],"picked":"Footwork+1","floor":44}],"player_experience":268522,"relics_obtained":[{"floor":6.0,"key":"Darkstone Periapt"},{"floor":9.0,"key":"Centennial Puzzle"},{"floor":11.0,"key":"Potion Belt"},{"floor":23.0,"key":"Letter Opener"},{"floor":25.0,"key":"MawBank"},{"floor":38,"key":"Calipers"},{"floor":40,"key":"Matryoshka"},{"floor":42,"key":"Ancient Tea Set"},{"floor":43,"key":"Sundial"},{"floor":43,"key":"Bottled Lightning"}],"event_choices":[{"damage_healed":0.0,"max_hp_gain":0.0,"max_hp_loss":0.0,"gold_gain":0.0,"event_name":"Shining Light","player_choice":"Entered Light","floor":2.0,"gold_loss":0.0,"damage_taken":14.0,"cards_upgraded":["Strike_G","Survivor"]},{"damage_healed":0.0,"max_hp_gain":0.0,"max_hp_loss":0.0,"gold_gain":0.0,"event_name":"Golden Wing","player_choice":"Ignored","floor":3.0,"gold_loss":0.0,"damage_taken":0.0},{"damage_healed":0.0,"max_hp_gain":0.0,"max_hp_loss":0.0,"gold_gain":0.0,"event_name":"Upgrade Shrine","player_choice":"Upgraded","floor":5.0,"gold_loss":0.0,"damage_taken":0.0,"cards_upgraded":["Dodge and Roll"]},{"damage_healed":0.0,"max_hp_gain":0.0,"max_hp_loss":0.0,"gold_gain":90.0,"event_name":"Knowing Skull","player_choice":"GOLD ","floor":21.0,"potions_obtained":[],"gold_loss":0.0,"damage_taken":14.0,"cards_obtained":[]},{"damage_healed":0.0,"max_hp_gain":0.0,"max_hp_loss":0.0,"gold_gain":0.0,"event_name":"Ghosts","player_choice":"Ignored","floor":28.0,"gold_loss":0.0,"damage_taken":0.0},{"damage_healed":0.0,"max_hp_gain":0.0,"max_hp_loss":4.0,"gold_gain":0.0,"event_name":"Winding Halls","player_choice":"Max HP","floor":36.0,"gold_loss":0.0,"damage_taken":0.0},{"damage_healed":0,"gold_gain":0,"player_choice":"Fight","damage_taken":0,"max_hp_gain":0,"max_hp_loss":0,"event_name":"MindBloom","floor":38,"gold_loss":0},{"cards_removed":["Strike_G"],"damage_healed":0,"gold_gain":0,"player_choice":"Removed Attack","damage_taken":0,"max_hp_gain":0,"max_hp_loss":0,"event_name":"Falling","floor":39,"gold_loss":0},{"damage_healed":0,"gold_gain":0,"player_choice":"Memory 1","damage_taken":0,"max_hp_gain":0,"max_hp_loss":0,"event_name":"SensoryStone","floor":45,"gold_loss":0}],"is_beta":false,"boss_relics":[{"not_picked":["Busted Crown","WristBlade"],"picked":"Fusion Hammer"},{"not_picked":["Calling Bell","Runic Dome"],"picked":"Philosopher\u0027s Stone"}],"items_purged_floors":[],"is_endless":false,"potions_floor_spawned":[4,6,13,14,18,25,30,31,35,42],"ascension_level":6}