{"gold_per_floor":[119,135,153,153,167,167,194,194,218,218,248,258,315,335,335,440,440,450,465,101,114,125,155,155,155,226,226,226,226,325,360,360,360],"floor_reached":33,"playtime":1925,"items_purged":["Strike_R"],"score":354,"play_id":"f2643127-a2b5-491d-95f1-19f57cd063ce","local_time":"20190314201336","is_ascension_mode":true,"campfire_choices":[{"data":"Armaments","floor":6.0,"key":"SMITH"},{"data":"True Grit","floor":8.0,"key":"SMITH"},{"data":"Uppercut","floor":10.0,"key":"SMITH"},{"data":"Bash","floor":15.0,"key":"SMITH"},{"data":"Warcry","floor":24,"key":"SMITH"},{"data":"Shrug It Off","floor":29,"key":"SMITH"},{"data":"Battle Trance","floor":32,"key":"SMITH"}],"neow_cost":"NONE","seed_source_timestamp":0,"circlet_count":0,"master_deck":["Strike_R","Strike_R","Strike_R","Defend_R","Defend_R","Defend_R","Defend_R","Bash+1","Cleave","True Grit+1","Armaments+1","Uppercut+1","Battle Trance+1","Cleave","Wild Strike","Warcry+1","Flex","Immolate","Dropkick","Seeing Red","Warcry+1","Dark Shackles","Flame Barrier","Sword Boomerang","Shrug It Off+1"],"special_seed":0,"relics":["Burning Blood","Vajra","Blood Vial","Anchor","Ancient Tea Set","Orrery","ClockworkSouvenir","Strawberry","Bag of Marbles"],"potions_floor_usage":[23,23,31,33],"damage_taken":[{"damage":5.0,"enemies":"2 Louse","floor":1.0,"turns":4.0},{"damage":6.0,"enemies":"Cultist","floor":2.0,"turns":3.0},{"damage":13.0,"enemies":"Jaw Worm","floor":3.0,"turns":4.0},{"damage":17.0,"enemies":"Exordium Thugs","floor":5.0,"turns":4.0},{"damage":26.0,"enemies":"Gremlin Nob","floor":7.0,"turns":5.0},{"damage":9.0,"enemies":"3 Sentries","floor":11.0,"turns":7.0},{"damage":1.0,"enemies":"Looter","floor":12.0,"turns":2.0},{"damage":0.0,"enemies":"3 Sentries","floor":13.0,"turns":3.0},{"damage":14.0,"enemies":"Large Slime","floor":14.0,"turns":5.0},{"damage":28.0,"enemies":"Slime Boss","floor":16.0,"turns":7.0},{"damage":18.0,"enemies":"3 Byrds","floor":18.0,"turns":5.0},{"damage":1.0,"enemies":"2 Thieves","floor":19.0,"turns":2.0},{"damage":3.0,"enemies":"Snake Plant","floor":21.0,"turns":4.0},{"damage":0,"enemies":"Chosen and Byrds","floor":22,"turns":7},{"damage":18,"enemies":"Book of Stabbing","floor":23,"turns":4},{"damage":11,"enemies":"Slavers","floor":31,"turns":4},{"damage":82,"enemies":"Collector","floor":33,"turns":7}],"seed_played":"-9033342155323872066","potions_obtained":[{"floor":1.0,"key":"LiquidBronze"},{"floor":3.0,"key":"SkillPotion"},{"floor":4.0,"key":"Fire Potion"},{"floor":4.0,"key":"Fire Potion"},{"floor":7.0,"key":"SkillPotion"},{"floor":13.0,"key":"Poison Potion"},{"floor":21.0,"key":"Weak Potion"},{"floor":23,"key":"SkillPotion"}],"is_trial":false,"path_per_floor":["M","M","M","?","M","R","E","R","T","R","E","M","?","M","R","B",null,"M","M","$","M","M","E","R","?","T","?","?","R","?","E","R","B"],"character_chosen":"IRONCLAD","items_purchased":["Dark Shackles","ClockworkSouvenir"],"campfire_rested":0,"item_purchase_floors":[20,20],"current_hp_per_floor":[80,80,73,73,62,62,42,42,42,42,41,48,56,50,50,30,80,68,75,75,80,80,75,75,75,75,75,58,58,58,55,55,0],"gold":360,"neow_bonus":"REMOVE_CARD","is_prod":false,"is_daily":false,"chose_seed":false,"campfire_upgraded":7,"win_rate":0,"timestamp":1552590816,"path_taken":["M","M","M","?","M","R","E","R","T","R","E","?","?","M","R","BOSS","M","M","$","M","M","E","R","?","T","?","?","R","?","E","R","BOSS"],"build_version":"2019-01-23","purchased_purges":1,"victory":false,"max_hp_per_floor":[80,80,80,80,80,80,80,80,80,80,80,80,80,80,80,80,80,80,80,80,80,80,87,87,87,87,87,92,92,92,92,92,92],"card_choices":[{"not_picked":["Pummel","Perfected Strike"],"picked":"Cleave","floor":1.0},{"not_picked":["Whirlwind","Headbutt"],"picked":"True Grit","floor":2.0},{"not_picked":["Searing Blow","Body Slam"],"picked":"Armaments","floor":3.0},{"not_picked":["Power Through","Rage"],"picked":"Uppercut","floor":5.0},{"not_picked":["Entrench","Anger"],"picked":"Battle Trance","floor":7.0},{"not_picked":["Clash","Ghostly Armor"],"picked":"Cleave","floor":11.0},{"not_picked":["Warcry","Entrench"],"picked":"Wild Strike","floor":12.0},{"not_picked":["Body Slam","Exhume"],"picked":"Warcry","floor":13.0},{"not_picked":["Armaments","Body Slam"],"picked":"Flex","floor":14.0},{"not_picked":["Offering","Brutality"],"picked":"Immolate","floor":16.0},{"not_picked":["Searing Blow","Warcry"],"picked":"Dropkick","floor":17.0},{"not_picked":["Perfected Strike","Pommel Strike"],"picked":"Seeing Red","floor":18.0},{"not_picked":["Carnage","Anger"],"picked":"Warcry+1","floor":19.0},{"not_picked":["Thunderclap","Dual Wield"],"picked":"Flame Barrier","floor":21.0},{"not_picked":["Thunderclap","Pommel Strike","Heavy Blade"],"picked":"SKIP","floor":22},{"not_picked":["Inflame+1","Twin Strike+1"],"picked":"Sword Boomerang","floor":23},{"not_picked":["Armaments","Fiend Fire","Clash"],"picked":"SKIP","floor":31}],"player_experience":254846,"relics_obtained":[{"floor":7.0,"key":"Vajra"},{"floor":9.0,"key":"Blood Vial"},{"floor":11.0,"key":"Anchor"},{"floor":23,"key":"Strawberry"},{"floor":31,"key":"Bag of Marbles"}],"event_choices":[{"damage_healed":0.0,"max_hp_gain":0.0,"max_hp_loss":0.0,"gold_gain":0.0,"event_name":"Lab","player_choice":"Got Potions","floor":4.0,"gold_loss":0.0,"damage_taken":0.0},{"damage_healed":0.0,"max_hp_gain":0.0,"max_hp_loss":0.0,"gold_gain":30.0,"event_name":"Dead Adventurer","player_choice":"Searched \u00273\u0027 times","floor":13.0,"gold_loss":0.0,"damage_taken":0.0,"relics_obtained":["Ancient Tea Set"]},{"damage_healed":0,"gold_gain":0,"player_choice":"Read","damage_taken":0,"max_hp_gain":0,"max_hp_loss":0,"event_name":"The Library","floor":25,"gold_loss":0,"cards_obtained":["Shrug It Off"]},{"damage_healed":0,"gold_gain":0,"player_choice":"Ignored","damage_taken":0,"max_hp_gain":0,"max_hp_loss":0,"event_name":"Ghosts","floor":27,"gold_loss":0},{"damage_healed":0,"gold_gain":0,"player_choice":"Shed Blood","damage_taken":22,"max_hp_gain":5,"max_hp_loss":0,"event_name":"Forgotten Altar","floor":28,"gold_loss":0},{"damage_healed":0,"gold_gain":99,"player_choice":"Stole From Cult","damage_taken":0,"max_hp_gain":0,"max_hp_loss":0,"event_name":"Nest","floor":30,"gold_loss":0}],"is_beta":false,"boss_relics":[{"not_picked":["Empty Cage","Runic Dome"],"picked":"Orrery"}],"items_purged_floors":[20],"is_endless":false,"potions_floor_spawned":[1,3,7,13,21,23],"killed_by":"Collector","ascension_level":4}