{"gold_per_floor":[223,10,129,242,361,361,9,9,125,241,352,352,144,144,285,404,517,517],"floor_reached":18,"playtime":1842,"items_purged":["Strike_G"],"score":2533,"play_id":"8318a352-c490-484e-b2ce-7814da622c69","local_time":"20190428172853","daily_mods":["CTS - Bronze Difficulty","CTS - Boss Rush","Uncertain Future"],"is_ascension_mode":false,"campfire_choices":[{"floor":8,"key":"REST"},{"floor":14,"key":"REST"}],"neow_cost":"","seed_source_timestamp":0,"circlet_count":0,"master_deck":["Defend_G","Defend_G","Defend_G+1","Defend_G","Defend_G","Strike_G","Strike_G","Strike_G","Strike_G+1","Survivor","Neutralize","Transmutation+1","strawberrySpire:Momentum+1","ReplayTheSpireMod:Necrogeddon+1","Deflect+1","Flash of Steel+1","Flash of Steel+1","Infinite Blades+1","Finisher+1","Infinite Blades+1","ReplayTheSpireMod:Shiv Toss+1","Infinite Blades+1","Sucker Punch+1","Acrobatics+1","hubris:Sniper+1","ReplayTheSpireMod:Scrap Shanks+1","Static Discharge+1","strawberrySpire:AnotherWinter+1","Footwork+1","Dash+1","FIFO Queue+1","Fluid Movement+1","ReplayTheSpireMod:Brewmster+1","Pot Of Greed+1","Pot Of Greed+1","Pot Of Greed+1","Deflect+1"],"relics":["Ring of the Snake","The Courier","Molten Egg 2","Toxic Egg 2","Frozen Egg 2","sagemod:The_Guidebook_Guide","Replay:Wax Seal","conspire:TopHat","Simple Rune","aspiration:DefectSkillbook","Darkstone Periapt","Centennial Puzzle","Pear","conspire:SlowCooker","hubris:Teleporter","Grinning Jar","conspire:DeflatedDodgeball"],"potions_floor_usage":[10,10,10,15,15,15,15,15,15,16,16,16,16,16,16,16,16,16,16,16,17,17,17,17,18,18,18],"damage_taken":[{"damage":47,"enemies":"The Guardian","floor":3,"turns":13},{"damage":0,"enemies":"Slime Boss","floor":4,"turns":5},{"damage":1,"enemies":"Hexaghost","floor":5,"turns":6},{"damage":12,"enemies":"Automaton","floor":9,"turns":5},{"damage":9,"enemies":"Champ","floor":10,"turns":7},{"damage":19,"enemies":"Collector","floor":11,"turns":5},{"damage":25,"enemies":"Awakened One","floor":15,"turns":11},{"damage":23,"enemies":"Donu and Deca","floor":16,"turns":8},{"damage":0,"enemies":"Time Eater","floor":17,"turns":11},{"damage":70,"enemies":"The Heart","floor":18,"turns":5}],"seed_played":"6435243774138444685","potions_obtained":[{"floor":3,"key":"SteroidPotion"},{"floor":4,"key":"Poison Potion"},{"floor":16,"key":"Regen Potion"}],"is_trial":true,"path_per_floor":["$","$","M","M","M","T","$","R","M","M","M","T","$","R","M","M","M","M"],"character_chosen":"THE_SILENT","items_purchased":["sagemod:The_Guidebook_Guide","Transmutation+1","strawberrySpire:Momentum+1","ReplayTheSpireMod:Necrogeddon+1","Deflect+1","Flash of Steel+1","Flash of Steel+1","Infinite Blades+1","Finisher+1","Infinite Blades+1","ReplayTheSpireMod:Shiv Toss+1","Infinite Blades+1","Sucker Punch+1","ReplayTheSpireMod:Scrap Shanks+1","Static Discharge+1","strawberrySpire:AnotherWinter+1","Footwork+1","Fire Potion","ReplayTheSpireMod:Brewmster+1"],"campfire_rested":2,"item_purchase_floors":[1,1,1,1,1,1,1,1,1,2,2,2,2,7,7,7,7,7,13],"current_hp_per_floor":[70,70,23,23,22,22,22,43,46,42,33,33,33,57,32,9,53,0],"gold":517,"neow_bonus":"","is_prod":false,"is_daily":false,"chose_seed":false,"campfire_upgraded":0,"win_rate":0,"timestamp":1556465333,"path_taken":["$","$","M","M","M","T","$","R","M","M","M","T","$","R","M","M","M","M"],"build_version":"2019-01-23","purchased_purges":1,"victory":false,"max_hp_per_floor":[70,70,70,70,70,70,70,70,70,70,80,80,80,80,80,80,80,80],"card_choices":[{"not_picked":["PiercingWail+1","Hidden Blade+1"],"picked":"Acrobatics+1","floor":3},{"not_picked":["Slice+1","Dagger Spray+1"],"picked":"hubris:Sniper+1","floor":4},{"not_picked":["strawberrySpire:Pant+1","strawberrySpire:Insectonator+1","Eviscerate+1"],"picked":"SKIP","floor":5},{"not_picked":["Eviscerate+1","Sweeping Beam+1","Compile Driver"],"picked":"Dash+1","floor":9},{"not_picked":["strawberrySpire:SpinKick+1","jedi:BurstLightning+1","Blade Dance"],"picked":"FIFO Queue+1","floor":10},{"not_picked":["Coolheaded+1","Backstab+1","Ball Lightning+1"],"picked":"Fluid Movement","floor":11},{"not_picked":["jedi:blockon+1","FTL+1","BasicCrystalCard+1","jedi:sharpshooter"],"picked":"SKIP","floor":15},{"not_picked":["strawberrySpire:AngeryBot+1","strawberrySpire:NeonFlight+1","jedi:BurstFrost+1","Underhanded Strike"],"picked":"SKIP","floor":16},{"not_picked":["Fusion+1","jedi:rejectivetoxin+1","jedi:pocketpoison"],"picked":"Deflect+1","floor":17}],"player_experience":447163,"relics_obtained":[{"floor":3,"key":"Replay:Wax Seal"},{"floor":4,"key":"conspire:TopHat"},{"floor":5,"key":"Simple Rune"},{"floor":9,"key":"Darkstone Periapt"},{"floor":10,"key":"Centennial Puzzle"},{"floor":11,"key":"Pear"},{"floor":15,"key":"hubris:Teleporter"},{"floor":16,"key":"Grinning Jar"},{"floor":17,"key":"conspire:DeflatedDodgeball"}],"event_choices":[],"is_beta":false,"boss_relics":[{"not_picked":["hubris:CrackedHourglass","Replay:Cursed D8"],"picked":"aspiration:DefectSkillbook"},{"not_picked":["Snecko Scales","strawberrySpire:SolarisEssence"],"picked":"conspire:SlowCooker"}],"items_purged_floors":[13],"is_endless":false,"potions_floor_spawned":[3,4,11,16],"killed_by":"The Heart","ascension_level":0}