{"gold_per_floor":[116,136,146,165,176,204,204,237,300,322,347,372,384,396,408,519,531,527,552,564,590,622,634,658,670,764,794,822,834],"floor_reached":29,"playtime":1971,"items_purged":[],"score":245,"play_id":"a1349941-e534-42e8-bc9d-af174229cfa8","local_time":"20190429144446","is_ascension_mode":false,"campfire_choices":[{"data":"Cleave","floor":7,"key":"SMITH"},{"data":"True Grit","floor":13,"key":"SMITH"},{"data":"Shrug It Off","floor":15,"key":"SMITH"},{"floor":23,"key":"REST"},{"data":"Clothesline","floor":25,"key":"SMITH"}],"neow_cost":"TEN_PERCENT_HP_LOSS","seed_source_timestamp":836691472216940,"circlet_count":0,"master_deck":["Strike_R","Strike_R","Strike_R","Strike_R","Defend_R","Defend_R","Defend_R","Bash+1","Headbutt","Cleave+1","Warcry","True Grit+1","Shrug It Off+1","Clothesline+1","Wild Strike"],"relics":["Black Blood","Blood Vial","MawBank","Red Skull","Paper Frog"],"potions_floor_usage":[8,8,10,16,24,28,28,28],"damage_taken":[{"damage":1,"enemies":"Cultist","floor":1,"turns":3},{"damage":0,"enemies":"2 Louse","floor":2,"turns":2},{"damage":8,"enemies":"Jaw Worm","floor":3,"turns":3},{"damage":14,"enemies":"2 Fungi Beasts","floor":4,"turns":3},{"damage":4,"enemies":"3 Louse","floor":5,"turns":2},{"damage":31,"enemies":"Gremlin Nob","floor":6,"turns":5},{"damage":34,"enemies":"Lagavulin","floor":8,"turns":8},{"damage":5,"enemies":"Lots of Slimes","floor":10,"turns":2},{"damage":0,"enemies":"Large Slime","floor":11,"turns":4},{"damage":0,"enemies":"Looter","floor":12,"turns":3},{"damage":19,"enemies":"Hexaghost","floor":16,"turns":16},{"damage":13,"enemies":"2 Thieves","floor":18,"turns":4},{"damage":27,"enemies":"Spheric Guardian","floor":19,"turns":12},{"damage":11,"enemies":"Snecko","floor":21,"turns":7},{"damage":56,"enemies":"Sentry and Sphere","floor":22,"turns":8},{"damage":17,"enemies":"Shelled Parasite and Fungi","floor":24,"turns":6},{"damage":21,"enemies":"3 Cultists","floor":27,"turns":5},{"damage":16,"enemies":"Snake Plant","floor":28,"turns":2},{"damage":18,"enemies":"Centurion and Healer","floor":29,"turns":5}],"seed_played":"6960499991285625132","potions_obtained":[{"floor":2,"key":"SpeedPotion"},{"floor":4,"key":"GamblersBrew"},{"floor":8,"key":"PowerPotion"},{"floor":10,"key":"Energy Potion"},{"floor":12,"key":"Block Potion"},{"floor":16,"key":"Strength Potion"},{"floor":19,"key":"Poison Potion"},{"floor":24,"key":"SneckoOil"},{"floor":27,"key":"AttackPotion"}],"is_trial":false,"path_per_floor":["M","M","M","M","M","E","R","E","T","M","M","M","R","?","R","B",null,"M","M","?","M","M","R","M","R","T","M","M","M"],"character_chosen":"IRONCLAD","items_purchased":[],"campfire_rested":1,"item_purchase_floors":[],"current_hp_per_floor":[72,72,70,62,64,39,39,13,13,16,24,32,32,32,32,21,72,69,54,54,55,11,32,27,27,27,18,14,0],"gold":834,"neow_bonus":"REMOVE_TWO","is_prod":false,"is_daily":false,"chose_seed":false,"campfire_upgraded":4,"win_rate":0,"timestamp":1556541886,"path_taken":["M","?","M","M","M","E","R","E","T","M","M","?","R","?","R","BOSS","M","M","?","?","M","R","M","R","T","M","M","M"],"build_version":"2019-01-23","purchased_purges":0,"victory":false,"max_hp_per_floor":[72,72,72,72,72,72,72,72,72,72,72,72,72,72,72,72,72,72,72,72,72,72,72,72,72,72,72,72,72],"card_choices":[{"not_picked":["True Grit","Entrench"],"picked":"Headbutt","floor":1},{"not_picked":["Clothesline","Wild Strike"],"picked":"Cleave","floor":2},{"not_picked":["Entrench","Hemokinesis"],"picked":"Warcry","floor":3},{"not_picked":["Exhume","Havoc"],"picked":"True Grit","floor":4},{"not_picked":["Dual Wield","Sentinel","Perfected Strike"],"picked":"SKIP","floor":5},{"not_picked":["Seeing Red","Shockwave","Spot Weakness"],"picked":"SKIP","floor":6},{"not_picked":["Heavy Blade","Warcry"],"picked":"Shrug It Off","floor":8},{"not_picked":["Flex","Combust","Fire Breathing"],"picked":"SKIP","floor":10},{"not_picked":["Bloodletting","Spot Weakness","Anger"],"picked":"SKIP","floor":11},{"not_picked":["Warcry","Clash","Battle Trance"],"picked":"SKIP","floor":12},{"not_picked":["Warcry","Clash","Battle Trance"],"picked":"SKIP","floor":12},{"not_picked":["Heavy Blade","Perfected Strike+1","Body Slam"],"picked":"SKIP","floor":18},{"not_picked":["Anger","Inflame"],"picked":"Clothesline","floor":19},{"not_picked":["Flame Barrier+1","Combust"],"picked":"Wild Strike","floor":21},{"not_picked":["Clash","Sever Soul+1","Infernal Blade"],"picked":"SKIP","floor":22},{"not_picked":["True Grit","Wild Strike+1","Twin Strike"],"picked":"SKIP","floor":24},{"not_picked":["Demon Form","Shockwave+1","Havoc"],"picked":"SKIP","floor":27},{"not_picked":["Carnage","Clash+1","Thunderclap"],"picked":"SKIP","floor":28}],"player_experience":200699,"relics_obtained":[{"floor":6,"key":"Blood Vial"},{"floor":8,"key":"MawBank"},{"floor":9,"key":"Red Skull"},{"floor":26,"key":"Paper Frog"}],"event_choices":[{"damage_healed":0,"gold_gain":0,"player_choice":"Ignored","damage_taken":0,"max_hp_gain":0,"max_hp_loss":0,"event_name":"Transmorgrifier","floor":14,"gold_loss":0},{"damage_healed":0,"gold_gain":0,"player_choice":"Upgraded","damage_taken":0,"max_hp_gain":0,"max_hp_loss":0,"event_name":"Upgrade Shrine","floor":20,"gold_loss":0,"cards_upgraded":["Bash"]}],"is_beta":false,"boss_relics":[{"not_picked":["Runic Pyramid","Snecko Eye"],"picked":"Black Blood"}],"items_purged_floors":[],"is_endless":false,"potions_floor_spawned":[2,4,8,10,12,16,19,24,27],"killed_by":"Centurion and Healer","ascension_level":0}