{"gold_per_floor":[119,119,92,92,106,106,138,138,138,152,168,95,95,127,127,202,202,219,134,151,151,171,198,198,230,283,312,312,411,336,261,261,338,338,351,96,96,196,222,251,30,42,117,145,145,165,182,192,192,192],"floor_reached":50,"playtime":2425,"items_purged":["Strike_R"],"score":1054,"play_id":"90dfe37c-59d2-49d7-82e8-0c274618e37c","local_time":"20190429151400","is_ascension_mode":true,"campfire_choices":[{"data":"Bash","floor":6.0,"key":"SMITH"},{"data":"Headbutt","floor":8.0,"key":"SMITH"},{"data":"Shrug It Off","floor":13.0,"key":"SMITH"},{"data":"Immolate","floor":15.0,"key":"SMITH"},{"floor":24.0,"key":"REST"},{"floor":28.0,"key":"REST"},{"data":"Heavy Blade","floor":32.0,"key":"SMITH"},{"floor":45.0,"key":"REST"},{"floor":49.0,"key":"REST"}],"neow_cost":"NONE","seed_source_timestamp":446130645915858,"circlet_count":0,"master_deck":["AscendersBane","Strike_R","Strike_R+1","Strike_R+1","Defend_R","Defend_R","Defend_R","Defend_R","Bash+1","Disarm","Headbutt+1","Shrug It Off+1","Dropkick","Battle Trance","Immolate+1","Double Tap","Heavy Blade+1","Dropkick","Inflame","Inflame+1","Double Tap","Inflame","Chrysalis","Pummel","Thunderclap+1","Dual Wield","Heavy Blade"],"special_seed":0,"relics":["Burning Blood","NeowsBlessing","Red Skull","Shuriken","Pear","Omamori","Orrery","Thread and Needle","Bottled Lightning","Darkstone Periapt","Dream Catcher","Dodecahedron","Cursed Key","Magic Flower","Pen Nib","MawBank","Whetstone","Mummified Hand","Blue Candle"],"potions_floor_usage":[],"damage_taken":[{"damage":0.0,"enemies":"Small Slimes","floor":1.0,"turns":1.0},{"damage":0.0,"enemies":"Jaw Worm","floor":5.0,"turns":1.0},{"damage":0.0,"enemies":"Lagavulin","floor":7.0,"turns":1.0},{"damage":0.0,"enemies":"Cultist","floor":10.0,"turns":3.0},{"damage":12.0,"enemies":"Looter","floor":11.0,"turns":4.0},{"damage":24.0,"enemies":"Gremlin Nob","floor":14.0,"turns":4.0},{"damage":23.0,"enemies":"Slime Boss","floor":16.0,"turns":9.0},{"damage":22.0,"enemies":"2 Thieves","floor":18.0,"turns":2.0},{"damage":16.0,"enemies":"Shell Parasite","floor":20.0,"turns":5.0},{"damage":8.0,"enemies":"3 Cultists","floor":22.0,"turns":4.0},{"damage":40.0,"enemies":"Book of Stabbing","floor":23.0,"turns":6.0},{"damage":0.0,"enemies":"Gremlin Leader","floor":25.0,"turns":5.0},{"damage":40.0,"enemies":"Book of Stabbing","floor":27.0,"turns":4.0},{"damage":30.0,"enemies":"Champ","floor":33.0,"turns":9.0},{"damage":0.0,"enemies":"3 Darklings","floor":35.0,"turns":2.0},{"damage":13.0,"enemies":"Mind Bloom Boss Battle","floor":38.0,"turns":5.0},{"damage":46.0,"enemies":"Nemesis","floor":40.0,"turns":5.0},{"damage":0.0,"enemies":"3 Shapes","floor":42.0,"turns":3.0},{"damage":34.0,"enemies":"Giant Head","floor":44.0,"turns":7.0},{"damage":20.0,"enemies":"Sphere and 2 Shapes","floor":46.0,"turns":2.0},{"damage":6.0,"enemies":"Jaw Worm Horde","floor":47.0,"turns":3.0},{"damage":13.0,"enemies":"Spire Growth","floor":48.0,"turns":3.0},{"damage":62,"enemies":"Donu and Deca","floor":50,"turns":3}],"seed_played":"834357904822350790","potions_obtained":[{"floor":4.0,"key":"EntropicBrew"},{"floor":4.0,"key":"Dexterity Potion"},{"floor":27.0,"key":"Explosive Potion"},{"floor":44.0,"key":"Explosive Potion"},{"floor":46.0,"key":"LiquidBronze"},{"floor":48.0,"key":"SpeedPotion"}],"is_trial":false,"path_per_floor":["M","?","$","?","M","R","E","R","T","M","M","$","R","E","R","B",null,"M","?","M","?","M","E","R","E","T","E","R","?","?","$","R","B",null,"M","$","?","?","T","E","$","M","T","E","R","M","M","M","R","B"],"character_chosen":"IRONCLAD","items_purchased":["Cleave","Battle Trance","Inflame","Chrysalis","Whetstone","Pummel"],"campfire_rested":4,"item_purchase_floors":[3,12,36,36,41,41],"current_hp_per_floor":[78,71,71,71,77,77,80,80,90,90,84,84,84,66,66,49,80,64,64,54,54,52,18,45,51,51,17,44,44,44,44,44,20,73,79,79,79,72,72,35,35,44,44,19,46,35,38,34,61,0],"gold":192,"neow_bonus":"THREE_ENEMY_KILL","is_prod":false,"is_daily":false,"chose_seed":false,"campfire_upgraded":5,"win_rate":0,"timestamp":1556543640,"path_taken":["M","?","$","?","?","R","E","R","T","M","M","$","R","E","R","BOSS","M","?","M","?","M","E","R","E","T","E","R","?","?","$","R","BOSS","M","$","?","?","?","E","$","M","T","E","R","M","M","M","R","BOSS"],"build_version":"2019-01-23","purchased_purges":1,"victory":false,"max_hp_per_floor":[80,80,80,80,80,80,80,80,90,90,90,90,90,90,90,90,90,90,90,90,90,90,90,90,90,90,90,90,90,90,90,90,90,90,90,90,90,90,90,90,90,90,90,90,90,90,90,90,90,90],"card_choices":[{"not_picked":["Sword Boomerang","Headbutt"],"picked":"Disarm","floor":1.0},{"not_picked":["Burning Pact","Warcry","Fire Breathing"],"picked":"SKIP","floor":5.0},{"not_picked":["Perfected Strike","Cleave"],"picked":"Headbutt","floor":7.0},{"not_picked":["Dual Wield","Twin Strike"],"picked":"Shrug It Off","floor":10.0},{"not_picked":["Cleave","Wild Strike"],"picked":"Dropkick","floor":11.0},{"not_picked":["Pommel Strike","Rage"],"picked":"Immolate","floor":14.0},{"not_picked":["Bludgeon","Dark Embrace"],"picked":"Double Tap","floor":16.0},{"not_picked":["Flex","Sever Soul"],"picked":"Heavy Blade","floor":17.0},{"not_picked":["Body Slam","Uppercut"],"picked":"Dropkick","floor":17.0},{"not_picked":["Bludgeon","Perfected Strike","Armaments"],"picked":"SKIP","floor":18.0},{"not_picked":["Havoc","Twin Strike","True Grit"],"picked":"SKIP","floor":20.0},{"not_picked":["Clash","Cleave+1","Sever Soul"],"picked":"SKIP","floor":22.0},{"not_picked":["Reckless Charge","Clash+1"],"picked":"Inflame","floor":23.0},{"not_picked":["Body Slam+1","Evolve"],"picked":"Inflame+1","floor":25.0},{"not_picked":["Burning Pact","Sword Boomerang","Flex"],"picked":"SKIP","floor":27.0},{"not_picked":["Dark Embrace","Reaper"],"picked":"Double Tap","floor":33.0},{"not_picked":["Flex","Pommel Strike","Evolve+1"],"picked":"SKIP","floor":35.0},{"not_picked":["Whirlwind","Double Tap","Pommel Strike"],"picked":"SKIP","floor":40.0},{"not_picked":["Clash","Rupture+1","Shrug It Off"],"picked":"SKIP","floor":42.0},{"not_picked":["Warcry","Clash","Thunderclap"],"picked":"SKIP","floor":44.0},{"not_picked":["Pommel Strike","Rupture+1"],"picked":"Thunderclap+1","floor":45.0},{"not_picked":["Iron Wave+1","Bloodletting"],"picked":"Dual Wield","floor":46.0},{"not_picked":["True Grit","Flex"],"picked":"Heavy Blade","floor":47.0},{"not_picked":["Anger+1","Disarm","Wild Strike"],"picked":"SKIP","floor":48.0}],"player_experience":685936,"relics_obtained":[{"floor":7.0,"key":"Shuriken"},{"floor":9.0,"key":"Pear"},{"floor":14.0,"key":"Omamori"},{"floor":23.0,"key":"Bottled Lightning"},{"floor":25.0,"key":"Darkstone Periapt"},{"floor":26.0,"key":"Dream Catcher"},{"floor":27.0,"key":"Dodecahedron"},{"floor":38.0,"key":"Magic Flower"},{"floor":39.0,"key":"Pen Nib"},{"floor":40.0,"key":"MawBank"},{"floor":43.0,"key":"Mummified Hand"},{"floor":44.0,"key":"Blue Candle"}],"event_choices":[{"damage_healed":0.0,"max_hp_gain":0.0,"max_hp_loss":0.0,"gold_gain":0.0,"event_name":"Scrap Ooze","player_choice":"Success","floor":2.0,"gold_loss":0.0,"damage_taken":7.0,"relics_obtained":["Red Skull"]},{"damage_healed":0.0,"max_hp_gain":0.0,"max_hp_loss":0.0,"gold_gain":0.0,"event_name":"Lab","player_choice":"Got Potions","floor":4.0,"gold_loss":0.0,"damage_taken":0.0},{"damage_healed":0.0,"max_hp_gain":0.0,"max_hp_loss":0.0,"gold_gain":0.0,"event_name":"Addict","player_choice":"Obtained Relic","floor":19.0,"gold_loss":85.0,"damage_taken":0.0,"relics_obtained":["Thread and Needle"]},{"damage_healed":0.0,"max_hp_gain":0.0,"max_hp_loss":0.0,"gold_gain":0.0,"event_name":"Ghosts","player_choice":"Ignored","floor":21.0,"gold_loss":0.0,"damage_taken":0.0},{"damage_healed":0.0,"max_hp_gain":0.0,"max_hp_loss":0.0,"gold_gain":99.0,"event_name":"Nest","player_choice":"Stole From Cult","floor":29.0,"gold_loss":0.0,"damage_taken":0.0},{"cards_removed":["Strike_R"],"damage_healed":0.0,"max_hp_gain":0.0,"max_hp_loss":0.0,"gold_gain":0.0,"event_name":"Beggar","player_choice":"Gave Gold","floor":30.0,"gold_loss":75.0,"damage_taken":0.0},{"cards_removed":["Cleave"],"damage_healed":0.0,"max_hp_gain":0.0,"max_hp_loss":0.0,"gold_gain":0.0,"event_name":"Falling","player_choice":"Removed Attack","floor":37.0,"gold_loss":0.0,"damage_taken":0.0},{"damage_healed":0.0,"max_hp_gain":0.0,"max_hp_loss":0.0,"gold_gain":0.0,"event_name":"MindBloom","player_choice":"Fight","floor":38.0,"gold_loss":0.0,"damage_taken":0.0}],"is_beta":false,"boss_relics":[{"not_picked":["Empty Cage","Fusion Hammer"],"picked":"Orrery"},{"not_picked":["Black Star","Runic Pyramid"],"picked":"Cursed Key"}],"items_purged_floors":[31],"is_endless":false,"potions_floor_spawned":[7,10,11,22,23,25,27,44,46,48],"killed_by":"Donu and Deca","ascension_level":13}