{"gold_per_floor":[114,132,56,56,131,156,47,47,47,75,93,93,128,53,53,53],"floor_reached":16,"playtime":949,"items_purged":["Strike_B"],"score":148,"play_id":"dda76502-430a-4589-88f4-5039c7bd4e00","local_time":"20190202181455","is_ascension_mode":true,"campfire_choices":[{"data":"Sunder","floor":8,"key":"SMITH"},{"floor":15,"key":"REST"}],"neow_cost":"NONE","seed_source_timestamp":1914892771080611,"circlet_count":0,"master_deck":["Strike_B+1","Strike_B+1","Strike_B","Defend_B","Defend_B","Defend_B","Defend_B","Zap","Dualcast","Stack","Fusion","Darkness","Capacitor","Sunder+1","Cold Snap","Stack","Injury","Reinforced Body"],"relics":["Cracked Core","NeowsBlessing","Art of War","Blue Candle","Pen Nib","Golden Idol","Du-Vu Doll"],"potions_floor_usage":[10,13],"damage_taken":[{"damage":0,"enemies":"2 Louse","floor":1,"turns":1},{"damage":0,"enemies":"Small Slimes","floor":2,"turns":1},{"damage":0,"enemies":"Lagavulin","floor":6,"turns":1},{"damage":20,"enemies":"Gremlin Nob","floor":10,"turns":4},{"damage":1,"enemies":"Jaw Worm","floor":11,"turns":3},{"damage":14,"enemies":"Lagavulin","floor":13,"turns":5},{"damage":37,"enemies":"Hexaghost","floor":16,"turns":9}],"seed_played":"-3870225798248949712","potions_obtained":[{"floor":1,"key":"AttackPotion"},{"floor":6,"key":"Ancient Potion"},{"floor":11,"key":"SkillPotion"}],"is_trial":false,"path_per_floor":["M","M","$","?","?","E","$","R","T","E","M","?","E","$","R","B"],"character_chosen":"DEFECT","items_purchased":["Fusion","Capacitor","Sunder"],"campfire_rested":1,"item_purchase_floors":[3,7,7],"current_hp_per_floor":[75,75,75,60,49,49,49,49,49,29,28,28,14,14,36,0],"gold":53,"neow_bonus":"THREE_ENEMY_KILL","is_prod":false,"is_daily":false,"chose_seed":false,"campfire_upgraded":1,"win_rate":0,"timestamp":1549127695,"path_taken":["M","M","$","?","?","E","$","R","T","E","M","?","E","?","R","BOSS"],"build_version":"2019-01-23","purchased_purges":1,"victory":false,"max_hp_per_floor":[75,75,75,75,75,75,75,75,75,75,75,75,75,75,75,75],"card_choices":[{"not_picked":["Aggregate","Force Field","Hologram"],"picked":"SKIP","floor":1},{"not_picked":["Gash","Go for the Eyes"],"picked":"Stack","floor":2},{"not_picked":["Reinforced Body","Scrape"],"picked":"Darkness","floor":6},{"not_picked":["Tempest","Steam"],"picked":"Cold Snap","floor":10},{"not_picked":["Cold Snap","Streamline"],"picked":"Stack","floor":11},{"not_picked":["Chaos","Ball Lightning"],"picked":"Reinforced Body","floor":13}],"player_experience":128044,"relics_obtained":[{"floor":6,"key":"Art of War"},{"floor":9,"key":"Blue Candle"},{"floor":10,"key":"Pen Nib"},{"floor":13,"key":"Du-Vu Doll"}],"event_choices":[{"damage_healed":0,"gold_gain":0,"player_choice":"Entered Light","damage_taken":15,"max_hp_gain":0,"max_hp_loss":0,"event_name":"Shining Light","floor":4,"gold_loss":0,"cards_upgraded":["Strike_B","Strike_B"]},{"damage_healed":0,"gold_gain":75,"player_choice":"Gather Gold","damage_taken":11,"max_hp_gain":0,"max_hp_loss":0,"event_name":"World of Goop","floor":5,"gold_loss":0},{"damage_healed":0,"gold_gain":0,"player_choice":"Take Wound","damage_taken":0,"relics_obtained":["Golden Idol"],"max_hp_gain":0,"max_hp_loss":0,"event_name":"Golden Idol","floor":12,"gold_loss":0,"cards_obtained":["Injury"]}],"is_beta":false,"boss_relics":[],"items_purged_floors":[14],"is_endless":false,"potions_floor_spawned":[1,6,11],"killed_by":"Hexaghost","ascension_level":1}