{"gold_per_floor":[113,130,142,142,161,187,187,200,225,242,242,269,350,315,315,420,420,436,359,359,359,372,372,297,297,297,323,323],"floor_reached":28,"playtime":8320,"items_purged":["Hemokinesis+1"],"score":296,"play_id":"b8984968-9db7-47f3-81d9-dd26cd9afa74","local_time":"20180723104950","is_ascension_mode":false,"campfire_choices":[{"data":"Bash","floor":7.0,"key":"SMITH"},{"data":"Pommel Strike","floor":15.0,"key":"SMITH"},{"data":"Heavy Blade","floor":23.0,"key":"SMITH"},{"data":"Limit Break","floor":25.0,"key":"SMITH"}],"neow_cost":"NONE","seed_source_timestamp":0,"circlet_count":0,"master_deck":["Strike_R","Strike_R","Strike_R","Defend_R","Defend_R","Defend_R","Bash+1","Pommel Strike+1","Spot Weakness","Spot Weakness","Limit Break+1","Uppercut+1","Fire Breathing+1","Rampage","J.A.X.","Heavy Blade+1","Feed"],"special_seed":0,"relics":["Burning Blood","Red Skull","Incense Burner","Art of War","Vajra","Gremlin Horn","Astrolabe","Mango","Boot"],"potions_floor_usage":[],"damage_taken":[{"damage":8.0,"enemies":"Jaw Worm","floor":1.0,"turns":4.0},{"damage":0.0,"enemies":"2 Louse","floor":2.0,"turns":3.0},{"damage":6.0,"enemies":"Cultist","floor":3.0,"turns":3.0},{"damage":23.0,"enemies":"Lots of Slimes","floor":5.0,"turns":4.0},{"damage":40.0,"enemies":"3 Sentries","floor":6.0,"turns":10.0},{"damage":5.0,"enemies":"Looter","floor":8.0,"turns":2.0},{"damage":3.0,"enemies":"Gremlin Gang","floor":10.0,"turns":4.0},{"damage":9.0,"enemies":"Lagavulin","floor":12.0,"turns":4.0},{"damage":39.0,"enemies":"The Guardian","floor":16.0,"turns":8.0},{"damage":5.0,"enemies":"Chosen","floor":18.0,"turns":3.0},{"damage":27.0,"enemies":"3 Byrds","floor":22.0,"turns":4.0},{"damage":66.0,"enemies":"Gremlin Leader","floor":27.0,"turns":6.0},{"damage":24,"enemies":"Slaver and Parasite","floor":28,"turns":1}],"seed_played":"-6954785853167369511","potions_obtained":[{"floor":1.0,"key":"Weak Potion"},{"floor":2.0,"key":"Block Potion"},{"floor":8.0,"key":"Explosive Potion"},{"floor":16.0,"key":"Explosive Potion"},{"floor":22.0,"key":"LiquidBronze"}],"is_trial":false,"path_per_floor":["M","M","M","?","M","E","R","M","T","M","?","E","T","?","R","B",null,"M","?","?","?","M","R","$","R","T","E"],"character_chosen":"IRONCLAD","items_purchased":[],"campfire_rested":0,"item_purchase_floors":[],"current_hp_per_floor":[78,80,80,85,68,34,34,35,35,38,38,35,35,56,56,23,85,85,85,85,85,64,64,64,64,78,18,0],"gold":323,"neow_bonus":"RANDOM_COMMON_RELIC","is_prod":false,"is_daily":false,"chose_seed":false,"campfire_upgraded":4,"win_rate":0.0,"timestamp":1532335790,"path_taken":["M","M","M","?","?","E","R","?","T","M","?","E","?","?","R","BOSS","M","?","?","?","M","R","$","R","T","E","M"],"build_version":"2018-07-19v2","purchased_purges":1,"victory":false,"max_hp_per_floor":[80,80,80,85,85,85,85,85,85,85,85,85,85,85,85,85,85,85,85,85,85,85,85,85,85,99,99,99],"card_choices":[{"not_picked":["Hemokinesis","Armaments","Cleave"],"picked":"SKIP","floor":1.0},{"not_picked":["Armaments","Impervious"],"picked":"Pommel Strike","floor":2.0},{"not_picked":["Armaments","Shrug It Off","Heavy Blade"],"picked":"SKIP","floor":3.0},{"not_picked":["Clothesline","Cleave","Rage"],"picked":"SKIP","floor":5.0},{"not_picked":["Iron Wave","Burning Pact"],"picked":"Spot Weakness","floor":6.0},{"not_picked":["Uppercut","Blood for Blood"],"picked":"Spot Weakness","floor":8.0},{"not_picked":["Armaments","Battle Trance","Shockwave"],"picked":"SKIP","floor":10.0},{"not_picked":["Pommel Strike","Clash","Carnage"],"picked":"SKIP","floor":12.0},{"not_picked":["Demon Form","Berserk"],"picked":"Limit Break","floor":16.0},{"not_picked":["Armaments","Infernal Blade"],"picked":"Rampage","floor":18.0},{"not_picked":["Sword Boomerang","Twin Strike","Bloodletting"],"picked":"SKIP","floor":22.0},{"not_picked":["Clash","Pommel Strike"],"picked":"Feed","floor":27.0}],"player_experience":80143,"relics_obtained":[{"floor":6.0,"key":"Incense Burner"},{"floor":9.0,"key":"Art of War"},{"floor":12.0,"key":"Vajra"},{"floor":13.0,"key":"Gremlin Horn"},{"floor":26.0,"key":"Mango"},{"floor":27.0,"key":"Boot"}],"event_choices":[{"event_name":"Big Fish","player_choice":"Donut","floor":4.0,"damage_taken":0.0},{"event_name":"The Woman in Blue","player_choice":"Bought 0 Potions","floor":11.0,"damage_taken":0.0},{"event_name":"The Cleric","player_choice":"Healed","floor":14.0,"damage_taken":0.0},{"event_name":"Drug Dealer","player_choice":"Got JAXXED","floor":19.0,"damage_taken":0.0},{"event_name":"Beggar","player_choice":"Ignored","floor":20.0,"damage_taken":0.0},{"event_name":"The Library","player_choice":"Read","floor":21.0,"damage_taken":0.0}],"is_beta":false,"boss_relics":[{"not_picked":["Tiny House","Runic Cube"],"picked":"Astrolabe"}],"items_purged_floors":[24],"is_endless":false,"potions_floor_spawned":[1,2,8,10,16,22],"killed_by":"Slaver and Parasite","ascension_level":0}