{"gold_per_floor":[113,113,131,148,148,148,165,181,181,193,230,253,277,301,313,423,435,464,487,499,511],"floor_reached":21,"playtime":2199,"items_purged":[],"score":213,"play_id":"ade1d853-b31b-4972-ac9d-7f382ba9dcdb","local_time":"20190120130348","is_ascension_mode":true,"campfire_choices":[{"data":"PiercingWail","floor":6,"key":"SMITH"},{"data":"Flying Knee","floor":10,"key":"SMITH"},{"floor":15,"key":"REST"}],"neow_cost":"NONE","seed_source_timestamp":771692604988661,"circlet_count":0,"master_deck":["Defend_G","Defend_G","Defend_G","Defend_G","Defend_G","Strike_G","Strike_G","Strike_G","Strike_G","Strike_G","Survivor","Neutralize+1","Flying Knee+1","PiercingWail+1","Catalyst","Backflip","Poisoned Stab","Poisoned Stab","Distraction","Footwork+1","Footwork+1","Well Laid Plans+1","Necronomicurse"],"relics":["Ring of the Snake","Potion Belt","MawBank","Frozen Egg 2","HoveringKite","Necronomicon"],"potions_floor_usage":[11,14,21,21],"damage_taken":[{"damage":0,"enemies":"Jaw Worm","floor":1,"turns":3},{"damage":0,"enemies":"Cultist","floor":3,"turns":4},{"damage":2,"enemies":"Small Slimes","floor":4,"turns":4},{"damage":2,"enemies":"3 Louse","floor":7,"turns":4},{"damage":2,"enemies":"Large Slime","floor":8,"turns":11},{"damage":19,"enemies":"3 Sentries","floor":11,"turns":6},{"damage":9,"enemies":"Exordium Wildlife","floor":12,"turns":5},{"damage":4,"enemies":"Blue Slaver","floor":13,"turns":4},{"damage":4,"enemies":"Large Slime","floor":14,"turns":7},{"damage":36,"enemies":"The Guardian","floor":16,"turns":11},{"damage":47,"enemies":"Chosen","floor":18,"turns":9},{"damage":14,"enemies":"Spheric Guardian","floor":19,"turns":8},{"damage":18,"enemies":"3 Cultists","floor":21,"turns":5}],"seed_played":"1012272413295467845","potions_obtained":[{"floor":1,"key":"Ancient Potion"},{"floor":7,"key":"PowerPotion"},{"floor":11,"key":"SteroidPotion"},{"floor":13,"key":"FairyPotion"},{"floor":14,"key":"Strength Potion"},{"floor":16,"key":"SpeedPotion"},{"floor":18,"key":"Dexterity Potion"}],"is_trial":false,"path_per_floor":["M","?","M","M","?","R","M","M","T","R","E","M","M","M","R","B",null,"M","M","?","M"],"character_chosen":"THE_SILENT","items_purchased":[],"campfire_rested":1,"item_purchase_floors":[],"current_hp_per_floor":[70,70,70,68,68,68,66,64,64,64,45,36,32,28,49,13,70,23,9,7,0],"gold":511,"neow_bonus":"THREE_CARDS","is_prod":false,"is_daily":false,"chose_seed":false,"campfire_upgraded":2,"win_rate":0,"timestamp":1547985828,"path_taken":["M","?","?","M","?","R","M","?","T","R","E","M","M","M","R","BOSS","M","M","?","M"],"build_version":"2019-01-17v2","purchased_purges":0,"victory":false,"max_hp_per_floor":[70,70,70,70,70,70,70,70,70,70,70,70,70,70,70,70,70,70,70,70,70],"card_choices":[{"not_picked":["Dagger Throw","Slice"],"picked":"Flying Knee","floor":0},{"not_picked":["Setup","Deflect","Cloak And Dagger"],"picked":"SKIP","floor":1},{"not_picked":["Slice","Acrobatics"],"picked":"PiercingWail","floor":3},{"not_picked":["Terror","Eviscerate","Dodge and Roll"],"picked":"SKIP","floor":4},{"not_picked":["Blade Dance","Outmaneuver"],"picked":"Catalyst","floor":7},{"not_picked":["Phantasmal Killer","PiercingWail"],"picked":"Backflip","floor":8},{"not_picked":["Footwork","Slice"],"picked":"Poisoned Stab","floor":11},{"not_picked":["PiercingWail","Underhanded Strike"],"picked":"Poisoned Stab","floor":12},{"not_picked":["Sucker Punch","Skewer"],"picked":"Distraction","floor":13},{"not_picked":["Die Die Die","Sucker Punch"],"picked":"Footwork+1","floor":14},{"not_picked":["Terror+1","Accuracy+1"],"picked":"Footwork+1","floor":18},{"not_picked":["Skewer+1","Underhanded Strike"],"picked":"Well Laid Plans+1","floor":19}],"player_experience":119509,"relics_obtained":[{"floor":9,"key":"MawBank"},{"floor":11,"key":"Frozen Egg 2"},{"floor":20,"key":"Necronomicon"}],"event_choices":[{"damage_healed":0,"gold_gain":0,"player_choice":"Gave Potion","damage_taken":0,"relics_obtained":["Potion Belt"],"max_hp_gain":0,"max_hp_loss":0,"event_name":"WeMeetAgain","floor":2,"gold_loss":0},{"damage_healed":0,"gold_gain":0,"player_choice":"Forge","damage_taken":0,"max_hp_gain":0,"max_hp_loss":0,"event_name":"Accursed Blacksmith","floor":5,"gold_loss":0,"cards_upgraded":["Neutralize"]},{"damage_healed":0,"gold_gain":0,"player_choice":"Obtained Book","damage_taken":16,"max_hp_gain":0,"max_hp_loss":0,"event_name":"Cursed Tome","floor":20,"gold_loss":0}],"is_beta":false,"boss_relics":[{"not_picked":["Orrery","Calling Bell"],"picked":"HoveringKite"}],"items_purged_floors":[],"is_endless":false,"potions_floor_spawned":[1,7,11,13,14,16,18],"killed_by":"3 Cultists","ascension_level":3}