{"gold_per_floor":[117,117,131,131,17,17,67,67,67,92,92,105,120,139,139,139],"floor_reached":16,"playtime":431,"items_purged":[],"score":152,"play_id":"61d802cc-460d-4768-8be7-600cbb5311e2","local_time":"20190430220342","is_ascension_mode":true,"campfire_choices":[{"data":"Noxious Fumes","floor":6,"key":"SMITH"},{"data":"Predator","floor":11,"key":"SMITH"},{"floor":15,"key":"REST"}],"neow_cost":"NONE","seed_source_timestamp":323264207554119,"circlet_count":0,"master_deck":["AscendersBane","Defend_G+1","Defend_G","Defend_G+1","Defend_G","Defend_G","Strike_G","Strike_G","Strike_G","Strike_G","Strike_G","Survivor","Neutralize+1","Backflip","Noxious Fumes+1","Well Laid Plans","Predator+1","Dodge and Roll","Terror","PiercingWail","Backstab"],"relics":["Ring of the Snake","Golden Idol","Vajra","Bottled Flame"],"potions_floor_usage":[16,16],"damage_taken":[{"damage":0,"enemies":"2 Louse","floor":1,"turns":4},{"damage":1,"enemies":"Jaw Worm","floor":3,"turns":4},{"damage":0,"enemies":"Small Slimes","floor":10,"turns":2},{"damage":2,"enemies":"2 Fungi Beasts","floor":12,"turns":5},{"damage":8,"enemies":"Looter","floor":13,"turns":3},{"damage":2,"enemies":"3 Louse","floor":14,"turns":4},{"damage":47,"enemies":"Slime Boss","floor":16,"turns":6}],"seed_played":"-6457386771787927317","potions_obtained":[{"floor":12,"key":"Strength Potion"},{"floor":13,"key":"Fire Potion"}],"is_trial":false,"path_per_floor":["M","?","M","?","$","R","T","$","T","M","R","M","M","M","R","B"],"character_chosen":"THE_SILENT","items_purchased":["Well Laid Plans","Predator"],"campfire_rested":1,"item_purchase_floors":[5,5],"current_hp_per_floor":[63,49,48,31,31,31,31,31,31,31,31,29,21,19,40,0],"gold":139,"neow_bonus":"UPGRADE_CARD","is_prod":false,"is_daily":false,"chose_seed":false,"campfire_upgraded":2,"win_rate":0,"timestamp":1556633022,"path_taken":["M","?","M","?","?","R","?","$","T","?","R","M","M","M","R","BOSS"],"build_version":"2019-01-23","purchased_purges":0,"victory":false,"max_hp_per_floor":[70,70,70,70,70,70,70,70,70,70,70,70,70,70,70,70],"card_choices":[{"not_picked":["Deadly Poison","Escape Plan"],"picked":"Backflip","floor":1},{"not_picked":["Choke","PiercingWail"],"picked":"Noxious Fumes","floor":3},{"not_picked":["Masterful Stab","Setup"],"picked":"Dodge and Roll","floor":10},{"not_picked":["Concentrate","Calculated Gamble"],"picked":"Terror","floor":12},{"not_picked":["Sucker Punch","Poisoned Stab"],"picked":"PiercingWail","floor":13},{"not_picked":["Dagger Throw","All Out Attack"],"picked":"Backstab","floor":14}],"player_experience":458771,"relics_obtained":[{"floor":7,"key":"Vajra"},{"floor":9,"key":"Bottled Flame"}],"event_choices":[{"damage_healed":0,"gold_gain":0,"player_choice":"Entered Light","damage_taken":14,"max_hp_gain":0,"max_hp_loss":0,"event_name":"Shining Light","floor":2,"gold_loss":0,"cards_upgraded":["Defend_G","Defend_G"]},{"damage_healed":0,"gold_gain":0,"player_choice":"Take Damage","damage_taken":17,"relics_obtained":["Golden Idol"],"max_hp_gain":0,"max_hp_loss":0,"event_name":"Golden Idol","floor":4,"gold_loss":0}],"is_beta":false,"boss_relics":[],"items_purged_floors":[],"is_endless":false,"potions_floor_spawned":[12,13],"killed_by":"Slime Boss","ascension_level":13}