{"gold_per_floor":[114,124,141,141,151,180,197,229,229,244,244,261,288,300,300,300],"floor_reached":16,"playtime":1336,"items_purged":[],"score":126,"play_id":"cf461df4-2f77-41f7-b132-86f0bf76fb24","local_time":"20180901150448","is_ascension_mode":false,"campfire_choices":[{"data":"Searing Blow+1","floor":11.0,"key":"SMITH"},{"data":"Searing Blow+2","floor":15,"key":"SMITH"}],"neow_cost":"","seed_source_timestamp":0,"circlet_count":0,"master_deck":["Strike_R","Strike_R","Strike_R","Strike_R","Strike_R+1","Defend_R","Defend_R","Defend_R","Defend_R","Bash","Thunderclap","Armaments","Searing Blow+3","Pommel Strike","Cleave","Offering"],"special_seed":0,"relics":["Burning Blood","Whetstone","Smiling Mask","Mercury Hourglass","Self Forming Clay"],"potions_floor_usage":[16,16,16],"damage_taken":[{"damage":3.0,"enemies":"Small Slimes","floor":1.0,"turns":4.0},{"damage":5.0,"enemies":"2 Louse","floor":2.0,"turns":2.0},{"damage":0.0,"enemies":"Jaw Worm","floor":3.0,"turns":5.0},{"damage":18.0,"enemies":"Blue Slaver","floor":5.0,"turns":5.0},{"damage":45.0,"enemies":"Lagavulin","floor":6.0,"turns":8.0},{"damage":11.0,"enemies":"Lots of Slimes","floor":7.0,"turns":5.0},{"damage":10.0,"enemies":"3 Sentries","floor":8.0,"turns":6.0},{"damage":1.0,"enemies":"2 Fungi Beasts","floor":10.0,"turns":2.0},{"damage":0.0,"enemies":"Large Slime","floor":12.0,"turns":4.0},{"damage":14.0,"enemies":"Gremlin Nob","floor":13.0,"turns":3.0},{"damage":6.0,"enemies":"3 Louse","floor":14.0,"turns":3.0},{"damage":29,"enemies":"Slime Boss","floor":16,"turns":4}],"seed_played":"8129890231939986441","potions_obtained":[{"floor":2.0,"key":"Dexterity Potion"},{"floor":3.0,"key":"Block Potion"},{"floor":7.0,"key":"Fire Potion"},{"floor":12.0,"key":"Swift Potion"},{"floor":14.0,"key":"Weak Potion"}],"is_trial":false,"path_per_floor":["M","M","M","?","M","E","M","E","T","M","R","M","E","M","R"],"character_chosen":"IRONCLAD","items_purchased":[],"campfire_rested":0,"item_purchase_floors":[],"current_hp_per_floor":[80,80,80,85,73,34,29,25,25,30,30,36,28,28,28,0],"gold":300,"neow_bonus":"","is_prod":false,"is_daily":false,"chose_seed":false,"campfire_upgraded":2,"win_rate":0.0,"timestamp":1535807088,"path_taken":["M","M","M","?","M","E","M","E","T","M","R","M","E","M","R","BOSS"],"build_version":"2018-08-30","purchased_purges":0,"victory":false,"max_hp_per_floor":[80,80,80,85,85,85,85,85,85,85,85,85,85,85,85,85],"card_choices":[{"not_picked":["True Grit","Entrench"],"picked":"Thunderclap","floor":1.0},{"not_picked":["Intimidate","Anger"],"picked":"Armaments","floor":2.0},{"not_picked":["Flex","Clash"],"picked":"Searing Blow","floor":3.0},{"not_picked":["Clothesline","Bludgeon"],"picked":"Pommel Strike","floor":5.0},{"not_picked":["Twin Strike","Body Slam","Sword Boomerang"],"picked":"SKIP","floor":6.0},{"not_picked":["Body Slam","Corruption"],"picked":"Cleave","floor":7.0},{"not_picked":["Flame Barrier","Power Through","Infernal Blade"],"picked":"SKIP","floor":8.0},{"not_picked":["Perfected Strike","Iron Wave","Flame Barrier"],"picked":"SKIP","floor":10.0},{"not_picked":["Iron Wave","Intimidate","Cleave"],"picked":"SKIP","floor":12.0},{"not_picked":["Pommel Strike","Whirlwind","Cleave"],"picked":"SKIP","floor":13.0},{"not_picked":["Body Slam","Iron Wave"],"picked":"Offering","floor":14.0}],"player_experience":78583,"relics_obtained":[{"floor":6.0,"key":"Whetstone"},{"floor":8.0,"key":"Smiling Mask"},{"floor":9.0,"key":"Mercury Hourglass"},{"floor":13.0,"key":"Self Forming Clay"}],"event_choices":[{"event_name":"Big Fish","player_choice":"Donut","floor":4.0,"damage_taken":0.0}],"is_beta":false,"boss_relics":[],"items_purged_floors":[],"is_endless":false,"potions_floor_spawned":[2,3,7,12,14],"killed_by":"Slime Boss","ascension_level":0}