{"gold_per_floor":[116,41,41,41,67,102,102,122,178,178,178,178,192,92,92,92],"floor_reached":16,"playtime":424,"items_purged":["Strike_R","Writhe"],"score":96,"play_id":"ef49bbf3-a6a8-41be-adc3-97d2b3506c33","local_time":"20180722175625","is_ascension_mode":false,"campfire_choices":[{"floor":7,"key":"DIG"},{"floor":10,"key":"DIG"},{"floor":12,"key":"DIG"},{"floor":15,"key":"REST"}],"neow_cost":"NONE","seed_source_timestamp":352376719644206,"circlet_count":0,"master_deck":["Strike_R+1","Strike_R","Strike_R","Strike_R+1","Defend_R","Defend_R","Defend_R","Defend_R","Bash","Parasite","Anger"],"relics":["Cursed Key","Blood Vial","Shovel","Vajra","Tiny Chest","Omamori","Dodecahedron","Bag of Marbles"],"potions_floor_usage":[16],"damage_taken":[{"damage":0,"enemies":"Cultist","floor":1,"turns":3},{"damage":35,"enemies":"Lagavulin","floor":6,"turns":7},{"damage":0,"enemies":"2 Louse","floor":8,"turns":3},{"damage":0,"enemies":"Small Slimes","floor":13,"turns":2},{"damage":64,"enemies":"Hexaghost","floor":16,"turns":9}],"seed_played":"-4369170565011588867","potions_obtained":[{"floor":8,"key":"SkillPotion"}],"is_trial":false,"path_per_floor":["M","$","?","?","T","E","R","M","T","R","T","R","M","$","R"],"character_chosen":"IRONCLAD","items_purchased":[],"campfire_rested":1,"item_purchase_floors":[],"current_hp_per_floor":[80,80,80,64,64,31,31,33,33,33,33,33,35,35,59,0],"gold":92,"neow_bonus":"BOSS_RELIC","is_prod":false,"is_daily":false,"chose_seed":false,"campfire_upgraded":0,"win_rate":0.0,"timestamp":1532274985,"path_taken":["M","$","?","?","?","E","R","M","T","R","?","R","M","?","R","BOSS"],"build_version":"2018-07-19v2","purchased_purges":2,"victory":false,"max_hp_per_floor":[80,80,80,80,80,80,80,80,80,80,80,80,80,80,80,80],"card_choices":[{"not_picked":["Warcry","Combust","Pommel Strike"],"picked":"SKIP","floor":1},{"not_picked":["Pummel","Reckless Charge","Shockwave"],"picked":"SKIP","floor":6},{"not_picked":["Flex","Rupture"],"picked":"Anger","floor":8},{"not_picked":["Perfected Strike","Clash","Shrug It Off"],"picked":"SKIP","floor":13}],"player_experience":89922,"relics_obtained":[{"floor":5,"key":"Blood Vial"},{"floor":6,"key":"Shovel"},{"floor":7,"key":"Vajra"},{"floor":9,"key":"Tiny Chest"},{"floor":10,"key":"Omamori"},{"floor":11,"key":"Dodecahedron"},{"floor":12,"key":"Bag of Marbles"}],"event_choices":[{"event_name":"The Cleric","player_choice":"Leave","floor":3,"damage_taken":0},{"event_name":"Shining Light","player_choice":"Entered Light","floor":4,"damage_taken":0}],"is_beta":false,"boss_relics":[],"items_purged_floors":[2,14],"is_endless":false,"potions_floor_spawned":[8],"killed_by":"Hexaghost","ascension_level":0}