{"gold_per_floor":[111,124,142,161,174,174,185,213,213,213,224,224,236,25,25,121,121,136,136,36,36,50,50,84,3,3,3,18,32,45,62,62,159,159,177,195,195,0,0,0,0,0,0,14,26,26,26,26,26,26],"floor_reached":51,"playtime":4260,"items_purged":["Normality","Strike_G"],"score":896,"play_id":"fed53416-6cad-494f-bf38-27892cbc22d3","local_time":"20180714135400","is_ascension_mode":false,"campfire_choices":[{"data":"Cloak And Dagger","floor":6.0,"key":"SMITH"},{"data":"1","floor":10.0,"key":"LIFT"},{"data":"2","floor":15.0,"key":"LIFT"},{"data":"Storm of Steel","floor":23.0,"key":"SMITH"},{"data":"Cloak And Dagger","floor":27.0,"key":"SMITH"},{"floor":32.0,"key":"REST"},{"data":"3","floor":40.0,"key":"LIFT"},{"data":"Terror","floor":42.0,"key":"SMITH"},{"data":"Writhe","floor":49.0,"key":"PURGE"}],"neow_cost":"CURSE","seed_source_timestamp":263249254812910,"circlet_count":0,"master_deck":["Defend_G+1","Defend_G+1","Defend_G+1","Defend_G+1","Defend_G+1","Strike_G+1","Strike_G+1","Strike_G+1","Strike_G+1","Survivor","Neutralize","Terror+1","Footwork","Cloak And Dagger+1","Accuracy+1","Finisher","Accuracy","Cloak And Dagger+1","Flash of Steel","Storm of Steel+1","Acrobatics+1","Well Laid Plans","Accuracy+1","Cloak And Dagger","Cloak And Dagger+1"],"special_seed":0,"relics":["Ring of the Snake","Girya","Centennial Puzzle","Gremlin Horn","Dream Catcher","White Beast Statue","Orichalcum","Pear","Lizard Tail","Red Mask","Incense Burner","Peace Pipe","Tingsha"],"potions_floor_usage":[50,50,50],"damage_taken":[{"damage":1.0,"enemies":"Cultist","floor":1.0,"turns":4.0},{"damage":0.0,"enemies":"Small Slimes","floor":2.0,"turns":4.0},{"damage":0.0,"enemies":"2 Louse","floor":3.0,"turns":5.0},{"damage":0.0,"enemies":"Exordium Wildlife","floor":4.0,"turns":3.0},{"damage":6.0,"enemies":"Exordium Thugs","floor":5.0,"turns":7.0},{"damage":21.0,"enemies":"Gremlin Gang","floor":7.0,"turns":5.0},{"damage":4.0,"enemies":"Lagavulin","floor":8.0,"turns":9.0},{"damage":0.0,"enemies":"2 Fungi Beasts","floor":11.0,"turns":3.0},{"damage":0.0,"enemies":"Blue Slaver","floor":13.0,"turns":6.0},{"damage":18.0,"enemies":"Hexaghost","floor":16.0,"turns":7.0},{"damage":15.0,"enemies":"Spheric Guardian","floor":18.0,"turns":4.0},{"damage":4.0,"enemies":"2 Thieves","floor":22.0,"turns":4.0},{"damage":8.0,"enemies":"Slavers","floor":24.0,"turns":5.0},{"damage":7.0,"enemies":"Snake Plant","floor":28.0,"turns":4.0},{"damage":4.0,"enemies":"Snecko","floor":29.0,"turns":4.0},{"damage":10.0,"enemies":"Cultist and Chosen","floor":30.0,"turns":5.0},{"damage":3.0,"enemies":"Centurion and Healer","floor":31.0,"turns":3.0},{"damage":11.0,"enemies":"Champ","floor":33.0,"turns":7.0},{"damage":9.0,"enemies":"Flame Bruiser 1 Orb","floor":35.0,"turns":3.0},{"damage":1.0,"enemies":"3 Shapes","floor":36.0,"turns":4.0},{"damage":0.0,"floor":39.0,"turns":6.0},{"damage":8.0,"enemies":"Spire Growth","floor":44.0,"turns":3.0},{"damage":14.0,"enemies":"Maw","floor":45.0,"turns":5.0},{"damage":89,"enemies":"Awakened One","floor":50,"turns":10}],"seed_played":"6519130733021584803","potions_obtained":[{"floor":1.0,"key":"LiquidBronze"},{"floor":2.0,"key":"Weak Potion"},{"floor":7.0,"key":"Regen Potion"},{"floor":13.0,"key":"Weak Potion"},{"floor":18.0,"key":"GhostInAJar"},{"floor":22.0,"key":"SneckoOil"},{"floor":24.0,"key":"Swift Potion"},{"floor":28.0,"key":"Regen Potion"},{"floor":29.0,"key":"AttackPotion"},{"floor":30.0,"key":"SkillPotion"},{"floor":31.0,"key":"Energy Potion"},{"floor":33.0,"key":"LiquidBronze"},{"floor":35.0,"key":"Dexterity Potion"},{"floor":36.0,"key":"Fire Potion"},{"floor":39.0,"key":"SteroidPotion"},{"floor":44.0,"key":"SteroidPotion"},{"floor":45.0,"key":"Poison Potion"}],"is_trial":false,"path_per_floor":["M","M","M","M","M","R","M","E","T","R","M","?","M","$","R","B",null,"M","?","$","?","M","R","E","$","T","R","M","M","M","M","R","B",null,"M","M","?","?","?","R","?","R","T","M","M","?","T","$","R","B"],"character_chosen":"THE_SILENT","items_purchased":["Cloak And Dagger","Flash of Steel","Well Laid Plans"],"campfire_rested":1,"item_purchase_floors":[14,14,25],"current_hp_per_floor":[69,69,69,69,63,63,42,53,53,53,53,41,41,41,41,23,70,55,55,55,55,51,51,43,43,53,53,46,42,46,43,67,56,80,71,70,70,70,70,70,70,70,70,62,48,68,68,68,68,24],"gold":26,"neow_bonus":"ONE_RARE_RELIC","is_prod":false,"is_daily":false,"chose_seed":false,"campfire_upgraded":4,"win_rate":0,"timestamp":1531569240,"path_taken":["M","M","M","?","M","R","M","E","T","R","M","?","M","$","R","BOSS","M","?","$","?","M","R","E","$","T","R","M","M","M","M","R","BOSS","M","M","?","?","?","R","?","R","T","M","?","?","?","?","R","BOSS"],"build_version":"2018-07-12","purchased_purges":2,"victory":true,"max_hp_per_floor":[70,70,70,70,70,70,70,70,70,70,70,70,70,70,70,70,70,70,70,70,70,70,70,70,70,80,80,80,80,80,80,80,80,80,80,80,80,80,80,80,80,80,80,80,80,80,80,80,80,80],"card_choices":[{"not_picked":["Deflect","PiercingWail"],"picked":"Terror","floor":1.0},{"not_picked":["Quick Slash","Poisoned Stab"],"picked":"Footwork","floor":2.0},{"not_picked":["Acrobatics","Deadly Poison"],"picked":"Cloak And Dagger","floor":3.0},{"not_picked":["Riddle With Holes","Endless Agony"],"picked":"Accuracy","floor":4.0},{"not_picked":["Slice","Poisoned Stab"],"picked":"Finisher","floor":5.0},{"not_picked":["Caltrops","Phantasmal Killer","Deadly Poison"],"picked":"SKIP","floor":7.0},{"not_picked":["Choke","Heel Hook"],"picked":"Accuracy","floor":8.0},{"not_picked":["Sucker Punch","Prepared","Predator"],"picked":"SKIP","floor":11.0},{"not_picked":["Backflip","Poisoned Stab","Accuracy"],"picked":"SKIP","floor":13.0},{"not_picked":["Corpse Explosion","Adrenaline"],"picked":"Storm of Steel","floor":16.0},{"not_picked":["PiercingWail","Slice"],"picked":"Acrobatics+1","floor":18.0},{"not_picked":["Flechettes","Slice+1","Caltrops"],"picked":"SKIP","floor":22.0},{"not_picked":["Backstab+1","All Out Attack","Terror"],"picked":"SKIP","floor":24.0},{"not_picked":["Poisoned Stab","Eviscerate+1","Dagger Throw+1"],"picked":"SKIP","floor":28.0},{"not_picked":["PiercingWail","Blur","Prepared"],"picked":"SKIP","floor":29.0},{"not_picked":["Backstab+1","Acrobatics","Reflex+1"],"picked":"SKIP","floor":30.0},{"not_picked":["Sucker Punch","Backstab"],"picked":"Accuracy+1","floor":31.0},{"not_picked":["Well Laid Plans","Reflex"],"picked":"Cloak And Dagger","floor":35.0},{"not_picked":["Heel Hook+1","Dagger Throw+1","Flechettes"],"picked":"SKIP","floor":36.0},{"not_picked":["Prepared","Underhanded Strike+1","Poisoned Stab+1"],"picked":"SKIP","floor":44.0},{"not_picked":["PiercingWail","Slice+1","Deadly Poison"],"picked":"SKIP","floor":45.0}],"player_experience":51693,"relics_obtained":[{"floor":8.0,"key":"Centennial Puzzle"},{"floor":9.0,"key":"Gremlin Horn"},{"floor":24.0,"key":"Orichalcum"},{"floor":26.0,"key":"Pear"},{"floor":39.0,"key":"Incense Burner"},{"floor":43.0,"key":"Peace Pipe"},{"floor":47.0,"key":"Tingsha"}],"event_choices":[{"event_name":"Scrap Ooze","player_choice":"success","floor":12.0,"damage_taken":12.0},{"event_name":"Upgrade Shrine","player_choice":"Upgraded","floor":19.0,"damage_taken":0.0},{"event_name":"Back to Basics","player_choice":"Simplicity","floor":21.0,"damage_taken":0.0},{"event_name":"SensoryStone","player_choice":"Memory 1","floor":37.0,"damage_taken":0.0},{"event_name":"Tomb of Lord Red Mask","player_choice":"Paid","floor":38.0,"damage_taken":0.0},{"event_name":"MindBloom","player_choice":"Fight","floor":39.0,"damage_taken":0.0},{"event_name":"Duplicator","player_choice":"One dupe","floor":41.0,"damage_taken":0.0},{"event_name":"Winding Halls","player_choice":"Writhe","floor":46.0,"damage_taken":0.0}],"boss_relics":[{"not_picked":["Tiny House","Cursed Key"],"picked":"White Beast Statue"},{"not_picked":["Orrery","Calling Bell"],"picked":"Lizard Tail"}],"items_purged_floors":[14,20],"is_endless":false,"potions_floor_spawned":[1,2,7,13,18,22,24,28,29,30,31,33,35,36,39,44,45],"ascension_level":0}