{"gold_per_floor":[115,126,201,219,219,247,264,264,264,264,320,320,337,352,352,352],"floor_reached":16,"playtime":1817,"items_purged":[],"score":102,"play_id":"d6a79d59-650f-4425-afae-ee6fe37b71b2","local_time":"20180904121249","is_ascension_mode":false,"campfire_choices":[{"data":"Body Slam","floor":8,"key":"SMITH"},{"data":"Body Slam","floor":15,"key":"SMITH"}],"neow_cost":"NONE","seed_source_timestamp":229539157870898,"circlet_count":0,"master_deck":["Strike_R","Strike_R","Strike_R","Strike_R","Defend_R","Defend_R","Defend_R","Defend_R","Bash","Shrug It Off","Body Slam+1","Body Slam+1","Headbutt","True Grit","Metallicize","Searing Blow"],"relics":["Burning Blood","Gremlin Horn","Ornamental Fan","Paper Frog","Shuriken"],"potions_floor_usage":[],"damage_taken":[{"damage":5,"enemies":"Jaw Worm","floor":1,"turns":4},{"damage":0,"enemies":"2 Louse","floor":2,"turns":3},{"damage":2,"enemies":"Cultist","floor":4,"turns":4},{"damage":51,"enemies":"3 Sentries","floor":6,"turns":13},{"damage":7,"enemies":"Large Slime","floor":7,"turns":9},{"damage":20,"enemies":"3 Sentries","floor":11,"turns":11},{"damage":11,"enemies":"3 Louse","floor":13,"turns":3},{"damage":0,"enemies":"2 Fungi Beasts","floor":14,"turns":5},{"damage":62,"enemies":"Slime Boss","floor":16,"turns":8}],"seed_played":"6865608253852242218","potions_obtained":[{"floor":2,"key":"BloodPotion"},{"floor":7,"key":"FearPotion"},{"floor":11,"key":"FairyPotion"}],"is_trial":false,"path_per_floor":["M","M","?","M","?","E","M","R","T","?","?","?","M","M","R"],"character_chosen":"IRONCLAD","items_purchased":[],"campfire_rested":0,"item_purchase_floors":[],"current_hp_per_floor":[80,80,69,73,73,28,27,27,27,53,39,39,34,40,40,0],"gold":352,"neow_bonus":"REMOVE_CARD","is_prod":false,"is_daily":false,"chose_seed":false,"campfire_upgraded":2,"win_rate":0.0,"timestamp":1536055969,"path_taken":["M","M","?","M","?","E","M","R","T","?","?","?","?","M","R","BOSS"],"build_version":"2018-08-30","purchased_purges":0,"victory":false,"max_hp_per_floor":[80,80,80,80,80,80,80,80,80,80,80,80,80,80,80,80],"card_choices":[{"not_picked":["Armaments","Rage"],"picked":"Shrug It Off","floor":1},{"not_picked":["Iron Wave","Havoc"],"picked":"Body Slam","floor":2},{"not_picked":["Intimidate","Burning Pact"],"picked":"Body Slam","floor":4},{"not_picked":["Fire Breathing","Inflame"],"picked":"Headbutt","floor":6},{"not_picked":["Uppercut","Pommel Strike"],"picked":"True Grit","floor":7},{"not_picked":["Sever Soul","Headbutt"],"picked":"Metallicize","floor":11},{"not_picked":["Iron Wave","Thunderclap","Sword Boomerang"],"picked":"SKIP","floor":13},{"not_picked":["Body Slam","Disarm","Pommel Strike"],"picked":"SKIP","floor":14}],"player_experience":93707,"relics_obtained":[{"floor":6,"key":"Ornamental Fan"},{"floor":9,"key":"Paper Frog"},{"floor":11,"key":"Shuriken"}],"event_choices":[{"event_name":"World of Goop","player_choice":"Gather Gold","floor":3,"damage_taken":0},{"event_name":"WeMeetAgain","player_choice":"Potion","floor":5,"damage_taken":0},{"event_name":"Big Fish","player_choice":"Banana","floor":10,"damage_taken":0},{"event_name":"Dead Adventurer","player_choice":"Searched \u00272\u0027 times","floor":11,"damage_taken":0},{"event_name":"Match and Keep!","player_choice":"1 cards matched","floor":12,"damage_taken":0}],"is_beta":false,"boss_relics":[],"items_purged_floors":[],"is_endless":false,"potions_floor_spawned":[2,7,11],"killed_by":"Slime Boss","ascension_level":0}