{"gold_per_floor":[111,186,76,94,111,111,142,142,142,171,182,82,82,82,82,182,182,196,46,66,66],"floor_reached":21,"playtime":2157,"items_purged":["Strike_R","Strike_R"],"score":243,"play_id":"17f91b80-c6a7-42bf-ae74-ba0fe1760d3b","local_time":"20190106173135","is_ascension_mode":true,"campfire_choices":[{"data":"1","floor":6,"key":"LIFT"},{"floor":8,"key":"REST"},{"floor":13,"key":"REST"},{"floor":15,"key":"REST"}],"neow_cost":"TEN_PERCENT_HP_LOSS","seed_source_timestamp":9296715135140,"circlet_count":0,"master_deck":["Strike_R","Strike_R","Strike_R","Defend_R","Defend_R","Defend_R","Defend_R","Bash","Inflame","Flame Barrier","Shrug It Off","Spot Weakness","Heavy Blade+1","Exhume","Sword Boomerang+1"],"relics":["Burning Blood","Girya","Self Forming Clay","Gremlin Horn","Ancient Tea Set","Runic Cube","Bag of Preparation"],"potions_floor_usage":[11,16,20,21],"damage_taken":[{"damage":6,"enemies":"Jaw Worm","floor":1,"turns":5},{"damage":1,"enemies":"Cultist","floor":4,"turns":3},{"damage":0,"enemies":"Small Slimes","floor":5,"turns":2},{"damage":43,"enemies":"3 Sentries","floor":7,"turns":12},{"damage":37,"enemies":"Lagavulin","floor":10,"turns":7},{"damage":8,"enemies":"Exordium Wildlife","floor":11,"turns":5},{"damage":43,"enemies":"Slime Boss","floor":16,"turns":10},{"damage":21,"enemies":"Shell Parasite","floor":18,"turns":4},{"damage":25,"enemies":"2 Thieves","floor":20,"turns":4},{"damage":35,"enemies":"3 Cultists","floor":21,"turns":4}],"seed_played":"6735746648209246138","potions_obtained":[{"floor":1,"key":"SteroidPotion"},{"floor":4,"key":"SpeedPotion"},{"floor":10,"key":"SteroidPotion"},{"floor":16,"key":"PowerPotion"},{"floor":18,"key":"Energy Potion"},{"floor":20,"key":"Explosive Potion"}],"is_trial":false,"path_per_floor":["M","?","$","M","M","R","E","R","T","E","M","$","R","?","R","B",null,"M","$","M","M"],"character_chosen":"IRONCLAD","items_purchased":["Flame Barrier","Bag of Preparation"],"campfire_rested":3,"item_purchase_floors":[3,19],"current_hp_per_floor":[72,65,65,70,72,72,35,56,56,25,23,23,44,44,65,28,61,46,46,27,0],"gold":66,"neow_bonus":"ONE_RARE_RELIC","is_prod":false,"is_daily":false,"chose_seed":false,"campfire_upgraded":0,"win_rate":0,"timestamp":1546792295,"path_taken":["M","?","$","?","M","R","E","R","T","E","M","$","R","?","R","BOSS","M","$","M","M"],"build_version":"2019-01-03v4","purchased_purges":2,"victory":false,"max_hp_per_floor":[72,72,72,72,72,72,72,72,72,72,72,72,72,72,72,72,72,72,72,72,72],"card_choices":[{"not_picked":["Armaments","Body Slam"],"picked":"Inflame","floor":1},{"not_picked":["Reckless Charge","Warcry"],"picked":"Shrug It Off","floor":4},{"not_picked":["Evolve","Warcry","Flex"],"picked":"SKIP","floor":5},{"not_picked":["Immolate","Power Through","Infernal Blade"],"picked":"SKIP","floor":7},{"not_picked":["True Grit","Havoc"],"picked":"Spot Weakness","floor":10},{"not_picked":["Bloodletting","Twin Strike"],"picked":"Heavy Blade","floor":11},{"not_picked":["Dark Embrace","Feed"],"picked":"Exhume","floor":16},{"not_picked":["Uppercut","True Grit"],"picked":"Sword Boomerang+1","floor":18},{"not_picked":["Fire Breathing","Sever Soul+1","Thunderclap+1"],"picked":"SKIP","floor":20}],"player_experience":405759,"relics_obtained":[{"floor":7,"key":"Self Forming Clay"},{"floor":9,"key":"Gremlin Horn"},{"floor":10,"key":"Ancient Tea Set"}],"event_choices":[{"damage_healed":0,"gold_gain":75,"player_choice":"Touch","damage_taken":7,"max_hp_gain":0,"max_hp_loss":0,"event_name":"FaceTrader","floor":2,"gold_loss":0},{"damage_healed":0,"gold_gain":0,"player_choice":"Grow","damage_taken":0,"max_hp_gain":0,"max_hp_loss":0,"event_name":"Living Wall","floor":14,"gold_loss":0,"cards_upgraded":["Heavy Blade"]}],"is_beta":false,"boss_relics":[{"not_picked":["Runic Pyramid","Coffee Dripper"],"picked":"Runic Cube"}],"items_purged_floors":[3,12],"is_endless":false,"potions_floor_spawned":[1,4,10,16,18,20],"killed_by":"3 Cultists","ascension_level":6}