{"gold_per_floor":[367,14,14,33,6,6,6,38,38,66,66,93,123,145,157,266,278,303,230,257,280,292,337,349,393,431,443],"floor_reached":27,"playtime":1914,"items_purged":["Strike_B"],"score":431,"play_id":"40d8013c-23ef-4c7d-b89a-cb6da30bee1f","local_time":"20190314205310","is_ascension_mode":true,"campfire_choices":[{"data":"Apotheosis","floor":6.0,"key":"SMITH"},{"floor":11.0,"key":"REST"},{"data":"Coolheaded","floor":15.0,"key":"SMITH"},{"data":"Creative AI","floor":24.0,"key":"SMITH"}],"neow_cost":"TEN_PERCENT_HP_LOSS","seed_source_timestamp":25776169046584,"circlet_count":0,"master_deck":["Strike_B","Strike_B","Strike_B","Defend_B","Defend_B","Defend_B","Zap","Dualcast","Streamline","Apotheosis+1","Trip","Creative AI+1","Coolheaded+1","Cold Snap","Glacier","Genetic Algorithm","Hologram","Seek","Stack+1","Conserve Battery","Capacitor+1"],"special_seed":0,"relics":["Cracked Core","Mercury Hourglass","Torii","Ginger","MawBank","Eternal Feather","Lantern","Nilry\u0027s Codex","Frozen Egg 2","Dream Catcher","Ancient Tea Set"],"potions_floor_usage":[],"damage_taken":[{"damage":0.0,"enemies":"Small Slimes","floor":1.0,"turns":3.0},{"damage":0.0,"enemies":"Cultist","floor":4.0,"turns":3.0},{"damage":40.0,"enemies":"Gremlin Nob","floor":8.0,"turns":4.0},{"damage":17.0,"enemies":"3 Sentries","floor":10.0,"turns":5.0},{"damage":0.0,"enemies":"Lagavulin","floor":12.0,"turns":6.0},{"damage":1.0,"enemies":"Jaw Worm","floor":13.0,"turns":2.0},{"damage":11.0,"enemies":"Exordium Wildlife","floor":14.0,"turns":4.0},{"damage":13.0,"enemies":"The Guardian","floor":16.0,"turns":10.0},{"damage":19.0,"enemies":"2 Thieves","floor":18.0,"turns":4.0},{"damage":0.0,"enemies":"Spheric Guardian","floor":20.0,"turns":4.0},{"damage":2.0,"enemies":"Shelled Parasite and Fungi","floor":21.0,"turns":10.0},{"damage":0.0,"enemies":"Book of Stabbing","floor":23.0,"turns":7.0},{"damage":17.0,"enemies":"Slavers","floor":25.0,"turns":8.0},{"damage":17,"enemies":"Snake Plant","floor":27,"turns":2}],"seed_played":"4216556363031904313","potions_obtained":[{"floor":10.0,"key":"PowerPotion"},{"floor":12.0,"key":"PowerPotion"},{"floor":13.0,"key":"LiquidBronze"},{"floor":25.0,"key":"Explosive Potion"}],"is_trial":false,"path_per_floor":["M","$","?","M","$","R","?","E","T","E","R","E","M","M","R","B",null,"M","?","M","M","?","E","R","E","T","M"],"character_chosen":"DEFECT","items_purchased":["Apotheosis","Trip","Coolheaded"],"campfire_rested":1,"item_purchase_floors":[2,2,5],"current_hp_per_floor":[68,68,68,68,68,68,68,28,28,11,31,31,30,19,19,6,53,34,34,34,32,16,16,28,11,11,0],"gold":443,"neow_bonus":"TWO_FIFTY_GOLD","is_prod":false,"is_daily":false,"chose_seed":false,"campfire_upgraded":3,"win_rate":0,"timestamp":1552593190,"path_taken":["M","$","?","M","?","R","?","E","T","E","R","E","M","M","R","BOSS","M","?","M","M","?","E","R","E","T","M"],"build_version":"2019-01-23","purchased_purges":1,"victory":false,"max_hp_per_floor":[68,68,68,68,68,68,68,68,68,68,68,68,68,68,68,68,68,68,68,68,68,68,68,68,68,68,68],"card_choices":[{"not_picked":["Static Discharge","Leap"],"picked":"Streamline","floor":1.0},{"not_picked":["Sweeping Beam","Blizzard"],"picked":"Creative AI","floor":4.0},{"not_picked":["Chaos","Storm"],"picked":"Cold Snap","floor":8.0},{"not_picked":["Redo","Skim"],"picked":"Glacier","floor":10.0},{"not_picked":["Stack","Doom and Gloom"],"picked":"Genetic Algorithm","floor":12.0},{"not_picked":["Cold Snap","Rip and Tear"],"picked":"Hologram","floor":13.0},{"not_picked":["Lockon","Heatsinks","Scrape"],"picked":"SKIP","floor":14.0},{"not_picked":["Core Surge","Reboot"],"picked":"Seek","floor":16.0},{"not_picked":["Conserve Battery","Compile Driver"],"picked":"Stack+1","floor":18.0},{"not_picked":["Sweeping Beam","Lockon","Rip and Tear"],"picked":"SKIP","floor":20.0},{"not_picked":["Double Energy+1","Ball Lightning","Leap"],"picked":"SKIP","floor":21.0},{"not_picked":["Echo Form","Beam Cell"],"picked":"Conserve Battery","floor":23.0},{"not_picked":["Coolheaded+1","Stack+1"],"picked":"Capacitor+1","floor":25.0}],"player_experience":256771,"relics_obtained":[{"floor":8.0,"key":"Mercury Hourglass"},{"floor":9.0,"key":"Torii"},{"floor":10.0,"key":"Ginger"},{"floor":12.0,"key":"MawBank"},{"floor":22.0,"key":"Nilry\u0027s Codex"},{"floor":23.0,"key":"Frozen Egg 2"},{"floor":25.0,"key":"Dream Catcher"},{"floor":26.0,"key":"Ancient Tea Set"}],"event_choices":[{"cards_removed":["Defend_B"],"damage_healed":0.0,"max_hp_gain":0.0,"max_hp_loss":0.0,"gold_gain":0.0,"event_name":"Bonfire Elementals","player_choice":"Offered Basic","floor":3.0,"gold_loss":0.0,"damage_taken":0.0},{"damage_healed":0.0,"max_hp_gain":0.0,"max_hp_loss":0.0,"gold_gain":0.0,"event_name":"The Cleric","player_choice":"Leave","floor":7.0,"gold_loss":0.0,"damage_taken":0.0},{"damage_healed":0.0,"max_hp_gain":0.0,"max_hp_loss":0.0,"gold_gain":0.0,"event_name":"Addict","player_choice":"Obtained Relic","floor":19.0,"gold_loss":85.0,"damage_taken":0.0,"relics_obtained":["Lantern"]},{"damage_healed":0.0,"max_hp_gain":0.0,"max_hp_loss":0.0,"gold_gain":0.0,"event_name":"Cursed Tome","player_choice":"Obtained Book","floor":22.0,"gold_loss":0.0,"damage_taken":16.0}],"is_beta":false,"boss_relics":[{"not_picked":["Snecko Eye","Philosopher\u0027s Stone"],"picked":"Eternal Feather"}],"items_purged_floors":[2],"is_endless":false,"potions_floor_spawned":[10,12,13,16,18,21,25],"killed_by":"Snake Plant","ascension_level":7}