{"gold_per_floor":[109,284,284,284,295,295,322,341,341,341,360,378,165,183,183,286,286,286,286,286,286,286,286,286,286,286,286,286,286,286,286,286,286,286,286,286,15,15,15,15,15,15,15,15,15,15,0,0,0,0,0,0,0,0],"floor_reached":54,"playtime":4932,"items_purged":["Doubt"],"score":888,"play_id":"233bc1fb-95e8-4a33-b1db-5b305e2fd826","local_time":"20190223020111","is_ascension_mode":true,"campfire_choices":[{"data":"Zap","floor":6.0,"key":"SMITH"},{"data":"Defragment","floor":10.0,"key":"SMITH"},{"data":"Rainbow","floor":15.0,"key":"SMITH"},{"data":"Creative AI","floor":23.0,"key":"SMITH"},{"floor":25.0,"key":"REST"},{"data":"Loop","floor":30.0,"key":"SMITH"},{"data":"Storm","floor":32.0,"key":"SMITH"},{"data":"Go for the Eyes","floor":40.0,"key":"SMITH"},{"floor":42,"key":"REST"},{"data":"Force Field","floor":44,"key":"SMITH"},{"floor":49,"key":"RECALL"},{"data":"Skim","floor":52,"key":"SMITH"}],"neow_cost":"NONE","seed_source_timestamp":561399129046911,"circlet_count":0,"master_deck":["Strike_B","Defend_B+1","Zap+1","Dualcast","Cold Snap+1","Cold Snap+1","Force Field+1","Darkness+1","Defragment+1","Self Repair","Gash","Storm+1","Rainbow+1","Force Field+1","Creative AI+1","Go for the Eyes+1","Thunder Strike","Rainbow","Auto Shields","Loop+1","Conserve Battery","Streamline+1","Electrodynamics","Skim+1","Conserve Battery","Stack","Capacitor+1","Steam+1","Chaos+1","Go for the Eyes+1","BootSequence+1"],"special_seed":0,"relics":["Astrolabe","Ice Cream","Letter Opener","Ectoplasm","Happy Flower","Incense Burner","Ancient Tea Set","Orrery","Frozen Eye","Bronze Scales","Dead Branch","Red Mask","Dodecahedron"],"potions_floor_usage":[41,46,50],"damage_taken":[{"damage":3.0,"enemies":"Jaw Worm","floor":1.0,"turns":4.0},{"damage":0.0,"enemies":"Small Slimes","floor":5.0,"turns":3.0},{"damage":5.0,"enemies":"Lagavulin","floor":7.0,"turns":5.0},{"damage":0.0,"enemies":"Cultist","floor":8.0,"turns":4.0},{"damage":13.0,"enemies":"Blue Slaver","floor":11.0,"turns":3.0},{"damage":16.0,"enemies":"Exordium Wildlife","floor":12.0,"turns":5.0},{"damage":10.0,"enemies":"3 Louse","floor":14.0,"turns":3.0},{"damage":17.0,"enemies":"Slime Boss","floor":16.0,"turns":5.0},{"damage":14.0,"enemies":"Shell Parasite","floor":18.0,"turns":7.0},{"damage":20.0,"enemies":"Chosen","floor":19.0,"turns":6.0},{"damage":11.0,"enemies":"3 Cultists","floor":22.0,"turns":4.0},{"damage":12.0,"enemies":"Snake Plant","floor":24.0,"turns":4.0},{"damage":0.0,"enemies":"Centurion and Healer","floor":27.0,"turns":4.0},{"damage":13.0,"enemies":"Book of Stabbing","floor":28.0,"turns":6.0},{"damage":0.0,"enemies":"Snecko","floor":29.0,"turns":5.0},{"damage":13.0,"enemies":"Slavers","floor":31.0,"turns":6.0},{"damage":29.0,"enemies":"Automaton","floor":33.0,"turns":7.0},{"damage":0.0,"enemies":"3 Shapes","floor":35.0,"turns":3.0},{"damage":21.0,"enemies":"3 Darklings","floor":39.0,"turns":4.0},{"damage":33,"enemies":"Reptomancer","floor":41,"turns":5},{"damage":12,"enemies":"Transient","floor":45,"turns":5},{"damage":0,"enemies":"Mind Bloom Boss Battle","floor":46,"turns":5},{"damage":14,"enemies":"Nemesis","floor":48,"turns":7},{"damage":18,"enemies":"Donu and Deca","floor":50,"turns":7},{"damage":66,"enemies":"Shield and Spear","floor":54,"turns":3}],"seed_played":"-4438652378621309113","potions_obtained":[{"floor":1.0,"key":"SpeedPotion"},{"floor":4.0,"key":"FairyPotion"},{"floor":4.0,"key":"LiquidBronze"},{"floor":4.0,"key":"EntropicBrew"},{"floor":29.0,"key":"Weak Potion"},{"floor":31.0,"key":"GamblersBrew"},{"floor":41,"key":"Weak Potion"},{"floor":46,"key":"Dexterity Potion"}],"is_trial":false,"path_per_floor":["M","?","?","?","M","R","E","M","T","R","M","M","$","M","R","B",null,"M","M","?","?","M","R","M","R","T","M","E","M","R","E","R","B",null,"M","?","$","?","M","R","E","R","T","R","M","?","?","E","R","B",null,"R","$","E"],"character_chosen":"DEFECT","items_purchased":["Rainbow","Capacitor","Frozen Eye"],"campfire_rested":2,"item_purchase_floors":[13,37,37],"current_hp_per_floor":[72,72,57,57,57,57,52,52,52,52,46,37,37,34,34,24,62,55,42,42,42,38,38,33,55,55,62,56,63,63,57,57,35,65,65,65,65,65,51,51,25,47,47,47,42,49,49,42,42,31,64,64,64,0],"gold":0,"neow_bonus":"BOSS_RELIC","is_prod":false,"is_daily":false,"chose_seed":false,"campfire_upgraded":9,"win_rate":0,"timestamp":1550883671,"path_taken":["M","?","?","?","M","R","E","?","T","R","M","M","$","M","R","BOSS","M","M","?","?","M","R","M","R","T","M","E","M","R","E","R","BOSS","M","?","$","?","M","R","E","R","T","R","?","?","?","E","R","BOSS","R","$","E"],"build_version":"2019-01-23","purchased_purges":1,"victory":false,"max_hp_per_floor":[75,75,75,75,75,75,75,75,75,75,75,75,75,75,75,75,75,75,75,75,75,75,75,75,75,75,75,75,75,75,75,75,75,75,75,75,75,75,75,75,75,75,75,75,75,75,75,75,75,75,75,75,75,75],"card_choices":[{"not_picked":["Undo","Doom and Gloom"],"picked":"Darkness","floor":1.0},{"not_picked":["Ball Lightning","Tempest","Cold Snap"],"picked":"SKIP","floor":5.0},{"not_picked":["Aggregate","Glacier"],"picked":"Defragment","floor":7.0},{"not_picked":["Recycle","Steam"],"picked":"Self Repair","floor":8.0},{"not_picked":["Sunder","Sweeping Beam"],"picked":"Gash","floor":11.0},{"not_picked":["Sunder","Ball Lightning"],"picked":"Storm","floor":12.0},{"not_picked":["Compile Driver","Hologram"],"picked":"Force Field","floor":14.0},{"not_picked":["Echo Form","Rainbow"],"picked":"Creative AI","floor":16.0},{"not_picked":["Compile Driver","Stack"],"picked":"Go for the Eyes","floor":18.0},{"not_picked":["Compile Driver","Rip and Tear+1","Tempest+1"],"picked":"SKIP","floor":19.0},{"not_picked":["Steam","Go for the Eyes"],"picked":"Auto Shields","floor":22.0},{"not_picked":["Steam","Sweeping Beam+1","Barrage"],"picked":"SKIP","floor":24.0},{"not_picked":["All For One","Barrage+1"],"picked":"Loop","floor":27.0},{"not_picked":["Streamline","Sweeping Beam"],"picked":"Conserve Battery","floor":28.0},{"not_picked":["Chill","Hologram"],"picked":"Streamline+1","floor":29.0},{"not_picked":["Darkness","Cold Snap+1","Steam"],"picked":"SKIP","floor":31.0},{"not_picked":["Buffer","Seek"],"picked":"Electrodynamics","floor":33.0},{"not_picked":["Force Field","Hello World"],"picked":"Skim","floor":34.0},{"not_picked":["Gash","Sweeping Beam"],"picked":"Conserve Battery","floor":34.0},{"not_picked":["Barrage+1","Sweeping Beam"],"picked":"Stack","floor":34.0},{"not_picked":["Double Energy","Cold Snap+1","Doom and Gloom"],"picked":"SKIP","floor":35.0},{"not_picked":["Redo","Blizzard","Chill"],"picked":"SKIP","floor":39.0},{"not_picked":["Gash","Core Surge"],"picked":"Steam+1","floor":41},{"not_picked":["Barrage","Compile Driver+1"],"picked":"Chaos+1","floor":45},{"not_picked":["Tempest+1","Turbo+1"],"picked":"Go for the Eyes+1","floor":46},{"not_picked":["Compile Driver","Gash+1"],"picked":"BootSequence+1","floor":48}],"player_experience":213853,"relics_obtained":[{"floor":7.0,"key":"Ice Cream"},{"floor":9.0,"key":"Letter Opener"},{"floor":26.0,"key":"Happy Flower"},{"floor":28.0,"key":"Incense Burner"},{"floor":31.0,"key":"Ancient Tea Set"},{"floor":41,"key":"Bronze Scales"},{"floor":46,"key":"Dead Branch"},{"floor":48,"key":"Dodecahedron"}],"event_choices":[{"damage_healed":0.0,"max_hp_gain":0.0,"max_hp_loss":0.0,"gold_gain":175.0,"event_name":"Liars Game","player_choice":"AGREE","floor":2.0,"gold_loss":0.0,"damage_taken":0.0,"cards_obtained":["Doubt"]},{"damage_healed":0.0,"max_hp_gain":0.0,"max_hp_loss":0.0,"gold_gain":0.0,"event_name":"Shining Light","player_choice":"Entered Light","floor":3.0,"gold_loss":0.0,"damage_taken":15.0,"cards_upgraded":["Defend_B","Darkness"]},{"damage_healed":0.0,"max_hp_gain":0.0,"max_hp_loss":0.0,"gold_gain":0.0,"event_name":"Lab","player_choice":"Got Potions","floor":4.0,"gold_loss":0.0,"damage_taken":0.0},{"damage_healed":0.0,"max_hp_gain":0.0,"max_hp_loss":0.0,"gold_gain":0.0,"cards_transformed":["Strike_B","Defend_B"],"event_name":"Drug Dealer","player_choice":"Became Test Subject","floor":20.0,"gold_loss":0.0,"damage_taken":0.0,"cards_obtained":["Thunder Strike","Rainbow"]},{"damage_healed":0.0,"max_hp_gain":0.0,"max_hp_loss":0.0,"gold_gain":0.0,"event_name":"Beggar","player_choice":"Ignored","floor":21.0,"gold_loss":0.0,"damage_taken":0.0},{"cards_removed":["Strike_B"],"damage_healed":0.0,"max_hp_gain":0.0,"max_hp_loss":0.0,"gold_gain":0.0,"event_name":"Falling","player_choice":"Removed Attack","floor":36.0,"gold_loss":0.0,"damage_taken":0.0},{"damage_healed":0.0,"max_hp_gain":0.0,"max_hp_loss":0.0,"gold_gain":0.0,"event_name":"Accursed Blacksmith","player_choice":"Forge","floor":38.0,"gold_loss":0.0,"damage_taken":0.0,"cards_upgraded":["Capacitor"]},{"damage_healed":0,"gold_gain":0,"player_choice":"Fight","damage_taken":0,"max_hp_gain":0,"max_hp_loss":0,"event_name":"MindBloom","floor":46,"gold_loss":0},{"damage_healed":0,"gold_gain":0,"player_choice":"Paid","damage_taken":0,"relics_obtained":["Red Mask"],"max_hp_gain":0,"max_hp_loss":0,"event_name":"Tomb of Lord Red Mask","floor":47,"gold_loss":15}],"is_beta":false,"boss_relics":[{"not_picked":["Cursed Key","Snecko Eye"],"picked":"Ectoplasm"},{"not_picked":["Calling Bell","Velvet Choker"],"picked":"Orrery"}],"items_purged_floors":[13],"is_endless":false,"potions_floor_spawned":[1,5,8,19,27,29,31,33,41,45,46,48],"killed_by":"Shield and Spear","ascension_level":5}