{"gold_per_floor":[111,111,130,130,149,149,176,176,176,176,31,45,79,29,29,126,126,141,156,170,170,18,52,66,66,66,97,97,97,130,148,148,243,243,263,276,288,288,66,100,117,151,151,251,266,297,311,344,344,344],"floor_reached":51,"playtime":4538,"items_purged":["Defend_R","Strike_R"],"score":1241,"play_id":"6c62faca-134f-40bc-acab-148c321eaf1d","local_time":"20190109172807","is_ascension_mode":true,"campfire_choices":[{"data":"Pommel Strike","floor":6,"key":"SMITH"},{"data":"Armaments","floor":8,"key":"SMITH"},{"data":"Bloodletting","floor":10,"key":"SMITH"},{"data":"Impervious","floor":15,"key":"SMITH"},{"floor":25,"key":"REST"},{"floor":28,"key":"REST"},{"floor":32,"key":"RECALL"},{"floor":49,"key":"REST"}],"neow_cost":"NONE","seed_source_timestamp":7778322702253,"circlet_count":0,"master_deck":["Strike_R","Strike_R","Defend_R","Bash","Bloodletting+1","Inflame","Pommel Strike+1","Shrug It Off+1","Armaments+1","Battle Trance","Inflame","Impervious+1","Exhume+1","Body Slam+1","Battle Trance","Shockwave+1","True Grit+1","Rage+1","Ghostly Armor+1","Metallicize","Limit Break+1","Heavy Blade+1","Spot Weakness+1","Secret Weapon+1","Dark Shackles+1","hubris:Insight+1","Bandage Up+1","Warcry+1","Battle Trance+1","Whirlwind","Headbutt","Disarm+1","Parasite","Spot Weakness+1","Pummel"],"relics":["Burning Blood","StoneCalendar","hubris:SphereOfDissonance","Bottled Flame","hubris:Potato","Fusion Hammer","Pen Nib","Toxic Egg 2","hubris:MysteriousPyramids","The Courier","War Paint","hubris:RunicObelisk","Strawberry","Pocketwatch","Anchor","FossilizedHelix","hubris:TenFootPole","hubris:ChampionShield"],"potions_floor_usage":[7,19,19,27,30,33,40,41,48],"damage_taken":[{"damage":9,"enemies":"2 Louse","floor":1,"turns":4},{"damage":3,"enemies":"Small Slimes","floor":3,"turns":4},{"damage":1,"enemies":"Cultist","floor":5,"turns":4},{"damage":32,"enemies":"3 Sentries","floor":7,"turns":9},{"damage":3,"enemies":"Blue Slaver","floor":12,"turns":2},{"damage":8,"enemies":"Lagavulin","floor":13,"turns":6},{"damage":0,"enemies":"The Guardian","floor":16,"turns":10},{"damage":7,"enemies":"2 Thieves","floor":18,"turns":4},{"damage":21,"enemies":"3 Byrds","floor":19,"turns":5},{"damage":28,"enemies":"Snecko","floor":20,"turns":5},{"damage":29,"enemies":"Slavers","floor":23,"turns":7},{"damage":0,"enemies":"Shelled Parasite and Fungi","floor":24,"turns":5},{"damage":0,"enemies":"Gremlin Leader","floor":27,"turns":2},{"damage":3,"enemies":"Book of Stabbing","floor":30,"turns":4},{"damage":7,"enemies":"Cultist and Chosen","floor":31,"turns":6},{"damage":23,"enemies":"Champ","floor":33,"turns":7},{"damage":0,"enemies":"Orb Walker","floor":35,"turns":2},{"damage":0,"enemies":"3 Darklings","floor":36,"turns":4},{"damage":25,"enemies":"4 Shapes","floor":37,"turns":4},{"damage":0,"enemies":"Giant Head","floor":40,"turns":6},{"damage":0,"enemies":"Transient","floor":41,"turns":5},{"damage":26,"enemies":"Reptomancer","floor":42,"turns":4},{"damage":0,"enemies":"Mind Bloom Boss Battle","floor":44,"turns":3},{"damage":0,"enemies":"3 Darklings","floor":45,"turns":3},{"damage":0,"enemies":"Giant Head","floor":46,"turns":6},{"damage":4,"enemies":"Writhing Mass","floor":47,"turns":6},{"damage":47,"enemies":"Reptomancer","floor":48,"turns":5},{"damage":33,"enemies":"Time Eater","floor":50,"turns":5}],"seed_played":"5816472279987309567","potions_obtained":[{"floor":5,"key":"Weak Potion"},{"floor":12,"key":"Poison Potion"},{"floor":16,"key":"Swift Potion"},{"floor":23,"key":"Block Potion"},{"floor":24,"key":"AttackPotion"},{"floor":27,"key":"PowerPotion"},{"floor":30,"key":"SkillPotion"},{"floor":31,"key":"FearPotion"},{"floor":35,"key":"FearPotion"},{"floor":36,"key":"AttackPotion"},{"floor":45,"key":"PowerPotion"},{"floor":47,"key":"Strength Potion"}],"is_trial":false,"path_per_floor":["M","?","M","?","M","R","E","R","T","R","$","M","E","?","R","B",null,"M","M","M","$","$","E","M","R","T","E","R","?","E","M","R","B",null,"M","M","M","?","$","E","M","E","T","?","M","E","M","E","R","B",null],"character_chosen":"IRONCLAD","items_purchased":["Battle Trance","Pen Nib","hubris:Insight+1","Bandage Up+1"],"campfire_rested":3,"item_purchase_floors":[11,22,39,39],"current_hp_per_floor":[69,69,72,72,77,77,51,51,51,51,51,54,52,52,52,58,75,74,59,37,37,37,14,20,44,44,50,74,74,77,76,76,59,75,80,80,61,56,56,75,87,73,73,85,87,87,87,46,72,51],"gold":344,"neow_bonus":"TRANSFORM_CARD","is_prod":false,"is_daily":false,"chose_seed":false,"campfire_upgraded":4,"win_rate":0,"timestamp":1547051287,"path_taken":["M","?","M","?","?","R","E","R","T","R","$","M","E","?","R","BOSS","M","?","?","?","$","E","?","R","T","E","R","?","E","M","R","BOSS","M","?","M","?","$","E","M","E","T","?","M","E","M","E","R","BOSS"],"build_version":"2019-01-03v4","purchased_purges":2,"victory":true,"max_hp_per_floor":[80,80,80,80,80,80,80,80,80,80,80,80,80,80,80,80,80,80,80,80,80,80,80,80,80,80,80,80,80,80,80,80,80,80,80,80,80,80,80,87,87,87,87,87,87,87,87,87,87,87],"card_choices":[{"not_picked":["Clash","Clothesline"],"picked":"Inflame","floor":1},{"not_picked":["Sword Boomerang","Wild Strike"],"picked":"Pommel Strike","floor":3},{"not_picked":["Clothesline","Warcry"],"picked":"Shrug It Off","floor":5},{"not_picked":["Bludgeon","Iron Wave"],"picked":"Armaments","floor":7},{"not_picked":["Burning Pact","Cleave"],"picked":"Inflame","floor":12},{"not_picked":["Pommel Strike","True Grit"],"picked":"Impervious","floor":13},{"not_picked":["Juggernaut","hubris:StunningStrike"],"picked":"Exhume","floor":16},{"not_picked":["Thunderclap","Armaments"],"picked":"Body Slam+1","floor":18},{"not_picked":["Clash","Thunderclap","Clothesline"],"picked":"SKIP","floor":19},{"not_picked":["Anger","True Grit"],"picked":"Battle Trance","floor":20},{"not_picked":["Clothesline","Heavy Blade"],"picked":"Shockwave","floor":23},{"not_picked":["Searing Blow","Wild Strike"],"picked":"True Grit+1","floor":24},{"not_picked":["Armaments+1","Power Through+1"],"picked":"Rage+1","floor":27},{"not_picked":["Dropkick+1","Body Slam"],"picked":"Ghostly Armor+1","floor":30},{"not_picked":["Inflame+1","Sever Soul"],"picked":"Metallicize","floor":31},{"not_picked":["Immolate","Offering+1"],"picked":"Limit Break+1","floor":33},{"not_picked":["Inflame","True Grit+1"],"picked":"Heavy Blade+1","floor":35},{"not_picked":["Shrug It Off+1","Sentinel+1"],"picked":"Spot Weakness+1","floor":36},{"not_picked":["Shrug It Off+1","Corruption+1","Evolve+1"],"picked":"SKIP","floor":37},{"not_picked":["Mayhem","Jack Of All Trades+1"],"picked":"Secret Weapon+1","floor":38},{"not_picked":["Forethought+1","Flash of Steel"],"picked":"Dark Shackles+1","floor":38},{"not_picked":["Wild Strike+1","Clothesline"],"picked":"Warcry+1","floor":40},{"not_picked":["Perfected Strike+1","Shrug It Off+1"],"picked":"Battle Trance+1","floor":41},{"not_picked":["Rupture+1","Searing Blow+1"],"picked":"Whirlwind","floor":42},{"not_picked":["Burning Pact+1","Thunderclap+1"],"picked":"Headbutt","floor":44},{"not_picked":["Infernal Blade+1","Sword Boomerang","Searing Blow+1"],"picked":"SKIP","floor":45},{"not_picked":["Burning Pact+1","Pommel Strike"],"picked":"Disarm+1","floor":46},{"not_picked":["Shrug It Off+1","Anger"],"picked":"Spot Weakness+1","floor":47},{"not_picked":["Perfected Strike","Uppercut"],"picked":"Pummel","floor":48}],"player_experience":494874,"relics_obtained":[{"floor":7,"key":"StoneCalendar"},{"floor":9,"key":"hubris:SphereOfDissonance"},{"floor":13,"key":"Bottled Flame"},{"floor":23,"key":"Toxic Egg 2"},{"floor":26,"key":"hubris:MysteriousPyramids"},{"floor":27,"key":"The Courier"},{"floor":30,"key":"War Paint"},{"floor":40,"key":"Strawberry"},{"floor":42,"key":"Pocketwatch"},{"floor":43,"key":"Anchor"},{"floor":44,"key":"FossilizedHelix"},{"floor":46,"key":"hubris:TenFootPole"},{"floor":48,"key":"hubris:ChampionShield"}],"event_choices":[{"cards_removed":["Strike_R"],"damage_healed":0,"gold_gain":0,"player_choice":"Forget","damage_taken":0,"max_hp_gain":0,"max_hp_loss":0,"event_name":"Living Wall","floor":2,"gold_loss":0},{"cards_removed":["Defend_R"],"damage_healed":0,"gold_gain":0,"player_choice":"Purged","damage_taken":0,"max_hp_gain":0,"max_hp_loss":0,"event_name":"Purifier","floor":4,"gold_loss":0},{"damage_healed":0,"gold_gain":0,"player_choice":"Paid Gold","damage_taken":0,"relics_obtained":["hubris:Potato"],"max_hp_gain":0,"max_hp_loss":0,"event_name":"WeMeetAgain","floor":14,"gold_loss":50},{"cards_removed":["Defend_R"],"damage_healed":0,"gold_gain":0,"player_choice":"Offered Basic","damage_taken":0,"max_hp_gain":0,"max_hp_loss":0,"event_name":"Bonfire Elementals","floor":29,"gold_loss":0},{"damage_healed":0,"gold_gain":0,"player_choice":"Memory 2","damage_taken":5,"max_hp_gain":0,"max_hp_loss":0,"event_name":"SensoryStone","floor":38,"gold_loss":0},{"damage_healed":0,"gold_gain":0,"player_choice":"Fight","damage_taken":0,"max_hp_gain":0,"max_hp_loss":0,"event_name":"MindBloom","floor":44,"gold_loss":0}],"is_beta":false,"boss_relics":[{"not_picked":["Lizard Tail","Runic Cube"],"picked":"Fusion Hammer"},{"not_picked":["White Beast Statue","hubris:ScarierMask"],"picked":"hubris:RunicObelisk"}],"items_purged_floors":[11,39],"is_endless":false,"potions_floor_spawned":[5,12,16,23,24,27,30,31,35,36,45,47],"ascension_level":6}