{"gold_per_floor":[113,35,50,60,60,91,91,91,116,116,134,144,144,164,164,164],"floor_reached":16,"playtime":1363,"items_purged":[],"score":117,"play_id":"7948c442-eb56-415a-8c59-f4e9df6727d2","local_time":"20180806223118","is_ascension_mode":true,"campfire_choices":[{"floor":7,"key":"REST"},{"data":"Distraction","floor":10,"key":"SMITH"},{"floor":15,"key":"REST"}],"neow_cost":"NONE","seed_source_timestamp":2284834002890425,"circlet_count":0,"master_deck":["Defend_G","Defend_G","Defend_G","Defend_G","Defend_G","Strike_G","Strike_G","Strike_G","Strike_G","Strike_G","Survivor","Neutralize","Blade Dance","Accuracy","Distraction+1","Phantasmal Killer+1","Escape Plan","Backstab"],"relics":["Ring of the Snake","Bag of Marbles","Orichalcum","Centennial Puzzle","Omamori"],"potions_floor_usage":[6,14,16,16],"damage_taken":[{"damage":1,"enemies":"Jaw Worm","floor":1,"turns":2},{"damage":2,"enemies":"Small Slimes","floor":3,"turns":2},{"damage":0,"enemies":"Cultist","floor":4,"turns":3},{"damage":34,"enemies":"Gremlin Nob","floor":6,"turns":4},{"damage":4,"enemies":"3 Louse","floor":11,"turns":3},{"damage":0,"enemies":"Large Slime","floor":12,"turns":5},{"damage":0,"enemies":"Lots of Slimes","floor":14,"turns":4},{"damage":65,"enemies":"Slime Boss","floor":16,"turns":9}],"seed_played":"-1735656451952663711","potions_obtained":[{"floor":3,"key":"Poison Potion"},{"floor":4,"key":"Weak Potion"},{"floor":6,"key":"Poison Potion"},{"floor":14,"key":"Swift Potion"}],"is_trial":false,"path_per_floor":["M","$","M","M","?","E","R","?","T","R","M","M","?","M","R"],"character_chosen":"THE_SILENT","items_purchased":["Accuracy"],"campfire_rested":2,"item_purchase_floors":[2],"current_hp_per_floor":[69,69,67,67,67,33,54,54,54,54,50,50,38,38,59,0],"gold":164,"neow_bonus":"RANDOM_COMMON_RELIC","is_prod":false,"is_daily":false,"chose_seed":false,"campfire_upgraded":1,"win_rate":0,"timestamp":1533587478,"path_taken":["M","$","M","M","?","E","R","?","T","R","M","M","?","M","R","BOSS"],"build_version":"2018-08-02","purchased_purges":0,"victory":false,"max_hp_per_floor":[70,70,70,70,70,70,70,70,70,70,70,70,70,70,70,70],"card_choices":[{"not_picked":["Accuracy","Outmaneuver"],"picked":"Blade Dance","floor":1},{"not_picked":["Escape Plan","Underhanded Strike"],"picked":"Distraction","floor":3},{"not_picked":["Outmaneuver","Blade Dance"],"picked":"Phantasmal Killer","floor":4},{"not_picked":["Sucker Punch","Masterful Stab"],"picked":"Escape Plan","floor":6},{"not_picked":["Tactician","Blade Dance","Prepared"],"picked":"SKIP","floor":11},{"not_picked":["Catalyst","Outmaneuver"],"picked":"Backstab","floor":12},{"not_picked":["Quick Slash","Prepared","Bane"],"picked":"SKIP","floor":14}],"player_experience":110931,"relics_obtained":[{"floor":6,"key":"Orichalcum"},{"floor":9,"key":"Centennial Puzzle"}],"event_choices":[{"event_name":"Living Wall","player_choice":"Grow","floor":5,"damage_taken":0},{"event_name":"Shining Light","player_choice":"Ignored","floor":8,"damage_taken":0},{"event_name":"Scrap Ooze","player_choice":"success","floor":13,"damage_taken":12}],"is_beta":false,"boss_relics":[],"items_purged_floors":[],"is_endless":false,"potions_floor_spawned":[3,4,6,14],"killed_by":"Slime Boss","ascension_level":3}