{"gold_per_floor":[118,134,134,145,161,194,210,237,237,237,237,267,267],"floor_reached":13,"playtime":564,"items_purged":[],"score":157,"play_id":"cdb818a9-dfdd-4d6e-af97-279527d291f8","local_time":"20190429142607","is_ascension_mode":true,"campfire_choices":[{"floor":11,"key":"REST"}],"neow_cost":"NONE","seed_source_timestamp":445526521087751,"circlet_count":0,"master_deck":["AscendersBane","Strike_R","Strike_R","Strike_R","Strike_R","Strike_R","Defend_R","Defend_R","Defend_R","Defend_R","Bash","Pommel Strike","Combust","Cleave","Shrug It Off","Inflame"],"relics":["Burning Blood","Vajra","Question Card","Orichalcum","Letter Opener"],"potions_floor_usage":[8],"damage_taken":[{"damage":3,"enemies":"2 Louse","floor":1,"turns":3},{"damage":0,"enemies":"Small Slimes","floor":2,"turns":3},{"damage":6,"enemies":"Cultist","floor":4,"turns":3},{"damage":22,"enemies":"Exordium Thugs","floor":5,"turns":4},{"damage":40,"enemies":"Lagavulin","floor":6,"turns":6},{"damage":11,"enemies":"Blue Slaver","floor":7,"turns":4},{"damage":29,"enemies":"Gremlin Nob","floor":8,"turns":4},{"damage":33,"enemies":"Lagavulin","floor":13,"turns":7}],"seed_played":"-2570169726330309151","potions_obtained":[{"floor":4,"key":"Strength Potion"},{"floor":5,"key":"FearPotion"}],"is_trial":false,"path_per_floor":["M","M","?","M","M","E","M","E","T","$","R","?","E"],"character_chosen":"IRONCLAD","items_purchased":[],"campfire_rested":1,"item_purchase_floors":[],"current_hp_per_floor":[75,80,85,85,69,35,30,7,7,7,32,32,0],"gold":267,"neow_bonus":"RANDOM_COMMON_RELIC","is_prod":false,"is_daily":false,"chose_seed":false,"campfire_upgraded":0,"win_rate":0,"timestamp":1556540767,"path_taken":["M","M","?","M","M","E","M","E","T","$","R","?","E"],"build_version":"2019-01-23","purchased_purges":0,"victory":false,"max_hp_per_floor":[80,80,85,85,85,85,85,85,85,85,85,85,85],"card_choices":[{"not_picked":["Armaments","Rampage"],"picked":"Pommel Strike","floor":1},{"not_picked":["Armaments","Clothesline"],"picked":"Combust","floor":2},{"not_picked":["Second Wind","Anger","Wild Strike"],"picked":"SKIP","floor":4},{"not_picked":["Armaments","Wild Strike"],"picked":"Cleave","floor":5},{"not_picked":["Reckless Charge","Brutality"],"picked":"Shrug It Off","floor":6},{"not_picked":["Armaments","Clothesline","Flex"],"picked":"Inflame","floor":7},{"not_picked":["True Grit","Flex","Thunderclap","Sever Soul"],"picked":"SKIP","floor":8}],"player_experience":685355,"relics_obtained":[{"floor":6,"key":"Question Card"},{"floor":8,"key":"Orichalcum"},{"floor":9,"key":"Letter Opener"}],"event_choices":[{"damage_healed":0,"gold_gain":0,"player_choice":"Donut","damage_taken":0,"max_hp_gain":5,"max_hp_loss":0,"event_name":"Big Fish","floor":3,"gold_loss":0},{"damage_healed":0,"gold_gain":30,"player_choice":"Searched \u00271\u0027 times","damage_taken":0,"max_hp_gain":0,"max_hp_loss":0,"event_name":"Dead Adventurer","floor":12,"gold_loss":0}],"is_beta":false,"boss_relics":[],"items_purged_floors":[],"is_endless":false,"potions_floor_spawned":[4,5],"killed_by":"Lagavulin","ascension_level":13}