{"gold_per_floor":[18,18,38,38,57,57,82,82,82,82,82,82,7,7],"floor_reached":14,"playtime":603,"items_purged":["Strike_R"],"score":120,"play_id":"aaf990ad-40a4-48b9-90e6-59b02880df20","local_time":"20190111000148","is_ascension_mode":true,"campfire_choices":[{"data":"Bash","floor":6,"key":"SMITH"},{"data":"Limit Break","floor":8,"key":"SMITH"},{"data":"Strike_R","floor":12,"key":"PURGE"}],"neow_cost":"NO_GOLD","seed_source_timestamp":88197271593808,"circlet_count":0,"master_deck":["Strike_R","Strike_R","Defend_R","Defend_R","Defend_R","Defend_R","Bash+1","Limit Break+1","Seeing Red","Heavy Blade","Flex"],"relics":["Burning Blood","hubris:MysteriousPyramids","PreservedInsect","Peace Pipe"],"potions_floor_usage":[7],"damage_taken":[{"damage":17,"enemies":"Jaw Worm","floor":1,"turns":5},{"damage":2,"enemies":"2 Louse","floor":3,"turns":4},{"damage":5,"enemies":"Small Slimes","floor":5,"turns":4},{"damage":30,"enemies":"Gremlin Nob","floor":7,"turns":4},{"damage":45,"enemies":"3 Sentries","floor":14,"turns":8}],"seed_played":"-1157956467889257661","potions_obtained":[{"floor":1,"key":"LiquidBronze"},{"floor":5,"key":"AttackPotion"}],"is_trial":false,"path_per_floor":["M","?","M","?","M","R","E","R","T","$","T","R","$","E"],"character_chosen":"IRONCLAD","items_purchased":[],"campfire_rested":0,"item_purchase_floors":[],"current_hp_per_floor":[61,61,65,65,66,66,42,42,42,42,42,42,42,0],"gold":7,"neow_bonus":"THREE_RARE_CARDS","is_prod":false,"is_daily":false,"chose_seed":false,"campfire_upgraded":2,"win_rate":0,"timestamp":1547161308,"path_taken":["M","?","M","?","M","R","E","R","T","$","?","R","$","E"],"build_version":"2019-01-03v4","purchased_purges":1,"victory":false,"max_hp_per_floor":[80,80,80,80,80,80,80,80,80,80,80,80,80,80],"card_choices":[{"not_picked":["Offering","Juggernaut"],"picked":"Limit Break","floor":0},{"not_picked":["Battle Trance","Iron Wave"],"picked":"Seeing Red","floor":1},{"not_picked":["Power Through","Reckless Charge"],"picked":"Heavy Blade","floor":3},{"not_picked":["Searing Blow","Combust","Thunderclap"],"picked":"SKIP","floor":5},{"not_picked":["Iron Wave","Havoc"],"picked":"Flex","floor":7}],"player_experience":518255,"relics_obtained":[{"floor":7,"key":"hubris:MysteriousPyramids"},{"floor":9,"key":"PreservedInsect"},{"floor":11,"key":"Peace Pipe"}],"event_choices":[{"damage_healed":0,"gold_gain":0,"player_choice":"Ignored","damage_taken":0,"max_hp_gain":0,"max_hp_loss":0,"event_name":"Liars Game","floor":2,"gold_loss":0},{"cards_removed":["Strike_R"],"damage_healed":0,"gold_gain":0,"player_choice":"Forget","damage_taken":0,"max_hp_gain":0,"max_hp_loss":0,"event_name":"Living Wall","floor":4,"gold_loss":0}],"is_beta":false,"boss_relics":[],"items_purged_floors":[13],"is_endless":false,"potions_floor_spawned":[1,5],"killed_by":"3 Sentries","ascension_level":8}