{"gold_per_floor":[16,34,48,61,74,74,94,94,94,94,105,130,145,170,170,267,267,282,295,313,332,349,349,359,61,61,76,106,106,139,151,151,246,246,261,311,322,248,248,248,248,273,298,57,57],"floor_reached":45,"playtime":2575,"items_purged":[],"score":651,"play_id":"e6b72657-64f8-48f2-b204-51618ccc1021","local_time":"20190418205649","is_ascension_mode":true,"campfire_choices":[{"data":"Armaments","floor":6.0,"key":"SMITH"},{"data":"Fiend Fire","floor":8.0,"key":"SMITH"},{"data":"Bash","floor":10.0,"key":"SMITH"},{"data":"Disarm","floor":15.0,"key":"SMITH"},{"data":"Cleave","floor":23.0,"key":"SMITH"},{"data":"Iron Wave","floor":29.0,"key":"SMITH"},{"data":"Flame Barrier","floor":32.0,"key":"SMITH"},{"data":"Battle Trance","floor":40,"key":"SMITH"}],"neow_cost":"NO_GOLD","seed_source_timestamp":470614410394297,"circlet_count":0,"master_deck":["Strike_R","Strike_R","Strike_R","Strike_R","Defend_R","Defend_R","Defend_R","Defend_R","Bash+1","Fiend Fire+1","Iron Wave+1","Armaments+1","Rampage","Impervious","Cleave+1","Shrug It Off","Disarm+1","Clothesline+1","Immolate+1","Spot Weakness","Cleave+1","Shockwave+1","Shrug It Off+1","Feed+1","Flame Barrier+1","Double Tap","Parasite","Clumsy","Injury","True Grit","True Grit+1","Battle Trance+1","Metallicize+1","Writhe"],"special_seed":0,"relics":["Burning Blood","Paper Frog","Molten Egg 2","Frozen Egg 2","Coffee Dripper","Incense Burner","Ornamental Fan","Self Forming Clay","Prayer Wheel","Calling Bell","Torii","Blue Candle","Ancient Tea Set","Unceasing Top","Strawberry","Pantograph"],"potions_floor_usage":[36,45],"damage_taken":[{"damage":6.0,"enemies":"Cultist","floor":1.0,"turns":3.0},{"damage":2.0,"enemies":"2 Louse","floor":2.0,"turns":2.0},{"damage":0.0,"enemies":"Small Slimes","floor":3.0,"turns":3.0},{"damage":0.0,"enemies":"3 Louse","floor":4.0,"turns":5.0},{"damage":11.0,"enemies":"Looter","floor":5.0,"turns":2.0},{"damage":0.0,"enemies":"Blue Slaver","floor":7.0,"turns":5.0},{"damage":0.0,"enemies":"Exordium Wildlife","floor":11.0,"turns":3.0},{"damage":25.0,"enemies":"3 Sentries","floor":12.0,"turns":6.0},{"damage":0.0,"enemies":"2 Fungi Beasts","floor":13.0,"turns":3.0},{"damage":17.0,"enemies":"Lagavulin","floor":14.0,"turns":7.0},{"damage":23.0,"enemies":"The Guardian","floor":16.0,"turns":12.0},{"damage":6.0,"enemies":"Spheric Guardian","floor":18.0,"turns":3.0},{"damage":1.0,"enemies":"Shell Parasite","floor":19.0,"turns":6.0},{"damage":0.0,"enemies":"Centurion and Healer","floor":20.0,"turns":5.0},{"damage":9.0,"enemies":"Snecko","floor":21.0,"turns":4.0},{"damage":0.0,"enemies":"3 Cultists","floor":22.0,"turns":3.0},{"damage":7.0,"enemies":"Snake Plant","floor":24.0,"turns":3.0},{"damage":7.0,"enemies":"Centurion and Healer","floor":27.0,"turns":4.0},{"damage":16.0,"enemies":"Book of Stabbing","floor":28.0,"turns":6.0},{"damage":15.0,"enemies":"Gremlin Leader","floor":30.0,"turns":4.0},{"damage":3.0,"enemies":"Cultist and Chosen","floor":31.0,"turns":8.0},{"damage":68.0,"enemies":"Automaton","floor":33.0,"turns":14.0},{"damage":15.0,"enemies":"3 Darklings","floor":35.0,"turns":4.0},{"damage":12,"enemies":"2 Orb Walkers","floor":36,"turns":4},{"damage":16,"enemies":"Orb Walker","floor":37,"turns":3},{"damage":27,"enemies":"Reptomancer","floor":42,"turns":10},{"damage":48,"enemies":"Transient","floor":45,"turns":4}],"seed_played":"4033106710853916030","potions_obtained":[{"floor":2.0,"key":"SmokeBomb"},{"floor":4.0,"key":"SkillPotion"},{"floor":7.0,"key":"BloodPotion"},{"floor":11.0,"key":"Strength Potion"},{"floor":33.0,"key":"Dexterity Potion"},{"floor":36,"key":"LiquidBronze"},{"floor":42,"key":"GamblersBrew"}],"is_trial":false,"path_per_floor":["M","M","M","M","M","R","M","R","T","R","M","E","M","E","R","B",null,"M","M","M","M","M","R","M","$","T","M","E","R","E","M","R","B",null,"M","?","M","$","?","R","?","E","T","$","M"],"character_chosen":"IRONCLAD","items_purchased":["Incense Burner","Metallicize+1","Pantograph"],"campfire_rested":0,"item_purchase_floors":[25,38,44],"current_hp_per_floor":[72,76,80,80,75,75,80,80,80,80,80,61,67,56,56,39,70,70,75,80,77,80,80,79,79,79,78,68,68,63,66,66,12,66,57,51,41,41,41,41,62,48,48,48,0],"gold":57,"neow_bonus":"THREE_RARE_CARDS","is_prod":false,"is_daily":false,"chose_seed":false,"campfire_upgraded":8,"win_rate":0,"timestamp":1555613809,"path_taken":["M","M","M","M","M","R","M","R","T","R","M","E","M","E","R","BOSS","M","?","M","M","M","R","M","$","T","M","E","R","E","M","R","BOSS","M","?","M","$","?","R","?","E","T","$","M"],"build_version":"2019-01-23","purchased_purges":0,"victory":false,"max_hp_per_floor":[80,80,80,80,80,80,80,80,80,80,80,80,80,80,80,80,80,80,80,80,80,80,80,80,80,80,80,80,80,84,84,84,84,84,84,84,84,84,84,84,84,91,91,91,91],"card_choices":[{"not_picked":["Offering","Bludgeon"],"picked":"Fiend Fire","floor":0.0},{"not_picked":["Clash","Havoc"],"picked":"Iron Wave","floor":1.0},{"not_picked":["Iron Wave","Twin Strike"],"picked":"Armaments","floor":2.0},{"not_picked":["Anger","Wild Strike"],"picked":"Rampage","floor":3.0},{"not_picked":["Pummel","Body Slam","Twin Strike"],"picked":"SKIP","floor":4.0},{"not_picked":["Dual Wield","Second Wind"],"picked":"Impervious","floor":5.0},{"not_picked":["Heavy Blade","Flex"],"picked":"Cleave","floor":7.0},{"not_picked":["Warcry","Entrench"],"picked":"Shrug It Off","floor":11.0},{"not_picked":["Rage","Sentinel","Twin Strike"],"picked":"SKIP","floor":12.0},{"not_picked":["Iron Wave+1","Pommel Strike+1"],"picked":"Disarm","floor":13.0},{"not_picked":["Wild Strike+1","Armaments"],"picked":"Clothesline+1","floor":14.0},{"not_picked":["Juggernaut+1","Impervious"],"picked":"Immolate+1","floor":16.0},{"not_picked":["Anger+1","Infernal Blade","Sword Boomerang+1"],"picked":"SKIP","floor":18.0},{"not_picked":["Body Slam+1","Pummel+1","Perfected Strike+1"],"picked":"SKIP","floor":19.0},{"not_picked":["Shrug It Off","Twin Strike+1"],"picked":"Spot Weakness","floor":20.0},{"not_picked":["Combust+1","Clothesline+1","Headbutt+1"],"picked":"SKIP","floor":21.0},{"not_picked":["Sword Boomerang+1","Fire Breathing+1"],"picked":"Cleave+1","floor":22.0},{"not_picked":["Second Wind+1","Twin Strike+1"],"picked":"Shockwave+1","floor":24.0},{"not_picked":["Perfected Strike+1","Pummel+1"],"picked":"Shrug It Off+1","floor":27.0},{"not_picked":["Body Slam+1","Ghostly Armor"],"picked":"Feed+1","floor":28.0},{"not_picked":["Combust+1","Reckless Charge+1"],"picked":"Flame Barrier","floor":30.0},{"not_picked":["Pommel Strike+1","Feel No Pain+1","Reckless Charge+1"],"picked":"SKIP","floor":31.0},{"not_picked":["Pommel Strike+1","Perfected Strike+1","Flex"],"picked":"SKIP","floor":31.0},{"not_picked":["Dark Embrace+1","Bludgeon+1"],"picked":"Double Tap","floor":33.0},{"not_picked":["Armaments+1","Sever Soul+1"],"picked":"True Grit","floor":35.0},{"not_picked":["Second Wind","Dual Wield","Rupture+1"],"picked":"SKIP","floor":35.0},{"not_picked":["Cleave+1","Shrug It Off"],"picked":"True Grit+1","floor":36},{"not_picked":["Dropkick+1","Dual Wield"],"picked":"Battle Trance","floor":37},{"not_picked":["Body Slam+1","Intimidate+1","Twin Strike+1"],"picked":"SKIP","floor":37},{"not_picked":["Bloodletting","Intimidate+1","True Grit+1"],"picked":"SKIP","floor":42}],"player_experience":299612,"relics_obtained":[{"floor":9.0,"key":"Paper Frog"},{"floor":12.0,"key":"Molten Egg 2"},{"floor":14.0,"key":"Frozen Egg 2"},{"floor":26.0,"key":"Ornamental Fan"},{"floor":28.0,"key":"Self Forming Clay"},{"floor":30.0,"key":"Prayer Wheel"},{"floor":34.0,"key":"Torii"},{"floor":34.0,"key":"Blue Candle"},{"floor":34.0,"key":"Ancient Tea Set"},{"floor":36,"key":"Unceasing Top"},{"floor":42,"key":"Strawberry"}],"event_choices":[{"damage_healed":0,"gold_gain":0,"player_choice":"Fight","damage_taken":0,"max_hp_gain":0,"max_hp_loss":0,"event_name":"Mysterious Sphere","floor":36,"gold_loss":0},{"cards_removed":["Strike_R"],"damage_healed":0,"gold_gain":0,"player_choice":"Removed Attack","damage_taken":0,"max_hp_gain":0,"max_hp_loss":0,"event_name":"Falling","floor":39,"gold_loss":0},{"damage_healed":21,"gold_gain":0,"player_choice":"Writhe","damage_taken":0,"max_hp_gain":0,"max_hp_loss":0,"event_name":"Winding Halls","floor":41,"gold_loss":0,"cards_obtained":["Writhe"]}],"is_beta":false,"boss_relics":[{"not_picked":["Lizard Tail","Mark of Pain"],"picked":"Coffee Dripper"},{"not_picked":["Orrery","White Beast Statue"],"picked":"Calling Bell"}],"items_purged_floors":[],"is_endless":false,"potions_floor_spawned":[2,4,7,11,12,14,21,22,30,33,36,42],"killed_by":"Transient","ascension_level":6}