{"gold_per_floor":[116,116,41,58,58,58,72,72,96,141,153,185,217,241,253,265],"floor_reached":16,"playtime":374,"items_purged":["Normality"],"score":184,"play_id":"e644a25f-853b-4579-8319-cc4aa578258f","local_time":"20190501150445","is_ascension_mode":true,"campfire_choices":[{"data":"1","floor":6,"key":"LIFT"},{"data":"2","floor":11,"key":"LIFT"},{"floor":15,"key":"REST"}],"neow_cost":"CURSE","seed_source_timestamp":3809866363264687,"circlet_count":0,"master_deck":["AscendersBane","Defend_G+1","Defend_G","Defend_G","Defend_G","Defend_G","Strike_G","Strike_G","Strike_G","Strike_G","Strike_G","Survivor","Neutralize","Quick Slash","Masterful Stab+1","PiercingWail","Backflip","Sucker Punch"],"relics":["Ring of the Snake","Girya","Happy Flower","MawBank"],"potions_floor_usage":[4,14,16],"damage_taken":[{"damage":16,"enemies":"Jaw Worm","floor":1,"turns":8},{"damage":0,"enemies":"Cultist","floor":4,"turns":3},{"damage":4,"enemies":"Small Slimes","floor":7,"turns":4},{"damage":0,"enemies":"2 Fungi Beasts","floor":12,"turns":2},{"damage":0,"enemies":"Blue Slaver","floor":13,"turns":3},{"damage":1,"enemies":"Exordium Thugs","floor":14,"turns":3},{"damage":53,"enemies":"Slime Boss","floor":16,"turns":11}],"seed_played":"1719526101203799197","potions_obtained":[{"floor":1,"key":"FearPotion"},{"floor":2,"key":"FearPotion"},{"floor":7,"key":"Strength Potion"}],"is_trial":false,"path_per_floor":["M","?","$","M","?","R","M","?","T","T","R","M","M","M","R","B"],"character_chosen":"THE_SILENT","items_purchased":[],"campfire_rested":1,"item_purchase_floors":[],"current_hp_per_floor":[43,43,43,43,43,43,39,19,19,19,19,19,19,18,37,0],"gold":265,"neow_bonus":"ONE_RARE_RELIC","is_prod":false,"is_daily":false,"chose_seed":false,"campfire_upgraded":0,"win_rate":0,"timestamp":1556719485,"path_taken":["M","?","$","?","?","R","M","?","T","?","R","M","?","M","R","BOSS"],"build_version":"2019-01-23","purchased_purges":1,"victory":false,"max_hp_per_floor":[66,66,66,66,66,66,66,66,66,66,66,66,66,66,66,66],"card_choices":[{"not_picked":["Well Laid Plans","Predator","Outmaneuver"],"picked":"SKIP","floor":1},{"not_picked":["Bane","Terror"],"picked":"Quick Slash","floor":4},{"not_picked":["PiercingWail","All Out Attack"],"picked":"Masterful Stab","floor":7},{"not_picked":["Acrobatics","Setup"],"picked":"PiercingWail","floor":12},{"not_picked":["Underhanded Strike","Catalyst"],"picked":"Backflip","floor":13},{"not_picked":["Distraction","Tactician"],"picked":"Sucker Punch","floor":14}],"player_experience":774959,"relics_obtained":[{"floor":9,"key":"Happy Flower"},{"floor":10,"key":"MawBank"}],"event_choices":[{"damage_healed":0,"gold_gain":0,"player_choice":"Got Potions","damage_taken":0,"max_hp_gain":0,"max_hp_loss":0,"event_name":"Lab","floor":2,"gold_loss":0},{"damage_healed":0,"gold_gain":0,"player_choice":"Ignored","damage_taken":0,"max_hp_gain":0,"max_hp_loss":0,"event_name":"Golden Idol","floor":5,"gold_loss":0},{"damage_healed":0,"gold_gain":0,"player_choice":"Entered Light","damage_taken":20,"max_hp_gain":0,"max_hp_loss":0,"event_name":"Shining Light","floor":8,"gold_loss":0,"cards_upgraded":["Masterful Stab","Defend_G"]}],"is_beta":false,"boss_relics":[],"items_purged_floors":[3],"is_endless":false,"potions_floor_spawned":[1,7,13],"killed_by":"Slime Boss","ascension_level":20}