{"gold_per_floor":[118,130,141,157,176,176,101,101,101,131,85,85,85,102,102,102],"floor_reached":16,"playtime":630,"items_purged":["Strike_R"],"score":153,"play_id":"80c66484-e825-4322-8ddb-8d2cdb24b86b","local_time":"20180929120112","is_ascension_mode":true,"campfire_choices":[{"data":"Bash","floor":6,"key":"SMITH"},{"data":"Fire Breathing","floor":8,"key":"SMITH"},{"data":"Pommel Strike","floor":12,"key":"SMITH"},{"floor":15,"key":"REST"}],"neow_cost":"NONE","seed_source_timestamp":426242086134804,"circlet_count":0,"master_deck":["Strike_R","Strike_R","Strike_R","Defend_R","Defend_R","Defend_R","Defend_R","Bash+1","AscendersBane","Fire Breathing+1","Headbutt","Pommel Strike+1","Feel No Pain","Flame Barrier+1","Shrug It Off","Flame Barrier"],"relics":["Burning Blood","Oddly Smooth Stone","Juzu Bracelet"],"potions_floor_usage":[10,10,10],"damage_taken":[{"damage":13,"enemies":"Jaw Worm","floor":1,"turns":5},{"damage":1,"enemies":"Cultist","floor":2,"turns":3},{"damage":0,"enemies":"Small Slimes","floor":3,"turns":3},{"damage":16,"enemies":"3 Louse","floor":4,"turns":5},{"damage":11,"enemies":"Blue Slaver","floor":5,"turns":4},{"damage":12,"enemies":"Gremlin Nob","floor":10,"turns":3},{"damage":34,"enemies":"Exordium Thugs","floor":14,"turns":5},{"damage":51,"enemies":"Hexaghost","floor":16,"turns":11}],"seed_played":"6966964870649709453","potions_obtained":[{"floor":1,"key":"GamblersBrew"},{"floor":2,"key":"Strength Potion"},{"floor":3,"key":"Energy Potion"}],"is_trial":false,"path_per_floor":["M","M","M","M","M","R","$","R","T","E","$","R","?","M","R"],"character_chosen":"IRONCLAD","items_purchased":["Shrug It Off"],"campfire_rested":1,"item_purchase_floors":[11],"current_hp_per_floor":[65,70,76,66,61,61,61,61,61,55,55,55,55,27,51,0],"gold":102,"neow_bonus":"TRANSFORM_CARD","is_prod":false,"is_daily":false,"chose_seed":false,"campfire_upgraded":3,"win_rate":0,"timestamp":1538193672,"path_taken":["M","M","M","M","M","R","$","R","T","E","$","R","?","M","R","BOSS"],"build_version":"2018-09-27","purchased_purges":1,"victory":false,"max_hp_per_floor":[80,80,80,80,80,80,80,80,80,80,80,80,80,80,80,80],"card_choices":[{"not_picked":["Sever Soul","Cleave","Second Wind"],"picked":"SKIP","floor":1},{"not_picked":["Sword Boomerang","Wild Strike","Twin Strike"],"picked":"SKIP","floor":2},{"not_picked":["Infernal Blade","Sword Boomerang"],"picked":"Headbutt","floor":3},{"not_picked":["Cleave","Wild Strike"],"picked":"Pommel Strike","floor":4},{"not_picked":["Pommel Strike","Reckless Charge"],"picked":"Feel No Pain","floor":5},{"not_picked":["Clothesline","Body Slam"],"picked":"Flame Barrier","floor":10},{"not_picked":["Thunderclap","Headbutt"],"picked":"Flame Barrier","floor":14}],"player_experience":382599,"relics_obtained":[{"floor":9,"key":"Oddly Smooth Stone"},{"floor":10,"key":"Juzu Bracelet"}],"event_choices":[{"event_name":"Accursed Blacksmith","player_choice":"Forge","floor":13,"damage_taken":0}],"is_beta":false,"boss_relics":[],"items_purged_floors":[7],"is_endless":false,"potions_floor_spawned":[1,2,3],"killed_by":"Hexaghost","ascension_level":10}