{"gold_per_floor":[367,367,317,243,253,279,279,305,305,317,317,317,353,353,353,479,479,497,497,497,497,497,497,497],"floor_reached":24,"playtime":1032,"items_purged":[],"score":284,"play_id":"ee15abbb-1aaf-4989-b882-e0196d106a16","local_time":"20180913155058","is_ascension_mode":true,"campfire_choices":[{"floor":7,"key":"REST"},{"data":"Flex","floor":12,"key":"SMITH"},{"floor":15,"key":"REST"},{"data":"Limit Break","floor":23,"key":"SMITH"}],"neow_cost":"PERCENT_DAMAGE","seed_source_timestamp":531525314899918,"circlet_count":0,"master_deck":["Strike_R","Strike_R+1","Strike_R","Defend_R+1","Defend_R","Defend_R+1","Defend_R","Bash+1","Flex+1","Whirlwind","Clothesline","Headbutt","Wild Strike","Limit Break+1"],"relics":["Burning Blood","Matryoshka","Happy Flower","Darkstone Periapt","War Paint","Golden Idol","Omamori","Busted Crown"],"potions_floor_usage":[8,16,24],"damage_taken":[{"damage":3,"enemies":"Jaw Worm","floor":1,"turns":5},{"damage":0,"enemies":"Small Slimes","floor":5,"turns":2},{"damage":35,"enemies":"3 Sentries","floor":6,"turns":9},{"damage":26,"enemies":"Lagavulin","floor":8,"turns":6},{"damage":0,"enemies":"2 Louse","floor":10,"turns":3},{"damage":37,"enemies":"3 Sentries","floor":13,"turns":5},{"damage":0,"enemies":"Slime Boss","floor":16,"turns":6},{"damage":12,"enemies":"3 Byrds","floor":18,"turns":5},{"damage":76,"enemies":"Slavers","floor":24,"turns":4}],"seed_played":"544824300995221755","potions_obtained":[{"floor":5,"key":"Regen Potion"},{"floor":10,"key":"Weak Potion"},{"floor":13,"key":"Explosive Potion"}],"is_trial":false,"path_per_floor":["M","?","?","$","M","E","R","E","T","M","?","R","E","?","R","B",null,"M","?","?","?","?","R"],"character_chosen":"IRONCLAD","items_purchased":["Whirlwind"],"campfire_rested":2,"item_purchase_floors":[4],"current_hp_per_floor":[59,43,43,43,49,20,44,39,39,45,45,45,14,14,36,42,74,68,68,68,68,68,68,0],"gold":497,"neow_bonus":"TWO_FIFTY_GOLD","is_prod":false,"is_daily":false,"chose_seed":false,"campfire_upgraded":2,"win_rate":0,"timestamp":1536846658,"path_taken":["M","?","?","$","M","E","R","E","T","?","?","R","E","?","R","BOSS","M","?","?","?","?","R","E"],"build_version":"2018-09-06","purchased_purges":0,"victory":false,"max_hp_per_floor":[80,80,80,80,80,80,80,80,80,80,74,74,74,74,74,74,74,74,74,74,74,74,74,74],"card_choices":[{"not_picked":["Flame Barrier","Cleave"],"picked":"Flex","floor":1},{"not_picked":["Entrench","True Grit"],"picked":"Clothesline","floor":5},{"not_picked":["Perfected Strike","Headbutt","Heavy Blade"],"picked":"SKIP","floor":6},{"not_picked":["Perfected Strike","Heavy Blade"],"picked":"Headbutt","floor":6},{"not_picked":["Limit Break","Flame Barrier","Anger"],"picked":"SKIP","floor":8},{"not_picked":["Entrench","Body Slam"],"picked":"Wild Strike","floor":10},{"not_picked":["Armaments","Clothesline","Feed"],"picked":"SKIP","floor":13},{"not_picked":["Juggernaut","Brutality"],"picked":"Limit Break","floor":16},{"not_picked":["Armaments"],"picked":"SKIP","floor":18}],"player_experience":114387,"relics_obtained":[{"floor":6,"key":"Matryoshka"},{"floor":8,"key":"Happy Flower"},{"floor":9,"key":"Darkstone Periapt"},{"floor":9,"key":"War Paint"},{"floor":13,"key":"Omamori"}],"event_choices":[{"event_name":"Shining Light","player_choice":"Entered Light","floor":2,"damage_taken":0},{"event_name":"The Cleric","player_choice":"Card Removal","floor":3,"damage_taken":0},{"event_name":"Golden Idol","player_choice":"Lose Max HP","floor":11,"damage_taken":0},{"event_name":"Liars Game","player_choice":"disagreed","floor":14,"damage_taken":0},{"event_name":"The Woman in Blue","player_choice":"Bought 0 Potions","floor":19,"damage_taken":0},{"event_name":"Cursed Tome","player_choice":"Ignored","floor":20,"damage_taken":0},{"event_name":"Ghosts","player_choice":"Ignored","floor":21,"damage_taken":0},{"event_name":"Back to Basics","player_choice":"Elegance","floor":22,"damage_taken":0}],"is_beta":false,"boss_relics":[{"not_picked":["Black Star","Eternal Feather"],"picked":"Busted Crown"}],"items_purged_floors":[],"is_endless":false,"potions_floor_spawned":[5,10,13],"killed_by":"Slavers","ascension_level":2}