{"gold_per_floor":[111,128,78,78,94,124,139,149,149,179,179,206,3,3,3,102,102,113,38,38,57,57,57,91,110,183,183],"floor_reached":27,"playtime":2249,"items_purged":["Strike_R"],"score":414,"play_id":"71cf6a81-5bb8-4ad4-9dcb-caf5a41e98e3","local_time":"20190429004743","is_ascension_mode":true,"campfire_choices":[{"data":"Heavy Blade","floor":11.0,"key":"SMITH"},{"data":"Anger","floor":15.0,"key":"SMITH"},{"data":"Anger","floor":23.0,"key":"SMITH"}],"neow_cost":"NONE","seed_source_timestamp":0,"circlet_count":0,"master_deck":["AscendersBane","Strike_R","Strike_R","Defend_R","Defend_R","Defend_R","Defend_R","Bash","Reaper","Thunderclap","Dropkick","Dropkick","Heavy Blade+1","Intimidate","Anger+1","Anger+1","Limit Break+1","Power Through+1","True Grit","Demon Form","Headbutt+1"],"special_seed":0,"relics":["Burning Blood","Shuriken","Dodecahedron","Mummified Hand","Lee\u0027s Waffle","Runic Cube","Nloth\u0027s Gift","Bottled Lightning","Pantograph"],"potions_floor_usage":[25],"damage_taken":[{"damage":7.0,"enemies":"Small Slimes","floor":1.0,"turns":4.0},{"damage":0.0,"enemies":"2 Louse","floor":2.0,"turns":2.0},{"damage":1.0,"enemies":"Cultist","floor":5.0,"turns":4.0},{"damage":45.0,"enemies":"3 Sentries","floor":6.0,"turns":12.0},{"damage":16.0,"enemies":"Large Slime","floor":7.0,"turns":5.0},{"damage":14.0,"enemies":"Red Slaver","floor":8.0,"turns":4.0},{"damage":15.0,"enemies":"Lagavulin","floor":10.0,"turns":7.0},{"damage":40.0,"enemies":"3 Sentries","floor":12.0,"turns":6.0},{"damage":18.0,"enemies":"Slime Boss","floor":16.0,"turns":8.0},{"damage":36.0,"enemies":"2 Thieves","floor":18.0,"turns":4.0},{"damage":27.0,"enemies":"Chosen","floor":21.0,"turns":5.0},{"damage":51.0,"enemies":"Slavers","floor":24.0,"turns":7.0},{"damage":23,"enemies":"Snake Plant","floor":25,"turns":7},{"damage":32,"enemies":"Centurion and Healer","floor":27,"turns":5}],"seed_played":"5916663799468317584","potions_obtained":[{"floor":6.0,"key":"GamblersBrew"},{"floor":8.0,"key":"Poison Potion"},{"floor":16.0,"key":"Ancient Potion"},{"floor":18.0,"key":"Weak Potion"}],"is_trial":false,"path_per_floor":["M","M","?","?","M","E","M","M","T","E","R","E","$","?","R","B",null,"M","$","?","M","?","R","E","M","T","M"],"character_chosen":"IRONCLAD","items_purchased":["Lee\u0027s Waffle"],"campfire_rested":0,"item_purchase_floors":[13],"current_hp_per_floor":[75,80,80,73,80,45,42,39,39,36,36,24,97,102,102,90,99,81,81,81,66,66,66,36,19,19,0],"gold":183,"neow_bonus":"ONE_RANDOM_RARE_CARD","is_prod":false,"is_daily":false,"chose_seed":false,"campfire_upgraded":3,"win_rate":0,"timestamp":1556491663,"path_taken":["M","M","?","?","M","E","M","M","T","E","R","E","$","?","R","BOSS","M","$","?","?","?","R","E","M","T","M"],"build_version":"2019-01-23","purchased_purges":1,"victory":false,"max_hp_per_floor":[80,80,80,80,80,80,80,80,80,80,80,90,97,102,102,102,102,102,102,102,102,102,102,102,102,102,102],"card_choices":[{"not_picked":["Perfected Strike","Wild Strike"],"picked":"Thunderclap","floor":1.0},{"not_picked":["Perfected Strike","Pommel Strike"],"picked":"Dropkick","floor":2.0},{"not_picked":["Searing Blow","Fire Breathing"],"picked":"Dropkick","floor":5.0},{"not_picked":["True Grit","Juggernaut"],"picked":"Heavy Blade","floor":6.0},{"not_picked":["Bloodletting","Searing Blow"],"picked":"Intimidate","floor":7.0},{"not_picked":["Heavy Blade","Clothesline"],"picked":"Anger","floor":8.0},{"not_picked":["Inflame","Uppercut"],"picked":"Anger","floor":10.0},{"not_picked":["Shockwave","Corruption","Perfected Strike"],"picked":"SKIP","floor":12.0},{"not_picked":["Impervious","Immolate"],"picked":"Limit Break","floor":16.0},{"not_picked":["Reckless Charge+1","Clash+1"],"picked":"Power Through+1","floor":18.0},{"not_picked":["Iron Wave","Evolve"],"picked":"True Grit","floor":21.0},{"not_picked":["Ghostly Armor+1","Sword Boomerang"],"picked":"Demon Form","floor":24.0},{"not_picked":["Sword Boomerang","Cleave"],"picked":"Headbutt+1","floor":25}],"player_experience":559494,"relics_obtained":[{"floor":6.0,"key":"Shuriken"},{"floor":9.0,"key":"Dodecahedron"},{"floor":10.0,"key":"Mummified Hand"},{"floor":12.0,"key":"Pear"},{"floor":24.0,"key":"Bottled Lightning"},{"floor":26,"key":"Pantograph"}],"event_choices":[{"cards_removed":["Strike_R"],"damage_healed":0.0,"max_hp_gain":0.0,"max_hp_loss":0.0,"gold_gain":0.0,"event_name":"The Cleric","player_choice":"Card Removal","floor":3.0,"gold_loss":50.0,"damage_taken":0.0},{"cards_removed":["Strike_R"],"damage_healed":0.0,"max_hp_gain":0.0,"max_hp_loss":0.0,"gold_gain":0.0,"event_name":"Golden Wing","player_choice":"Card Removal","floor":4.0,"gold_loss":0.0,"damage_taken":7.0},{"damage_healed":0.0,"max_hp_gain":5.0,"max_hp_loss":0.0,"gold_gain":0.0,"event_name":"Big Fish","player_choice":"Donut","floor":14.0,"gold_loss":0.0,"damage_taken":0.0},{"damage_healed":0.0,"max_hp_gain":0.0,"max_hp_loss":0.0,"gold_gain":0.0,"event_name":"Upgrade Shrine","player_choice":"Upgraded","floor":20.0,"gold_loss":0.0,"damage_taken":0.0,"cards_upgraded":["Limit Break"]},{"damage_healed":0.0,"max_hp_gain":0.0,"max_hp_loss":0.0,"gold_gain":0.0,"event_name":"N\u0027loth","player_choice":"Traded Relic","floor":22.0,"relics_lost":["Pear"],"gold_loss":0.0,"damage_taken":0.0,"relics_obtained":["Nloth\u0027s Gift"]}],"is_beta":false,"boss_relics":[{"not_picked":["Runic Dome","Snecko Eye"],"picked":"Runic Cube"}],"items_purged_floors":[19],"is_endless":false,"potions_floor_spawned":[6,8,16,18],"killed_by":"Centurion and Healer","ascension_level":11}