{"gold_per_floor":[12,30,41,41,67,67,102,112,135,135,150,162,162,190,190,264,264,277,277,296,296,310,310,338,357,357,357,41,41,60,79,79,151,151,169,169,169,169,180,180,214,56,56,74,93,93,113,131,131,131,131],"floor_reached":52,"playtime":4172,"items_purged":["Strike_B","Ball Lightning"],"score":1832,"play_id":"56d743ef-4647-4fcf-b4aa-721bcda9c54c","local_time":"20190501003917","is_ascension_mode":true,"campfire_choices":[{"data":"Zap","floor":6.0,"key":"SMITH"},{"floor":13.0,"key":"REST"},{"floor":15.0,"key":"REST"},{"floor":23.0,"key":"REST"},{"data":"Creative AI","floor":27.0,"key":"SMITH"},{"floor":29.0,"key":"REST"},{"data":"Strike_B","floor":32.0,"key":"PURGE"},{"data":"Defend_B","floor":40,"key":"PURGE"},{"floor":49,"key":"REST"}],"neow_cost":"NO_GOLD","seed_source_timestamp":1694657663058846,"circlet_count":0,"master_deck":["AscendersBane","Defend_B+1","Defend_B+1","Defend_B","Zap+1","Dualcast+1","Sweeping Beam","Conserve Battery+1","Seek+1","Chill+1","Creative AI+1","Leap+1","White Noise+1","Hologram+1","BootSequence+1","Conserve Battery+1","Skim+1","Self Repair","Conserve Battery+1","Fission+1","Deep Breath+1","Storm+1"],"special_seed":0,"relics":["Cracked Core","Peace Pipe","Lantern","DataDisk","Toxic Egg 2","Pen Nib","Bag of Preparation","Sozu","Oddly Smooth Stone","The Courier","Regal Pillow","Tiny Chest","Lizard Tail","Sundial","War Paint","Mercury Hourglass"],"potions_floor_usage":[],"damage_taken":[{"damage":4.0,"enemies":"2 Louse","floor":1.0,"turns":2.0},{"damage":7.0,"enemies":"Jaw Worm","floor":2.0,"turns":3.0},{"damage":0.0,"enemies":"Small Slimes","floor":3.0,"turns":2.0},{"damage":25.0,"enemies":"Lagavulin","floor":7.0,"turns":5.0},{"damage":4.0,"enemies":"Exordium Wildlife","floor":8.0,"turns":2.0},{"damage":0.0,"enemies":"Large Slime","floor":11.0,"turns":4.0},{"damage":12.0,"enemies":"Exordium Thugs","floor":12.0,"turns":3.0},{"damage":20.0,"enemies":"3 Sentries","floor":14.0,"turns":6.0},{"damage":26.0,"enemies":"The Guardian","floor":16.0,"turns":12.0},{"damage":11.0,"enemies":"Shell Parasite","floor":18.0,"turns":6.0},{"damage":0.0,"enemies":"Spheric Guardian","floor":20.0,"turns":3.0},{"damage":5.0,"enemies":"Snecko","floor":22.0,"turns":5.0},{"damage":18.0,"enemies":"Gremlin Leader","floor":24.0,"turns":10.0},{"damage":0.0,"enemies":"Centurion and Healer","floor":25.0,"turns":7.0},{"damage":17.0,"enemies":"Shelled Parasite and Fungi","floor":30.0,"turns":9.0},{"damage":8.0,"enemies":"Chosen and Byrds","floor":31.0,"turns":7.0},{"damage":36,"enemies":"Collector","floor":33,"turns":10},{"damage":0,"enemies":"Orb Walker","floor":35,"turns":4},{"damage":1,"enemies":"3 Darklings","floor":39,"turns":6},{"damage":59,"enemies":"Giant Head","floor":41,"turns":10},{"damage":0,"enemies":"Spire Growth","floor":44,"turns":5},{"damage":0,"enemies":"Transient","floor":45,"turns":6},{"damage":13,"enemies":"Jaw Worm Horde","floor":47,"turns":3},{"damage":0,"enemies":"Writhing Mass","floor":48,"turns":4},{"damage":0,"enemies":"Donu and Deca","floor":50,"turns":6},{"damage":75,"enemies":"Time Eater","floor":51,"turns":13}],"seed_played":"-3140017541338047459","potions_obtained":[{"floor":1.0,"key":"Ancient Potion"},{"floor":3.0,"key":"AttackPotion"},{"floor":12.0,"key":"EssenceOfSteel"},{"floor":16.0,"key":"Energy Potion"}],"is_trial":false,"path_per_floor":["?","T","?","M","?","?","$","T","?","?","M","$"],"character_chosen":"DEFECT","items_purchased":["Regal Pillow","Self Repair","Tiny Chest","Deep Breath+1"],"campfire_rested":5,"item_purchase_floors":[28,28,28,42],"current_hp_per_floor":[60,53,53,35,35,35,10,6,6,29,29,17,38,18,39,13,57,46,46,46,26,21,43,25,25,25,25,25,62,52,51,51,22,63,70,70,70,70,76,76,24,24,24,31,38,38,32,39,76,76,8],"gold":131,"neow_bonus":"ONE_RARE_RELIC","is_prod":false,"is_daily":false,"chose_seed":false,"campfire_upgraded":2,"win_rate":0,"timestamp":1556689157,"path_taken":["M","M","M","?","?","R","E","M","T","?","?","M","R","E","R","BOSS","M","?","M","?","M","R","E","M","T","R","?","R","M","M","R","BOSS","M","?","?","?","M","R","E","$","T","M","?","?","M","M","R","BOSS","BOSS"],"build_version":"2019-01-23","purchased_purges":2,"victory":true,"max_hp_per_floor":[71,71,71,71,71,71,71,71,71,71,71,71,71,71,71,71,71,71,71,71,76,76,76,76,76,76,76,76,76,76,76,76,76,76,76,76,76,76,76,76,76,76,76,76,76,76,76,76,76,76,76],"card_choices":[{"not_picked":["Recycle","Steam Power"],"picked":"Ball Lightning","floor":1.0},{"not_picked":["Stack","Redo"],"picked":"Sweeping Beam","floor":2.0},{"not_picked":["Turbo","Sweeping Beam","Compile Driver"],"picked":"SKIP","floor":3.0},{"not_picked":["Coolheaded","Aggregate"],"picked":"Conserve Battery","floor":7.0},{"not_picked":["Ball Lightning","Sweeping Beam"],"picked":"Seek+1","floor":8.0},{"not_picked":["Sweeping Beam","Cold Snap","Tempest+1"],"picked":"SKIP","floor":11.0},{"not_picked":["Recycle+1","Stack+1","Scrape"],"picked":"SKIP","floor":12.0},{"not_picked":["Sweeping Beam","Storm"],"picked":"Chill+1","floor":14.0},{"not_picked":["Meteor Strike","Amplify+1"],"picked":"Creative AI","floor":16.0},{"not_picked":["Gash","Steam+1"],"picked":"Leap+1","floor":18.0},{"not_picked":["Darkness+1","Thunder Strike"],"picked":"Hologram+1","floor":20.0},{"not_picked":["Gash","Storm"],"picked":"BootSequence+1","floor":22.0},{"not_picked":["Cold Snap","Ball Lightning"],"picked":"Conserve Battery+1","floor":24.0},{"not_picked":["Streamline","Compile Driver"],"picked":"Skim+1","floor":25.0},{"not_picked":["Go for the Eyes","Barrage","Hologram+1"],"picked":"SKIP","floor":30.0},{"not_picked":["Beam Cell","Hologram+1"],"picked":"Conserve Battery+1","floor":31.0},{"not_picked":["All For One","Biased Cognition"],"picked":"Fission+1","floor":33},{"not_picked":["Barrage","Steam+1","Gash"],"picked":"SKIP","floor":35},{"not_picked":["Gash","Turbo+1","Hologram+1"],"picked":"SKIP","floor":39},{"not_picked":["Gash","Sweeping Beam","Recycle+1"],"picked":"SKIP","floor":41},{"not_picked":["Steam+1","Streamline","Leap+1"],"picked":"SKIP","floor":44},{"not_picked":["Beam Cell","Go for the Eyes","Streamline+1"],"picked":"SKIP","floor":45},{"not_picked":["Skim+1","Stack+1"],"picked":"Storm+1","floor":47},{"not_picked":["Loop","Tempest+1","Redo+1"],"picked":"SKIP","floor":48}],"player_experience":556160,"relics_obtained":[{"floor":5.0,"key":"DataDisk"},{"floor":7.0,"key":"Toxic Egg 2"},{"floor":9.0,"key":"Pen Nib"},{"floor":14.0,"key":"Bag of Preparation"},{"floor":24.0,"key":"Oddly Smooth Stone"},{"floor":26.0,"key":"The Courier"},{"floor":36,"key":"Sundial"},{"floor":41,"key":"War Paint"},{"floor":43,"key":"Mercury Hourglass"}],"event_choices":[{"damage_healed":0.0,"max_hp_gain":0.0,"max_hp_loss":0.0,"gold_gain":0.0,"event_name":"Scrap Ooze","player_choice":"Success","floor":4.0,"gold_loss":0.0,"damage_taken":18.0,"relics_obtained":["Lantern"]},{"damage_healed":23.0,"max_hp_gain":0.0,"max_hp_loss":0.0,"gold_gain":0.0,"event_name":"Big Fish","player_choice":"Banana","floor":10.0,"gold_loss":0.0,"damage_taken":0.0},{"damage_healed":0.0,"max_hp_gain":0.0,"max_hp_loss":0.0,"gold_gain":0.0,"cards_transformed":["Strike_B","Strike_B"],"event_name":"Drug Dealer","player_choice":"Became Test Subject","floor":19.0,"gold_loss":0.0,"damage_taken":0.0,"cards_obtained":["Beam Cell","White Noise"]},{"damage_healed":0.0,"max_hp_gain":5.0,"max_hp_loss":0.0,"gold_gain":0.0,"event_name":"Forgotten Altar","player_choice":"Shed Blood","floor":21.0,"gold_loss":0.0,"damage_taken":25.0},{"cards_removed":["Beam Cell"],"damage_healed":0,"gold_gain":0,"player_choice":"Removed Attack","damage_taken":0,"max_hp_gain":0,"max_hp_loss":0,"event_name":"Falling","floor":37,"gold_loss":0},{"damage_healed":0,"gold_gain":0,"player_choice":"Forge","damage_taken":0,"max_hp_gain":0,"max_hp_loss":0,"event_name":"Accursed Blacksmith","floor":38,"gold_loss":0,"cards_upgraded":["Dualcast"]}],"is_beta":false,"boss_relics":[{"not_picked":["Fusion Hammer","Philosopher\u0027s Stone"],"picked":"Sozu"},{"not_picked":["Runic Dome","Coffee Dripper"],"picked":"Lizard Tail"}],"items_purged_floors":[28,42],"is_endless":false,"potions_floor_spawned":[1,3,12,16,18,24,31,33,35,45,47],"ascension_level":20}