{"gold_per_floor":[17,17,17,17,34,34,34,47,347,374,374,424,444,458,458,530,530,530,530,119,119,119,119,119,119],"floor_reached":25,"playtime":703,"items_purged":["Strike_B"],"score":406,"play_id":"0a0bbc73-5bd5-47dc-ba1d-208f229e7fd0","local_time":"20190430205636","is_ascension_mode":true,"campfire_choices":[{"floor":6,"key":"REST"},{"floor":11,"key":"REST"},{"floor":15,"key":"REST"},{"floor":24,"key":"REST"}],"neow_cost":"NO_GOLD","seed_source_timestamp":3744244467751112,"circlet_count":0,"master_deck":["AscendersBane","Strike_B","Strike_B","Strike_B","Defend_B","Defend_B","Defend_B","Defend_B","Zap","Dualcast","Rebound","Sweeping Beam","Conserve Battery","Gash","Defragment","Doom and Gloom","Core Surge","Coolheaded","Gash","Defragment","Coolheaded","Capacitor"],"relics":["Cracked Core","Torii","Centennial Puzzle","Old Coin","Orichalcum","Ectoplasm","Anchor"],"potions_floor_usage":[10,16,22,22,23,25],"damage_taken":[{"damage":8,"enemies":"Jaw Worm","floor":1,"turns":3},{"damage":7,"enemies":"2 Louse","floor":5,"turns":2},{"damage":1,"enemies":"Small Slimes","floor":8,"turns":4},{"damage":39,"enemies":"Lagavulin","floor":10,"turns":7},{"damage":2,"enemies":"Blue Slaver","floor":13,"turns":4},{"damage":8,"enemies":"Large Slime","floor":14,"turns":5},{"damage":21,"enemies":"Hexaghost","floor":16,"turns":8},{"damage":29,"enemies":"Shell Parasite","floor":18,"turns":6},{"damage":17,"enemies":"3 Byrds","floor":19,"turns":5},{"damage":14,"enemies":"3 Cultists","floor":22,"turns":5},{"damage":10,"enemies":"Snake Plant","floor":23,"turns":6},{"damage":31,"enemies":"Slavers","floor":25,"turns":2}],"seed_played":"-7122320313346429231","potions_obtained":[{"floor":5,"key":"Weak Potion"},{"floor":13,"key":"LiquidBronze"},{"floor":19,"key":"FearPotion"},{"floor":22,"key":"Swift Potion"},{"floor":23,"key":"FearPotion"}],"is_trial":false,"path_per_floor":["M","?","?","?","M","R","$","M","T","E","R","?","M","M","R","B",null,"M","M","$","?","M","M","R","E"],"character_chosen":"DEFECT","items_purchased":["Defragment","Anchor","Regen Potion"],"campfire_rested":4,"item_purchase_floors":[20,20,20],"current_hp_per_floor":[56,21,21,44,37,58,58,57,57,18,39,39,37,29,50,29,61,32,15,15,15,15,5,26,0],"gold":119,"neow_bonus":"ONE_RARE_RELIC","is_prod":false,"is_daily":false,"chose_seed":false,"campfire_upgraded":0,"win_rate":0,"timestamp":1556654196,"path_taken":["M","?","?","?","M","R","?","M","T","E","R","?","M","M","R","BOSS","M","M","$","?","M","M","R","E"],"build_version":"2019-01-23","purchased_purges":1,"victory":false,"max_hp_per_floor":[71,71,71,71,71,71,71,71,71,71,71,71,71,71,71,71,71,71,71,71,71,71,71,71,71],"card_choices":[{"not_picked":["Barrage","Reinforced Body"],"picked":"Rebound","floor":1},{"not_picked":["Stack","Tempest"],"picked":"Sweeping Beam","floor":5},{"not_picked":["Reprogram","Auto Shields"],"picked":"Conserve Battery","floor":8},{"not_picked":["Rebound","Compile Driver"],"picked":"Gash","floor":10},{"not_picked":["Hologram","Amplify"],"picked":"Defragment","floor":13},{"not_picked":["Barrage","Redo"],"picked":"Doom and Gloom","floor":14},{"not_picked":["Biased Cognition","Fission"],"picked":"Core Surge","floor":16},{"not_picked":["Redo","Hologram"],"picked":"Coolheaded","floor":18},{"not_picked":["Beam Cell","Undo"],"picked":"Gash","floor":19},{"not_picked":["Static Discharge","Doom and Gloom"],"picked":"Coolheaded","floor":22},{"not_picked":["Go for the Eyes","Turbo"],"picked":"Capacitor","floor":23}],"player_experience":751282,"relics_obtained":[{"floor":9,"key":"Old Coin"},{"floor":10,"key":"Orichalcum"}],"event_choices":[{"damage_healed":0,"gold_gain":0,"player_choice":"Success","damage_taken":35,"relics_obtained":["Centennial Puzzle"],"max_hp_gain":0,"max_hp_loss":0,"event_name":"Scrap Ooze","floor":2,"gold_loss":0},{"damage_healed":0,"gold_gain":0,"player_choice":"Leave","damage_taken":0,"max_hp_gain":0,"max_hp_loss":0,"event_name":"The Cleric","floor":3,"gold_loss":0},{"damage_healed":23,"gold_gain":0,"player_choice":"Banana","damage_taken":0,"max_hp_gain":0,"max_hp_loss":0,"event_name":"Big Fish","floor":4,"gold_loss":0},{"damage_healed":0,"gold_gain":50,"player_choice":"Pray","damage_taken":0,"max_hp_gain":0,"max_hp_loss":0,"event_name":"Golden Shrine","floor":12,"gold_loss":0},{"damage_healed":0,"gold_gain":0,"player_choice":"Ignored","damage_taken":0,"max_hp_gain":0,"max_hp_loss":0,"event_name":"Vampires","floor":21,"gold_loss":0}],"is_beta":false,"boss_relics":[{"not_picked":["Philosopher\u0027s Stone","Runic Pyramid"],"picked":"Ectoplasm"}],"items_purged_floors":[20],"is_endless":false,"potions_floor_spawned":[5,13,19,22,23],"killed_by":"Slavers","ascension_level":20}