{"gold_per_floor":[111,127,146,146,146,146,181,181,227,227,263,263,297,318,318,444,444,460,473,496,519,429,473,473,473],"floor_reached":25,"playtime":2243,"items_purged":[],"score":306,"play_id":"b9f8acc5-2a37-414a-86dd-cf4bf58f43c8","local_time":"20180917202057","is_ascension_mode":true,"campfire_choices":[{"data":"Body Slam","floor":6.0,"key":"SMITH"},{"floor":8.0,"key":"REST"},{"data":"Entrench","floor":12.0,"key":"SMITH"},{"floor":15.0,"key":"REST"}],"neow_cost":"NONE","seed_source_timestamp":0,"circlet_count":0,"master_deck":["Strike_R","Strike_R","Defend_R","Defend_R","Defend_R","Defend_R","Bash","Entrench+1","Headbutt","Shrug It Off","Body Slam+1","Ghostly Armor","Disarm+1","Burning Pact+1","Shrug It Off+1","True Grit"],"special_seed":0,"relics":["Burning Blood","Red Skull","Golden Idol","Sundial","Vajra","Question Card","Mercury Hourglass","Mark of Pain","Nloth\u0027s Gift"],"potions_floor_usage":[],"damage_taken":[{"damage":6.0,"enemies":"Cultist","floor":1.0,"turns":4.0},{"damage":6.0,"enemies":"2 Louse","floor":2.0,"turns":3.0},{"damage":4.0,"enemies":"Jaw Worm","floor":3.0,"turns":3.0},{"damage":35.0,"enemies":"Lagavulin","floor":7.0,"turns":6.0},{"damage":25.0,"enemies":"Gremlin Nob","floor":11.0,"turns":4.0},{"damage":0.0,"enemies":"3 Sentries","floor":13.0,"turns":9.0},{"damage":6.0,"enemies":"3 Louse","floor":14.0,"turns":2.0},{"damage":5.0,"enemies":"The Guardian","floor":16.0,"turns":15.0},{"damage":12.0,"enemies":"Shell Parasite","floor":18.0,"turns":7.0},{"damage":3.0,"enemies":"3 Byrds","floor":19.0,"turns":6.0},{"damage":9.0,"enemies":"Snecko","floor":20.0,"turns":6.0},{"damage":27.0,"enemies":"Shelled Parasite and Fungi","floor":21.0,"turns":10.0},{"damage":44.0,"enemies":"Gremlin Leader","floor":23.0,"turns":6.0},{"damage":10,"enemies":"3 Cultists","floor":25,"turns":6}],"seed_played":"-8664898589531312459","potions_obtained":[{"floor":3.0,"key":"SmokeBomb"},{"floor":7.0,"key":"EssenceOfSteel"},{"floor":18.0,"key":"Dexterity Potion"},{"floor":21.0,"key":"SpeedPotion"}],"is_trial":false,"path_per_floor":["M","M","M","?","?","R","E","R","T","?","E","R","E","M","R","B",null,"M","M","M","M","?","E","?"],"character_chosen":"IRONCLAD","items_purchased":[],"campfire_rested":2,"item_purchase_floors":[],"current_hp_per_floor":[80,80,80,47,47,47,18,40,40,40,21,21,27,27,49,50,74,68,71,68,47,47,9,9,0],"gold":473,"neow_bonus":"TRANSFORM_CARD","is_prod":false,"is_daily":false,"chose_seed":false,"campfire_upgraded":2,"win_rate":0,"timestamp":1537208457,"path_taken":["M","M","?","?","?","R","E","R","T","?","E","R","E","M","R","BOSS","M","?","M","M","?","E","?","?"],"build_version":"2018-09-06","purchased_purges":0,"victory":false,"max_hp_per_floor":[80,80,80,80,74,74,74,74,74,74,74,74,74,74,74,74,74,74,74,74,74,74,74,74,74],"card_choices":[{"not_picked":["Sword Boomerang","Cleave"],"picked":"Headbutt","floor":1.0},{"not_picked":["Uppercut","Havoc"],"picked":"Shrug It Off","floor":2.0},{"not_picked":["Headbutt","Inflame"],"picked":"Body Slam","floor":3.0},{"not_picked":["Warcry","Rupture","Bloodletting"],"picked":"SKIP","floor":7.0},{"not_picked":["Blood for Blood","Thunderclap"],"picked":"Ghostly Armor","floor":11.0},{"not_picked":["Headbutt","Clothesline","Twin Strike"],"picked":"Disarm","floor":13.0},{"not_picked":["Headbutt","Fire Breathing","Thunderclap","Rupture"],"picked":"SKIP","floor":14.0},{"not_picked":["Clothesline","Cleave","Rampage"],"picked":"Burning Pact+1","floor":18.0},{"not_picked":["Sword Boomerang","Shrug It Off","Perfected Strike","Hemokinesis"],"picked":"SKIP","floor":19.0},{"not_picked":["Iron Wave","Twin Strike","Wild Strike","Thunderclap+1"],"picked":"SKIP","floor":20.0},{"not_picked":["Pommel Strike","Evolve","Perfected Strike"],"picked":"Shrug It Off+1","floor":21.0},{"not_picked":["Power Through","True Grit","Perfected Strike","Pommel Strike"],"picked":"SKIP","floor":23},{"not_picked":["Power Through","Perfected Strike","Pommel Strike"],"picked":"True Grit","floor":23}],"player_experience":117426,"relics_obtained":[{"floor":7.0,"key":"Sundial"},{"floor":9.0,"key":"Vajra"},{"floor":11.0,"key":"Question Card"},{"floor":13.0,"key":"Mercury Hourglass"},{"floor":23,"key":"Magic Flower"}],"event_choices":[{"event_name":"Scrap Ooze","player_choice":"success","floor":4.0,"damage_taken":33.0},{"event_name":"Golden Idol","player_choice":"Lose Max HP","floor":5.0,"damage_taken":0.0},{"event_name":"Purifier","player_choice":"One Purge","floor":10.0,"damage_taken":0.0},{"event_name":"Designer","player_choice":"Full Service","floor":22.0,"damage_taken":0.0},{"event_name":"N\u0027loth","player_choice":"Traded a Magic Flower","floor":24,"damage_taken":0}],"is_beta":false,"boss_relics":[{"not_picked":["Runic Cube","Astrolabe"],"picked":"Mark of Pain"}],"items_purged_floors":[],"is_endless":false,"potions_floor_spawned":[3,7,18,21],"killed_by":"3 Cultists","ascension_level":3}