{"gold_per_floor":[111,111,165,177,188,188,207,207,207,207,221,321,321,331,331,427,427,440,491,509,167,82,82,100,100,125,159,159,189,200,217,217,217],"floor_reached":33,"playtime":50482,"items_purged":["Strike_R"],"score":416,"play_id":"36055608-519f-4517-9c80-30cc216ffd3e","local_time":"20180929115013","is_ascension_mode":true,"campfire_choices":[{"data":"Uppercut","floor":6.0,"key":"SMITH"},{"data":"True Grit","floor":8.0,"key":"SMITH"},{"data":"Whirlwind","floor":10.0,"key":"SMITH"},{"data":"Flame Barrier","floor":15.0,"key":"SMITH"},{"data":"Flame Barrier","floor":23,"key":"SMITH"},{"floor":25,"key":"REST"},{"floor":28,"key":"REST"},{"data":"Flame Barrier","floor":32,"key":"SMITH"}],"neow_cost":"NONE","seed_source_timestamp":0,"circlet_count":0,"master_deck":["Strike_R","Strike_R","Strike_R","Strike_R","Defend_R","Defend_R","Defend_R","Defend_R","Bash+1","AscendersBane","Whirlwind+1","Pommel Strike","Uppercut+1","True Grit+1","Flame Barrier+1","Clothesline","Offering","Ghostly Armor","Flame Barrier+1","Feel No Pain","Iron Wave+1","Shrug It Off+1","Flame Barrier+1","Iron Wave+1"],"special_seed":0,"relics":["Burning Blood","Tiny Chest","Centennial Puzzle","Mark of Pain","Potion Belt","Red Skull","Dead Branch","Bag of Preparation","Kunai","Bronze Scales"],"potions_floor_usage":[27,27,29,29],"damage_taken":[{"damage":2.0,"enemies":"2 Louse","floor":1.0,"turns":4.0},{"damage":4.0,"enemies":"Small Slimes","floor":4.0,"turns":3.0},{"damage":18.0,"enemies":"Jaw Worm","floor":5.0,"turns":4.0},{"damage":21.0,"enemies":"Exordium Thugs","floor":7.0,"turns":4.0},{"damage":17.0,"enemies":"Large Slime","floor":11.0,"turns":7.0},{"damage":0.0,"enemies":"Lots of Slimes","floor":14.0,"turns":1.0},{"damage":38.0,"enemies":"Slime Boss","floor":16.0,"turns":9.0},{"damage":27.0,"enemies":"2 Thieves","floor":18.0,"turns":3.0},{"damage":19,"enemies":"Spheric Guardian","floor":20,"turns":4},{"damage":6,"enemies":"Chosen and Byrds","floor":24,"turns":3},{"damage":30,"enemies":"Slavers","floor":27,"turns":5},{"damage":14,"enemies":"Gremlin Leader","floor":29,"turns":5},{"damage":6,"enemies":"3 Cultists","floor":30,"turns":1},{"damage":6,"enemies":"Centurion and Healer","floor":31,"turns":4},{"damage":63,"enemies":"Automaton","floor":33,"turns":6}],"seed_played":"-8456072481406118179","potions_obtained":[{"floor":1.0,"key":"FearPotion"},{"floor":11.0,"key":"Energy Potion"},{"floor":14.0,"key":"Dexterity Potion"},{"floor":20,"key":"PowerPotion"},{"floor":24,"key":"Weak Potion"},{"floor":27,"key":"Poison Potion"},{"floor":29,"key":"SpeedPotion"}],"is_trial":false,"path_per_floor":["M","?","T","M","M","R","M","R","T","R","M","?","$","M","R","B",null,"M","T","M","$","?","R","M","R","T","E","R","E","M","M","R"],"character_chosen":"IRONCLAD","items_purchased":["Flame Barrier","Feel No Pain","Red Skull"],"campfire_rested":2,"item_purchase_floors":[21,21,21],"current_hp_per_floor":[76,76,76,78,66,66,51,51,51,51,40,40,40,46,46,14,64,43,43,30,30,30,30,30,54,54,30,54,46,46,46,46,0],"gold":217,"neow_bonus":"UPGRADE_CARD","is_prod":false,"is_daily":false,"chose_seed":false,"campfire_upgraded":6,"win_rate":0,"timestamp":1538193013,"path_taken":["M","?","?","M","M","R","M","R","T","R","M","?","$","M","R","BOSS","M","?","M","$","?","R","M","R","T","E","R","E","M","?","R","BOSS"],"build_version":"2018-09-27","purchased_purges":1,"victory":false,"max_hp_per_floor":[80,80,80,80,80,80,80,80,80,80,80,80,80,80,80,80,80,80,80,80,80,80,80,80,80,80,80,80,80,80,80,80,80],"card_choices":[{"not_picked":["Metallicize","Clash"],"picked":"Whirlwind","floor":1.0},{"not_picked":["Hemokinesis","Burning Pact"],"picked":"Pommel Strike","floor":4.0},{"not_picked":["Clothesline","Flex"],"picked":"Uppercut","floor":5.0},{"not_picked":["Twin Strike","Clash"],"picked":"True Grit","floor":7.0},{"not_picked":["Rage","Dark Embrace"],"picked":"Flame Barrier","floor":11.0},{"not_picked":["Sentinel","Body Slam"],"picked":"Clothesline","floor":14.0},{"not_picked":["Bludgeon","Immolate"],"picked":"Offering","floor":16.0},{"not_picked":["Armaments","Warcry","Pommel Strike"],"picked":"SKIP","floor":18.0},{"not_picked":["Flex+1","Anger"],"picked":"Ghostly Armor","floor":20},{"not_picked":["Heavy Blade+1","Thunderclap"],"picked":"Iron Wave+1","floor":24},{"not_picked":["Bloodletting","Twin Strike"],"picked":"Shrug It Off+1","floor":27},{"not_picked":["Iron Wave","Juggernaut","Warcry"],"picked":"SKIP","floor":29},{"not_picked":["Pummel+1","Dual Wield"],"picked":"Flame Barrier","floor":30},{"not_picked":["Pummel","Heavy Blade"],"picked":"Iron Wave+1","floor":31}],"player_experience":332117,"relics_obtained":[{"floor":3.0,"key":"Tiny Chest"},{"floor":9.0,"key":"Centennial Puzzle"},{"floor":19,"key":"Potion Belt"},{"floor":26,"key":"Bag of Preparation"},{"floor":27,"key":"Kunai"},{"floor":29,"key":"Bronze Scales"}],"event_choices":[{"event_name":"Liars Game","player_choice":"disagreed","floor":2.0,"damage_taken":0.0},{"event_name":"Golden Shrine","player_choice":"Pray","floor":12.0,"damage_taken":0.0},{"event_name":"Addict","player_choice":"Obtained Relic","floor":22,"damage_taken":0}],"is_beta":false,"boss_relics":[{"not_picked":["Empty Cage","Eternal Feather"],"picked":"Mark of Pain"}],"items_purged_floors":[21],"is_endless":false,"potions_floor_spawned":[1,11,14,20,24,27,29],"killed_by":"Automaton","ascension_level":10}