{"gold_per_floor":[17,17,33,46,63,98,98,123,123,123,138,138,176,176,176,176],"floor_reached":16,"playtime":521,"items_purged":[],"score":182,"play_id":"1c0d15f8-1580-4d25-8f32-cf7573f5411d","local_time":"20190430170031","is_ascension_mode":true,"campfire_choices":[{"floor":7,"key":"REST"},{"floor":12,"key":"REST"},{"data":"Noxious Fumes","floor":15,"key":"SMITH"}],"neow_cost":"NO_GOLD","seed_source_timestamp":304982902159080,"circlet_count":0,"master_deck":["AscendersBane","Defend_G+1","Defend_G","Defend_G","Defend_G","Defend_G","Strike_G","Strike_G","Strike_G","Strike_G","Strike_G","Survivor","Neutralize","Dagger Spray","Noxious Fumes+1","Dash","Backflip+1","Backstab","Catalyst","Crippling Poison"],"relics":["Ring of the Snake","War Paint","Regal Pillow","The Courier","Golden Idol","Odd Mushroom"],"potions_floor_usage":[6,8,13],"damage_taken":[{"damage":0,"enemies":"2 Louse","floor":1,"turns":4},{"damage":2,"enemies":"Jaw Worm","floor":3,"turns":5},{"damage":2,"enemies":"Cultist","floor":4,"turns":4},{"damage":5,"enemies":"Exordium Thugs","floor":5,"turns":7},{"damage":41,"enemies":"Gremlin Nob","floor":6,"turns":5},{"damage":22,"enemies":"3 Sentries","floor":8,"turns":6},{"damage":0,"enemies":"Blue Slaver","floor":11,"turns":4},{"damage":4,"enemies":"The Mushroom Lair","floor":13,"turns":4},{"damage":60,"enemies":"Slime Boss","floor":16,"turns":8}],"seed_played":"-3462657630392001227","potions_obtained":[{"floor":1,"key":"Explosive Potion"},{"floor":3,"key":"EssenceOfSteel"},{"floor":8,"key":"Fire Potion"}],"is_trial":false,"path_per_floor":["M","$","M","M","M","E","R","E","T","?","M","R","?","?","R","B"],"character_chosen":"THE_SILENT","items_purchased":[],"campfire_rested":2,"item_purchase_floors":[],"current_hp_per_floor":[77,77,75,73,68,27,52,30,30,9,9,49,45,45,45,0],"gold":176,"neow_bonus":"TWENTY_PERCENT_HP_BONUS","is_prod":false,"is_daily":false,"chose_seed":false,"campfire_upgraded":1,"win_rate":0,"timestamp":1556614831,"path_taken":["M","$","M","M","M","E","R","E","T","?","M","R","?","?","R","BOSS"],"build_version":"2019-01-23","purchased_purges":0,"victory":false,"max_hp_per_floor":[84,84,84,84,84,84,84,84,84,84,84,84,84,84,84,84],"card_choices":[{"not_picked":["Blade Dance","Poisoned Stab"],"picked":"Dagger Spray","floor":1},{"not_picked":["Reflex","Terror"],"picked":"Noxious Fumes","floor":3},{"not_picked":["Poisoned Stab","Setup"],"picked":"Dash","floor":4},{"not_picked":["Blade Dance","Dagger Throw"],"picked":"Backflip","floor":5},{"not_picked":["Deflect","Poisoned Stab"],"picked":"Backstab","floor":6},{"not_picked":["Outmaneuver","Endless Agony","Poisoned Stab"],"picked":"SKIP","floor":8},{"not_picked":["PiercingWail","Eviscerate"],"picked":"Catalyst","floor":11},{"not_picked":["Dodge and Roll","Prepared"],"picked":"Crippling Poison","floor":13}],"player_experience":454555,"relics_obtained":[{"floor":6,"key":"War Paint"},{"floor":8,"key":"Regal Pillow"},{"floor":9,"key":"The Courier"},{"floor":13,"key":"Odd Mushroom"}],"event_choices":[{"damage_healed":0,"gold_gain":0,"player_choice":"Take Damage","damage_taken":21,"relics_obtained":["Golden Idol"],"max_hp_gain":0,"max_hp_loss":0,"event_name":"Golden Idol","floor":10,"gold_loss":0},{"damage_healed":0,"gold_gain":0,"player_choice":"Fought Mushrooms","damage_taken":0,"max_hp_gain":0,"max_hp_loss":0,"event_name":"Mushrooms","floor":13,"gold_loss":0},{"damage_healed":0,"gold_gain":0,"player_choice":"Ignored","damage_taken":0,"max_hp_gain":0,"max_hp_loss":0,"event_name":"Liars Game","floor":14,"gold_loss":0}],"is_beta":false,"boss_relics":[],"items_purged_floors":[],"is_endless":false,"potions_floor_spawned":[1,3,4,8],"killed_by":"Slime Boss","ascension_level":13}