{"gold_per_floor":[116,131,131,147,161,189,203,203,203,219,251,263,295,310,310,410,410,428,447,457,470,480,507,507,432,432,444,304,335,355,355,355,450,450,466,486,505,140,154,189,189,189,216,244,98,127,146,146,146,146],"floor_reached":51,"playtime":6391,"items_purged":["Strike_R","Strike_R","Writhe"],"score":945,"play_id":"9e715c9f-36e7-4ac9-850f-507318808e00","local_time":"20181019223002","is_ascension_mode":false,"campfire_choices":[{"floor":8.0,"key":"REST"},{"data":"Barricade","floor":15.0,"key":"SMITH"},{"data":"Body Slam","floor":24.0,"key":"SMITH"},{"floor":32,"key":"REST"},{"data":"Defend_R","floor":42,"key":"SMITH"},{"data":"Pommel Strike","floor":49,"key":"SMITH"}],"neow_cost":"NONE","seed_source_timestamp":0,"circlet_count":0,"master_deck":["Strike_R","Defend_R","Defend_R","Defend_R","Defend_R+1","Bash+1","Flex","Pommel Strike+1","Shrug It Off+1","Barricade+1","Entrench+1","Shrug It Off+1","Rage+1","Feed","Body Slam+1","Entrench+1","Impervious+1","Ghostly Armor+1","Offering+1"],"special_seed":0,"relics":["Burning Blood","Toxic Egg 2","Self Forming Clay","Ornamental Fan","Bottled Tornado","Frozen Egg 2","Black Star","Regal Pillow","Blood Vial","Darkstone Periapt","Nunchaku","StoneCalendar","Bird Faced Urn","Velvet Choker","Meat on the Bone","Charon\u0027s Ashes","Du-Vu Doll","Strawberry","Art of War","Anchor","Oddly Smooth Stone","Mercury Hourglass","Sundial"],"potions_floor_usage":[29,33,44,44],"damage_taken":[{"damage":20.0,"enemies":"Jaw Worm","floor":1.0,"turns":4.0},{"damage":0.0,"enemies":"Small Slimes","floor":2.0,"turns":4.0},{"damage":1.0,"enemies":"Cultist","floor":4.0,"turns":3.0},{"damage":5.0,"enemies":"2 Fungi Beasts","floor":5.0,"turns":4.0},{"damage":52.0,"enemies":"Gremlin Nob","floor":6.0,"turns":5.0},{"damage":11.0,"enemies":"3 Louse","floor":7.0,"turns":4.0},{"damage":1.0,"enemies":"Blue Slaver","floor":10.0,"turns":3.0},{"damage":6.0,"enemies":"Lagavulin Event","floor":11.0,"turns":16.0},{"damage":7.0,"enemies":"Gremlin Gang","floor":12.0,"turns":7.0},{"damage":9.0,"enemies":"3 Sentries","floor":13.0,"turns":15.0},{"damage":0.0,"enemies":"Large Slime","floor":14.0,"turns":7.0},{"damage":0.0,"enemies":"The Guardian","floor":16.0,"turns":12.0},{"damage":5.0,"enemies":"Chosen","floor":18.0,"turns":12.0},{"damage":0.0,"enemies":"Spheric Guardian","floor":19.0,"turns":8.0},{"damage":10.0,"enemies":"Snake Plant","floor":20.0,"turns":10.0},{"damage":5.0,"enemies":"Shelled Parasite and Fungi","floor":21.0,"turns":10.0},{"damage":14.0,"enemies":"Sentry and Sphere","floor":22.0,"turns":8.0},{"damage":3.0,"enemies":"Book of Stabbing","floor":23.0,"turns":7.0},{"damage":10,"enemies":"Cultist and Chosen","floor":27,"turns":9},{"damage":32,"enemies":"Slavers","floor":29,"turns":11},{"damage":15,"enemies":"Centurion and Healer","floor":30,"turns":7},{"damage":3,"enemies":"Champ","floor":33,"turns":8},{"damage":0,"enemies":"Orb Walker","floor":35,"turns":3},{"damage":4,"enemies":"3 Darklings","floor":36,"turns":7},{"damage":7,"enemies":"Sphere and 2 Shapes","floor":37,"turns":7},{"damage":13,"enemies":"4 Shapes","floor":39,"turns":7},{"damage":3,"enemies":"Giant Head","floor":40,"turns":8},{"damage":11,"enemies":"Reptomancer","floor":44,"turns":7},{"damage":0,"enemies":"Giant Head","floor":46,"turns":5},{"damage":6,"enemies":"Jaw Worm Horde","floor":47,"turns":7},{"damage":6,"enemies":"Donu and Deca","floor":50,"turns":19}],"seed_played":"633035012364914194","potions_obtained":[{"floor":7.0,"key":"Fire Potion"},{"floor":10.0,"key":"Dexterity Potion"},{"floor":13.0,"key":"LiquidBronze"},{"floor":14.0,"key":"Strength Potion"},{"floor":16.0,"key":"Explosive Potion"},{"floor":20.0,"key":"Dexterity Potion"},{"floor":21.0,"key":"LiquidBronze"},{"floor":22.0,"key":"EssenceOfSteel"},{"floor":27,"key":"Explosive Potion"},{"floor":30,"key":"EssenceOfSteel"},{"floor":35,"key":"PowerPotion"},{"floor":39,"key":"SkillPotion"}],"is_trial":false,"path_per_floor":["M","M","?","M","M","E","M","R","T","M","?","M","E","M","R","B",null,"M","M","M","M","M","E","R","$","T","M","$","E","M","?","R","B",null,"M","M","M","$","M","E","?","R","T","E","$","E","M","?","R","B"],"character_chosen":"IRONCLAD","items_purchased":["Entrench+1","Meat on the Bone","Oddly Smooth Stone"],"campfire_rested":2,"item_purchase_floors":[28,38,45],"current_hp_per_floor":[66,72,60,65,66,20,15,39,39,44,44,43,40,46,46,52,80,83,86,85,89,84,87,87,87,87,88,88,64,57,63,104,104,104,107,107,106,106,103,110,110,110,117,114,114,117,117,117,117,120],"gold":146,"neow_bonus":"REMOVE_CARD","is_prod":false,"is_daily":false,"chose_seed":false,"campfire_upgraded":4,"win_rate":0.0,"timestamp":1539981002,"path_taken":["M","M","?","M","M","E","M","R","T","M","?","M","E","M","R","BOSS","M","M","M","M","M","E","R","$","T","M","$","E","M","?","R","BOSS","M","M","M","$","M","E","?","R","T","E","$","E","M","?","R","BOSS"],"build_version":"2018-10-18","purchased_purges":3,"victory":true,"max_hp_per_floor":[80,80,80,80,80,80,80,80,80,80,80,80,80,80,80,80,80,83,86,89,92,95,95,95,95,95,98,98,98,98,104,104,104,104,107,107,107,107,110,110,110,110,117,117,117,117,117,117,117,120],"card_choices":[{"not_picked":["Heavy Blade","Wild Strike"],"picked":"Flex","floor":1.0},{"not_picked":["Corruption","Clash"],"picked":"Pommel Strike","floor":2.0},{"not_picked":["Second Wind+1","Clothesline"],"picked":"Shrug It Off+1","floor":4.0},{"not_picked":["Fire Breathing","Thunderclap"],"picked":"Barricade","floor":5.0},{"not_picked":["Anger","Clash","Hemokinesis"],"picked":"SKIP","floor":6.0},{"not_picked":["Body Slam","Clash"],"picked":"Entrench+1","floor":7.0},{"not_picked":["Heavy Blade","Offering+1","Carnage"],"picked":"SKIP","floor":10.0},{"not_picked":["True Grit+1","Warcry+1"],"picked":"Shrug It Off+1","floor":11.0},{"not_picked":["Sever Soul","Rampage"],"picked":"Rage+1","floor":12.0},{"not_picked":["Whirlwind","Shrug It Off+1","Twin Strike"],"picked":"SKIP","floor":13.0},{"not_picked":["Shrug It Off+1","Anger","Wild Strike"],"picked":"SKIP","floor":14.0},{"not_picked":["Dark Embrace+1","Demon Form+1"],"picked":"Feed","floor":16.0},{"not_picked":["True Grit+1","Carnage"],"picked":"Body Slam","floor":18.0},{"not_picked":["Cleave+1","True Grit+1","Dropkick"],"picked":"SKIP","floor":19.0},{"not_picked":["Pummel","Clothesline","Headbutt"],"picked":"SKIP","floor":20.0},{"not_picked":["Pommel Strike","Perfected Strike","Heavy Blade+1"],"picked":"SKIP","floor":21.0},{"not_picked":["Clothesline","Offering+1","Burning Pact+1"],"picked":"SKIP","floor":22.0},{"not_picked":["Shrug It Off+1","Thunderclap","Fire Breathing+1"],"picked":"SKIP","floor":23.0},{"not_picked":["Inflame+1","True Grit+1","Wild Strike"],"picked":"SKIP","floor":27},{"not_picked":["Pommel Strike","Brutality+1","Hemokinesis"],"picked":"SKIP","floor":29},{"not_picked":["Shrug It Off+1","Clothesline+1","Armaments+1"],"picked":"SKIP","floor":30},{"not_picked":["Double Tap+1","Barricade+1"],"picked":"Impervious+1","floor":33},{"not_picked":["Cleave+1","Pommel Strike","Clothesline+1"],"picked":"SKIP","floor":35},{"not_picked":["Perfected Strike+1","Reckless Charge+1","Entrench+1"],"picked":"SKIP","floor":36},{"not_picked":["Feel No Pain+1","Sword Boomerang+1","Reckless Charge"],"picked":"SKIP","floor":37},{"not_picked":["Wild Strike","Spot Weakness+1","Reckless Charge+1"],"picked":"SKIP","floor":39},{"not_picked":["Cleave","Evolve+1"],"picked":"Ghostly Armor+1","floor":40},{"not_picked":["Pummel","Feel No Pain+1","True Grit+1"],"picked":"SKIP","floor":44},{"not_picked":["Blood for Blood+1","Perfected Strike"],"picked":"Offering+1","floor":46},{"not_picked":["Sever Soul","Bloodletting+1","Sword Boomerang+1"],"picked":"SKIP","floor":47}],"player_experience":112294,"relics_obtained":[{"floor":6.0,"key":"Self Forming Clay"},{"floor":9.0,"key":"Ornamental Fan"},{"floor":11.0,"key":"Bottled Tornado"},{"floor":13.0,"key":"Frozen Egg 2"},{"floor":23.0,"key":"Regal Pillow"},{"floor":23.0,"key":"Blood Vial"},{"floor":26.0,"key":"Darkstone Periapt"},{"floor":29,"key":"Nunchaku"},{"floor":29,"key":"StoneCalendar"},{"floor":40,"key":"Charon\u0027s Ashes"},{"floor":40,"key":"Du-Vu Doll"},{"floor":43,"key":"Strawberry"},{"floor":44,"key":"Art of War"},{"floor":44,"key":"Anchor"},{"floor":46,"key":"Mercury Hourglass"},{"floor":46,"key":"Sundial"}],"event_choices":[{"event_name":"Scrap Ooze","player_choice":"success","floor":3.0,"damage_taken":12.0},{"damage_healed":0.0,"max_hp_gain":0.0,"max_hp_loss":0.0,"gold_gain":30.0,"event_name":"Dead Adventurer","player_choice":"Searched \u00273\u0027 times","floor":11.0,"gold_loss":0.0,"damage_taken":0.0},{"damage_healed":0,"gold_gain":0,"player_choice":"Opened","damage_taken":0,"relics_obtained":["Bird Faced Urn"],"max_hp_gain":0,"max_hp_loss":0,"event_name":"The Mausoleum","floor":31,"gold_loss":0,"cards_obtained":["Writhe"]},{"damage_healed":0,"gold_gain":0,"player_choice":"Upgraded","damage_taken":0,"max_hp_gain":0,"max_hp_loss":0,"event_name":"Upgrade Shrine","floor":41,"gold_loss":0,"cards_upgraded":["Bash"]},{"cards_removed":["Strike_R"],"damage_healed":0,"gold_gain":0,"player_choice":"Removed Attack","damage_taken":0,"max_hp_gain":0,"max_hp_loss":0,"event_name":"Falling","floor":48,"gold_loss":0}],"is_beta":false,"boss_relics":[{"not_picked":["Eternal Feather","Empty Cage"],"picked":"Black Star"},{"not_picked":["Snecko Eye","Runic Pyramid"],"picked":"Velvet Choker"}],"items_purged_floors":[25,28,38],"is_endless":false,"potions_floor_spawned":[7,10,13,14,16,20,21,22,27,30,35,39],"ascension_level":0}