{"gold_per_floor":[112,123,140,150,162,162,194,207,207,207,241,241,254,280,280,379,379,395,408,103,202,216,228,262,278,278,289,204,231,131,142,142,237,237,252,262,60,78,78,109,0,34,34,34,48,48,60,11,11,11],"floor_reached":51,"playtime":4376,"items_purged":["Strike_R","Decay","Normality"],"score":856,"play_id":"453c3a97-5ebf-44b0-92f4-82e2aca3e20d","local_time":"20190220171226","is_ascension_mode":true,"campfire_choices":[{"data":"Whirlwind","floor":6.0,"key":"SMITH"},{"data":"Bash","floor":12.0,"key":"SMITH"},{"data":"True Grit","floor":15.0,"key":"SMITH"},{"data":"Uppercut","floor":32.0,"key":"SMITH"},{"floor":44,"key":"REST"},{"data":"Regret","floor":46,"key":"PURGE"},{"floor":49,"key":"REST"}],"neow_cost":"NONE","seed_source_timestamp":357544248846076,"circlet_count":0,"master_deck":["Strike_R+1","Strike_R","Strike_R+1","Strike_R","Defend_R+1","Defend_R","Defend_R","Defend_R","Bash+1","Cleave","Whirlwind+1","Spot Weakness","Metallicize","Disarm+1","Armaments+1","Pommel Strike","True Grit+1","Rampage","Juggernaut","Metallicize+1","Uppercut+1","Impervious","Shrug It Off+1","Metallicize+1","Flame Barrier","Metallicize+1","Limit Break","Decay","Ghostly Armor+1","True Grit","Metallicize"],"special_seed":0,"relics":["Burning Blood","Whetstone","Bronze Scales","Bottled Lightning","Mummified Hand","War Paint","Cursed Key","Oddly Smooth Stone","Gremlin Horn","Orichalcum","Dream Catcher","Calling Bell","Lantern","Matryoshka","Incense Burner","Blood Vial","Red Mask","Omamori","Art of War","Peace Pipe"],"potions_floor_usage":[38,40,40,47,50],"damage_taken":[{"damage":7.0,"enemies":"2 Louse","floor":1.0,"turns":2.0},{"damage":7.0,"enemies":"Jaw Worm","floor":2.0,"turns":3.0},{"damage":3.0,"enemies":"Small Slimes","floor":3.0,"turns":3.0},{"damage":17.0,"enemies":"Looter","floor":4.0,"turns":3.0},{"damage":18.0,"enemies":"Large Slime","floor":5.0,"turns":5.0},{"damage":30.0,"enemies":"Lagavulin","floor":7.0,"turns":7.0},{"damage":0.0,"enemies":"3 Louse","floor":8.0,"turns":1.0},{"damage":14.0,"enemies":"3 Sentries","floor":11.0,"turns":5.0},{"damage":0.0,"enemies":"2 Fungi Beasts","floor":13.0,"turns":3.0},{"damage":8.0,"enemies":"Gremlin Nob","floor":14.0,"turns":3.0},{"damage":7.0,"enemies":"Slime Boss","floor":16.0,"turns":5.0},{"damage":14.0,"enemies":"Shell Parasite","floor":18.0,"turns":5.0},{"damage":3.0,"enemies":"Chosen","floor":19.0,"turns":4.0},{"damage":13.0,"enemies":"Snake Plant","floor":22.0,"turns":4.0},{"damage":0.0,"enemies":"Cultist and Chosen","floor":23.0,"turns":4.0},{"damage":20.0,"enemies":"Gremlin Leader","floor":24.0,"turns":6.0},{"damage":1.0,"enemies":"Snecko","floor":25.0,"turns":5.0},{"damage":2.0,"enemies":"Snake Plant","floor":27.0,"turns":4.0},{"damage":11.0,"enemies":"Slavers","floor":29.0,"turns":5.0},{"damage":5.0,"enemies":"Centurion and Healer","floor":31.0,"turns":6.0},{"damage":14.0,"enemies":"Collector","floor":33.0,"turns":10.0},{"damage":17,"enemies":"3 Darklings","floor":35,"turns":2},{"damage":12,"enemies":"3 Shapes","floor":36,"turns":6},{"damage":19,"enemies":"Jaw Worm Horde","floor":38,"turns":6},{"damage":5,"enemies":"Reptomancer","floor":40,"turns":7},{"damage":41,"enemies":"Nemesis","floor":42,"turns":8},{"damage":0,"enemies":"Sphere and 2 Shapes","floor":45,"turns":4},{"damage":24,"enemies":"Transient","floor":47,"turns":5},{"damage":22,"enemies":"Time Eater","floor":50,"turns":16}],"seed_played":"4758244259075802892","potions_obtained":[{"floor":3.0,"key":"SpeedPotion"},{"floor":5.0,"key":"PowerPotion"},{"floor":7.0,"key":"AttackPotion"},{"floor":13.0,"key":"Fire Potion"},{"floor":16.0,"key":"SteroidPotion"},{"floor":24.0,"key":"PowerPotion"},{"floor":25.0,"key":"AttackPotion"},{"floor":40,"key":"Fire Potion"},{"floor":42,"key":"Dexterity Potion"},{"floor":47,"key":"FearPotion"}],"is_trial":false,"path_per_floor":["M","M","M","M","M","R","E","M","T","?","E","R","M","E","R","B",null,"M","M","$","?","M","M","E","M","T","M","?","E","$","M","R","B",null,"M","M","$","M","?","E","?","E","T","R","M","R","M","$","R","B",null],"character_chosen":"IRONCLAD","items_purchased":["Oddly Smooth Stone","Impervious","Metallicize","Energy Potion"],"campfire_rested":2,"item_purchase_floors":[20,20,37,48],"current_hp_per_floor":[79,78,80,69,57,57,33,39,39,39,31,31,37,35,35,34,80,72,75,75,75,68,74,60,65,65,69,69,64,64,65,65,57,80,69,63,63,50,50,51,51,18,18,40,48,48,32,32,54,40],"gold":11,"neow_bonus":"RANDOM_COMMON_RELIC","is_prod":false,"is_daily":false,"chose_seed":false,"campfire_upgraded":4,"win_rate":0,"timestamp":1550679146,"path_taken":["M","M","M","M","M","R","E","M","T","?","E","R","M","E","R","BOSS","M","M","$","?","M","M","E","M","T","M","?","E","$","M","R","BOSS","M","M","$","M","?","E","?","E","T","R","M","R","M","$","R","BOSS"],"build_version":"2019-01-23","purchased_purges":3,"victory":true,"max_hp_per_floor":[80,80,80,80,80,80,80,80,80,80,80,80,80,80,80,80,80,80,80,80,80,80,80,80,80,80,80,80,80,80,80,80,80,80,80,80,80,80,76,76,76,76,76,76,76,76,76,76,76,76],"card_choices":[{"not_picked":["Twin Strike","Clash"],"picked":"Cleave","floor":1.0},{"not_picked":["Reckless Charge","Second Wind"],"picked":"Whirlwind","floor":2.0},{"not_picked":["Clash","Combust"],"picked":"Spot Weakness","floor":3.0},{"not_picked":["Anger","Pommel Strike"],"picked":"Metallicize","floor":4.0},{"not_picked":["Sword Boomerang","Perfected Strike"],"picked":"Disarm","floor":5.0},{"not_picked":["Immolate","Sever Soul","Flex"],"picked":"SKIP","floor":7.0},{"not_picked":["Sword Boomerang","Body Slam"],"picked":"Armaments","floor":8.0},{"not_picked":["Combust","Spot Weakness"],"picked":"Pommel Strike","floor":11.0},{"not_picked":["Iron Wave","Twin Strike"],"picked":"True Grit","floor":13.0},{"not_picked":["Clothesline","Warcry"],"picked":"Rampage","floor":14.0},{"not_picked":["Double Tap","Berserk"],"picked":"Juggernaut","floor":16.0},{"not_picked":["Searing Blow+1","Combust"],"picked":"Metallicize+1","floor":18.0},{"not_picked":["Dropkick","Thunderclap"],"picked":"Uppercut","floor":19.0},{"not_picked":["Twin Strike","Thunderclap"],"picked":"Shrug It Off+1","floor":22.0},{"not_picked":["Armaments","Blood for Blood","Clash"],"picked":"SKIP","floor":23.0},{"not_picked":["Cleave","Havoc"],"picked":"Metallicize+1","floor":24.0},{"not_picked":["Dual Wield","Warcry","Body Slam"],"picked":"SKIP","floor":25.0},{"not_picked":["Disarm","Wild Strike"],"picked":"Flame Barrier","floor":27.0},{"not_picked":["Clash","Headbutt+1","Iron Wave"],"picked":"SKIP","floor":29.0},{"not_picked":["Headbutt","Anger+1"],"picked":"Metallicize+1","floor":31.0},{"not_picked":["Offering","Bludgeon"],"picked":"Limit Break","floor":33.0},{"not_picked":["Headbutt+1","Flex+1"],"picked":"Ghostly Armor+1","floor":35},{"not_picked":["Anger","Shockwave+1"],"picked":"True Grit","floor":36},{"not_picked":["Havoc","Headbutt","Thunderclap+1"],"picked":"SKIP","floor":38},{"not_picked":["Blood for Blood+1","Sword Boomerang","Evolve"],"picked":"SKIP","floor":40},{"not_picked":["Flex","Sword Boomerang+1","Spot Weakness+1"],"picked":"SKIP","floor":42},{"not_picked":["Brutality","Headbutt+1","Bloodletting"],"picked":"SKIP","floor":45},{"not_picked":["Armaments+1","True Grit+1","Perfected Strike"],"picked":"SKIP","floor":47}],"player_experience":191486,"relics_obtained":[{"floor":7.0,"key":"Bronze Scales"},{"floor":9.0,"key":"Bottled Lightning"},{"floor":11.0,"key":"Mummified Hand"},{"floor":14.0,"key":"War Paint"},{"floor":24.0,"key":"Gremlin Horn"},{"floor":29.0,"key":"Dream Catcher"},{"floor":34.0,"key":"Lantern"},{"floor":34.0,"key":"Matryoshka"},{"floor":34.0,"key":"Incense Burner"},{"floor":40,"key":"Blood Vial"},{"floor":42,"key":"Omamori"},{"floor":43,"key":"Art of War"},{"floor":43,"key":"Peace Pipe"}],"event_choices":[{"damage_healed":0.0,"max_hp_gain":0.0,"max_hp_loss":0.0,"gold_gain":0.0,"event_name":"Living Wall","player_choice":"Grow","floor":10.0,"gold_loss":0.0,"damage_taken":0.0,"cards_upgraded":["Armaments"]},{"damage_healed":0.0,"max_hp_gain":0.0,"max_hp_loss":0.0,"gold_gain":99.0,"event_name":"Nest","player_choice":"Stole From Cult","floor":21.0,"gold_loss":0.0,"damage_taken":0.0},{"damage_healed":0.0,"max_hp_gain":0.0,"max_hp_loss":0.0,"gold_gain":0.0,"event_name":"Addict","player_choice":"Obtained Relic","floor":28.0,"gold_loss":85.0,"damage_taken":0.0,"relics_obtained":["Orichalcum"]},{"damage_healed":0,"gold_gain":0,"player_choice":"Max HP","damage_taken":0,"max_hp_gain":0,"max_hp_loss":4,"event_name":"Winding Halls","floor":39,"gold_loss":0},{"damage_healed":0,"gold_gain":0,"player_choice":"Paid","damage_taken":0,"relics_obtained":["Red Mask"],"max_hp_gain":0,"max_hp_loss":0,"event_name":"Tomb of Lord Red Mask","floor":41,"gold_loss":109}],"is_beta":false,"boss_relics":[{"not_picked":["Eternal Feather","Runic Pyramid"],"picked":"Cursed Key"},{"not_picked":["Astrolabe","Empty Cage"],"picked":"Calling Bell"}],"items_purged_floors":[20,30,37],"is_endless":false,"potions_floor_spawned":[3,5,7,8,13,16,24,25,27,31,33,40,42,47],"ascension_level":3}