{"gold_per_floor":[116,291,291,117,131,159,172,199,223,241,241,241,275,293,293,394,394,407,285,384,384],"floor_reached":21,"playtime":1850,"items_purged":["Doubt"],"score":300,"play_id":"240e80f4-8219-478e-901d-d280a3881dc7","local_time":"20190413125235","is_ascension_mode":true,"campfire_choices":[{"data":"Defragment","floor":15,"key":"SMITH"}],"neow_cost":"NONE","seed_source_timestamp":10567754513840,"circlet_count":0,"master_deck":["Strike_B","Strike_B","Strike_B","Defend_B+1","Defend_B","Defend_B","Defend_B","Zap+1","Dualcast","Redo","Defragment+1","Conserve Battery","Cold Snap","Ball Lightning","Fusion","Creative AI","Defragment","Coolheaded","Fission","Barrage","Force Field","Hologram"],"relics":["FrozenCore","NeowsBlessing","GremlinMask","Boot","War Paint","Blood Vial","Regal Pillow"],"potions_floor_usage":[13,13,21,21,21,21,21,21],"damage_taken":[{"damage":0,"enemies":"Small Slimes","floor":1,"turns":1},{"damage":0,"enemies":"Jaw Worm","floor":5,"turns":1},{"damage":0,"enemies":"Gremlin Nob","floor":6,"turns":1},{"damage":0,"enemies":"Cultist","floor":7,"turns":3},{"damage":36,"enemies":"3 Sentries","floor":8,"turns":9},{"damage":6,"enemies":"Blue Slaver","floor":10,"turns":2},{"damage":14,"enemies":"Gremlin Nob","floor":13,"turns":4},{"damage":6,"enemies":"Looter","floor":14,"turns":2},{"damage":4,"enemies":"The Guardian","floor":16,"turns":12},{"damage":12,"enemies":"Shell Parasite","floor":18,"turns":34},{"damage":29,"enemies":"Colosseum Slavers","floor":21,"turns":8},{"damage":63,"enemies":"Colosseum Nobs","floor":21,"turns":7}],"seed_played":"6739981443134884735","potions_obtained":[{"floor":1,"key":"SteroidPotion"},{"floor":5,"key":"EssenceOfSteel"},{"floor":8,"key":"EntropicBrew"},{"floor":13,"key":"Ancient Potion"},{"floor":16,"key":"Weak Potion"}],"is_trial":false,"path_per_floor":["M","?","?","$","M","E","M","E","T","M","?","?","E","M","R","B",null,"M","$","?","?"],"character_chosen":"DEFECT","items_purchased":["Defragment","Conserve Battery","Force Field","Hologram"],"campfire_rested":0,"item_purchase_floors":[4,4,19,19],"current_hp_per_floor":[68,68,68,68,68,68,68,32,32,28,33,33,21,17,17,15,64,54,54,54,0],"gold":384,"neow_bonus":"THREE_ENEMY_KILL","is_prod":false,"is_daily":false,"chose_seed":false,"campfire_upgraded":1,"win_rate":0,"timestamp":1555152755,"path_taken":["M","?","?","$","?","E","M","E","T","M","?","?","E","M","R","BOSS","M","$","?","?"],"build_version":"2019-01-23","purchased_purges":1,"victory":false,"max_hp_per_floor":[75,75,75,75,75,75,75,75,75,75,80,80,80,80,80,80,80,80,80,80,80],"card_choices":[{"not_picked":["Storm","Turbo"],"picked":"Redo","floor":1},{"not_picked":["Coolheaded","Storm"],"picked":"Cold Snap","floor":5},{"not_picked":["Fusion","Rebound"],"picked":"Ball Lightning","floor":6},{"not_picked":["Compile Driver","Rebound"],"picked":"Fusion","floor":7},{"not_picked":["Undo","Darkness"],"picked":"Creative AI","floor":8},{"not_picked":["Leap","Conserve Battery"],"picked":"Defragment","floor":10},{"not_picked":["FTL","Rip and Tear","Steam"],"picked":"SKIP","floor":13},{"not_picked":["Ball Lightning","Rebound"],"picked":"Coolheaded","floor":14},{"not_picked":["Thunder Strike","Rainbow"],"picked":"Fission","floor":16},{"not_picked":["Redo+1","Stack"],"picked":"Barrage","floor":18}],"player_experience":293781,"relics_obtained":[{"floor":6,"key":"Boot"},{"floor":8,"key":"War Paint"},{"floor":9,"key":"Blood Vial"},{"floor":13,"key":"Regal Pillow"}],"event_choices":[{"damage_healed":0,"gold_gain":175,"player_choice":"AGREE","damage_taken":0,"max_hp_gain":0,"max_hp_loss":0,"event_name":"Liars Game","floor":2,"gold_loss":0,"cards_obtained":["Doubt"]},{"damage_healed":0,"gold_gain":0,"player_choice":"Trade","damage_taken":0,"relics_obtained":["GremlinMask"],"max_hp_gain":0,"max_hp_loss":0,"event_name":"FaceTrader","floor":3,"gold_loss":0},{"damage_healed":0,"gold_gain":0,"player_choice":"Donut","damage_taken":0,"max_hp_gain":5,"max_hp_loss":0,"event_name":"Big Fish","floor":11,"gold_loss":0},{"cards_removed":["Strike_B"],"damage_healed":0,"gold_gain":0,"player_choice":"Purged","damage_taken":0,"max_hp_gain":0,"max_hp_loss":0,"event_name":"Purifier","floor":12,"gold_loss":0},{"damage_healed":0,"gold_gain":99,"player_choice":"Stole From Cult","damage_taken":0,"max_hp_gain":0,"max_hp_loss":0,"event_name":"Nest","floor":20,"gold_loss":0},{"damage_healed":0,"gold_gain":0,"player_choice":"Fight","damage_taken":0,"max_hp_gain":0,"max_hp_loss":0,"event_name":"Colosseum","floor":21,"gold_loss":0},{"damage_healed":0,"gold_gain":0,"player_choice":"Fought Nobs","damage_taken":0,"max_hp_gain":0,"max_hp_loss":0,"event_name":"Colosseum","floor":21,"gold_loss":0}],"is_beta":false,"boss_relics":[{"not_picked":["Busted Crown","Runic Dome"],"picked":"FrozenCore"}],"items_purged_floors":[4],"is_endless":false,"potions_floor_spawned":[1,5,8,13,16,21],"killed_by":"Colosseum Nobs","ascension_level":7}