{"gold_per_floor":[114,114,182,232,282,282,312,312,312,312,190,190,208,258,258,332,332,344,169,219,269,286,286,303,322,349,360,410,460,460,80,80,153,153,163,227,244,24,42,42,42,62,111,111,13,13,63,81,81,81],"floor_reached":50,"playtime":2186,"items_purged":["Strike_G"],"score":748,"play_id":"85913adb-839b-49b0-b07c-7671609cf60f","local_time":"20190430212737","is_ascension_mode":true,"campfire_choices":[{"data":"Neutralize","floor":6,"key":"SMITH"},{"data":"Crippling Poison","floor":8,"key":"SMITH"},{"data":"Cloak And Dagger","floor":10,"key":"SMITH"},{"floor":12,"key":"REST"},{"data":"Predator","floor":15,"key":"SMITH"},{"data":"Noxious Fumes","floor":23,"key":"SMITH"},{"floor":30,"key":"REST"},{"floor":32,"key":"REST"},{"data":"Terror","floor":40,"key":"SMITH"},{"data":"Noxious Fumes","floor":41,"key":"SMITH"},{"data":"PiercingWail","floor":44,"key":"SMITH"},{"data":"Terror","floor":46,"key":"SMITH"},{"floor":49,"key":"REST"}],"neow_cost":"NONE","seed_source_timestamp":319342183856237,"circlet_count":0,"master_deck":["AscendersBane","Defend_G","Defend_G","Defend_G","Defend_G","Defend_G","Strike_G","Strike_G","Strike_G","Survivor","Neutralize+1","Cloak And Dagger+1","Crippling Poison+1","Terror+1","Predator+1","Die Die Die+1","Noxious Fumes+1","Dagger Spray+1","Noxious Fumes+1","PiercingWail+1","Prepared","Noxious Fumes+1","Noxious Fumes+1","Accuracy+1","After Image+1","Noxious Fumes+1","Acrobatics+1","Terror+1","Backstab","Parasite","Backflip+1","Backstab+1","Tools of the Trade+1"],"relics":["Ring of the Snake","SsserpentHead","Tough Bandages","The Courier","Anchor","Pantograph","Sozu","Membership Card","Whetstone","Frozen Egg 2","Shuriken","Vajra","Bottled Tornado","WingedGreaves","Lee\u0027s Waffle","Bag of Marbles","Paper Crane"],"potions_floor_usage":[7],"damage_taken":[{"damage":4,"enemies":"Small Slimes","floor":1,"turns":5},{"damage":0,"enemies":"Cultist","floor":3,"turns":4},{"damage":54,"enemies":"Gremlin Nob","floor":7,"turns":7},{"damage":0,"enemies":"2 Louse","floor":13,"turns":2},{"damage":28,"enemies":"Hexaghost","floor":16,"turns":8},{"damage":1,"enemies":"Shell Parasite","floor":18,"turns":5},{"damage":16,"enemies":"Colosseum Slavers","floor":21,"turns":4},{"damage":10,"enemies":"3 Byrds","floor":22,"turns":3},{"damage":12,"enemies":"Cultist and Chosen","floor":24,"turns":5},{"damage":15,"enemies":"Snake Plant","floor":25,"turns":5},{"damage":6,"enemies":"Snecko","floor":27,"turns":4},{"damage":30,"enemies":"Collector","floor":33,"turns":7},{"damage":10,"enemies":"3 Darklings","floor":35,"turns":4},{"damage":2,"enemies":"3 Shapes","floor":36,"turns":5},{"damage":22,"enemies":"Transient","floor":37,"turns":5},{"damage":16,"enemies":"Writhing Mass","floor":39,"turns":6},{"damage":5,"enemies":"3 Darklings","floor":42,"turns":5},{"damage":0,"enemies":"Sphere and 2 Shapes","floor":48,"turns":4},{"damage":93,"enemies":"Awakened One","floor":50,"turns":11}],"seed_played":"-1662614036535014125","potions_obtained":[{"floor":3,"key":"Regen Potion"}],"is_trial":false,"path_per_floor":["M","?","M","?","?","R","E","R","T","R","$","R","M","?","R","B",null,"M","$","?","?","M","R","M","M","T","M","?","T","R","$","R","B",null,"M","M","M","$","M","R","R","M","T","R","$","R","?","M","R","B"],"character_chosen":"THE_SILENT","items_purchased":["Anchor","Membership Card","Dagger Spray","Noxious Fumes+1","Shuriken","Noxious Fumes+1","Accuracy+1","Vajra","Bottled Tornado","WingedGreaves","Lee\u0027s Waffle","Backstab","Paper Crane"],"campfire_rested":4,"item_purchase_floors":[11,19,19,31,31,31,31,31,31,38,38,38,45],"current_hp_per_floor":[59,59,59,59,59,59,20,20,20,20,20,41,41,41,41,38,62,61,61,61,45,35,35,23,8,8,2,2,2,23,23,44,39,62,52,50,28,77,61,61,61,56,56,56,56,56,56,56,77,0],"gold":81,"neow_bonus":"ONE_RANDOM_RARE_CARD","is_prod":false,"is_daily":false,"chose_seed":false,"campfire_upgraded":9,"win_rate":0,"timestamp":1556630857,"path_taken":["M","?","?","?","?","R","E","R","T","R","$","R","M","?","R","BOSS","M","$","?","?","M","R","M","M","T","M","?","?","R","$","R","BOSS","M","?","M","$","M","R","R","M","T","R","$","R","?","M","R","BOSS"],"build_version":"2019-01-23","purchased_purges":1,"victory":false,"max_hp_per_floor":[70,70,70,70,70,70,70,70,70,70,70,70,70,70,70,70,70,70,70,70,70,70,70,70,70,70,70,70,70,70,70,70,70,70,70,70,70,77,77,77,77,77,77,77,77,77,77,77,77,77],"card_choices":[{"not_picked":["Deadly Poison","Outmaneuver"],"picked":"Cloak And Dagger","floor":1},{"not_picked":["Dodge and Roll","Sucker Punch"],"picked":"Crippling Poison","floor":3},{"not_picked":["Quick Slash","Outmaneuver"],"picked":"Terror","floor":7},{"not_picked":["Dodge and Roll","Poisoned Stab"],"picked":"Predator","floor":13},{"not_picked":["Corpse Explosion","Burst"],"picked":"Die Die Die","floor":16},{"not_picked":["Cloak And Dagger","Blade Dance"],"picked":"Noxious Fumes","floor":18},{"not_picked":["Dagger Spray","Masterful Stab+1"],"picked":"PiercingWail","floor":22},{"not_picked":["Masterful Stab","Acrobatics","PiercingWail"],"picked":"SKIP","floor":24},{"not_picked":["Setup+1","Flying Knee"],"picked":"Prepared","floor":25},{"not_picked":["Sucker Punch","Flying Knee","Dagger Spray"],"picked":"SKIP","floor":27},{"not_picked":["Burst","Doppelganger"],"picked":"After Image+1","floor":33},{"not_picked":["Setup","Blur"],"picked":"Noxious Fumes+1","floor":35},{"not_picked":["Noxious Fumes+1","Dagger Spray+1"],"picked":"Acrobatics+1","floor":36},{"not_picked":["Underhanded Strike","Deadly Poison"],"picked":"Terror","floor":37},{"not_picked":["Deflect+1","Blur"],"picked":"Backflip+1","floor":39},{"not_picked":["Well Laid Plans+1","PiercingWail"],"picked":"Backstab+1","floor":42},{"not_picked":["Blade Dance","Deflect+1"],"picked":"Tools of the Trade+1","floor":48}],"player_experience":455076,"relics_obtained":[{"floor":7,"key":"Tough Bandages"},{"floor":9,"key":"The Courier"},{"floor":26,"key":"Whetstone"},{"floor":29,"key":"Frozen Egg 2"},{"floor":43,"key":"Bag of Marbles"}],"event_choices":[{"damage_healed":0,"gold_gain":0,"player_choice":"Trade","damage_taken":0,"relics_obtained":["SsserpentHead"],"max_hp_gain":0,"max_hp_loss":0,"event_name":"FaceTrader","floor":2,"gold_loss":0},{"damage_healed":0,"gold_gain":0,"player_choice":"Ignored","damage_taken":0,"max_hp_gain":0,"max_hp_loss":0,"event_name":"Liars Game","floor":4,"gold_loss":0},{"cards_removed":["Grand Finale"],"damage_healed":0,"gold_gain":0,"player_choice":"Forget","damage_taken":0,"max_hp_gain":0,"max_hp_loss":0,"event_name":"Living Wall","floor":5,"gold_loss":0},{"damage_healed":0,"gold_gain":0,"player_choice":"Searched \u00271\u0027 times","damage_taken":0,"relics_obtained":["Pantograph"],"max_hp_gain":0,"max_hp_loss":0,"event_name":"Dead Adventurer","floor":14,"gold_loss":0},{"damage_healed":0,"gold_gain":0,"player_choice":"Read","damage_taken":0,"max_hp_gain":0,"max_hp_loss":0,"event_name":"The Library","floor":20,"gold_loss":0,"cards_obtained":["Noxious Fumes"]},{"damage_healed":0,"gold_gain":0,"player_choice":"Fight","damage_taken":0,"max_hp_gain":0,"max_hp_loss":0,"event_name":"Colosseum","floor":21,"gold_loss":0},{"damage_healed":0,"gold_gain":0,"player_choice":"Fled From Nobs","damage_taken":0,"max_hp_gain":0,"max_hp_loss":0,"event_name":"Colosseum","floor":21,"gold_loss":0},{"damage_healed":0,"gold_gain":0,"player_choice":"Ignored","damage_taken":0,"max_hp_gain":0,"max_hp_loss":0,"event_name":"The Mausoleum","floor":28,"gold_loss":0},{"cards_removed":["Strike_G"],"damage_healed":0,"gold_gain":0,"player_choice":"Removed Attack","damage_taken":0,"max_hp_gain":0,"max_hp_loss":0,"event_name":"Falling","floor":47,"gold_loss":0}],"is_beta":false,"boss_relics":[{"not_picked":["Ectoplasm","Cursed Key"],"picked":"Sozu"},{"not_picked":["HoveringKite","Runic Dome","White Beast Statue"]}],"items_purged_floors":[31],"is_endless":false,"potions_floor_spawned":[3,22,25,33,36,37,39],"killed_by":"Awakened One","ascension_level":13}