{"gold_per_floor":[118,16,16,31,43,43,78,78,78,92,92,110,124,124],"floor_reached":14,"playtime":1364,"items_purged":[],"score":92,"play_id":"8f7d3d9a-7ea6-4e07-b608-8e588f6d5571","local_time":"20180704201227","is_ascension_mode":false,"campfire_choices":[{"data":"Hello World","floor":6,"key":"SMITH"},{"data":"Fission","floor":8,"key":"SMITH"}],"neow_cost":"NONE","seed_source_timestamp":327164331043876,"circlet_count":0,"master_deck":["Strike_B","Strike_B","Strike_B","Defend_B","Defend_B","Defend_B","Defend_B","Zap","Dualcast","Fission+1","Coolheaded","Hello World+1","Ball Lightning","Conserve Battery","Rebound","Lockon","Conserve Battery","Fusion","Leap"],"relics":["Cracked Core","Du-Vu Doll","Sundial"],"potions_floor_usage":[7,7,14],"damage_taken":[{"damage":0,"enemies":"Small Slimes","floor":1,"turns":2},{"damage":0,"enemies":"Cultist","floor":4,"turns":3},{"damage":9,"enemies":"Jaw Worm","floor":5,"turns":3},{"damage":21,"enemies":"3 Sentries","floor":7,"turns":5},{"damage":22,"enemies":"Lots of Slimes","floor":10,"turns":4},{"damage":7,"enemies":"3 Louse","floor":12,"turns":4},{"damage":3,"enemies":"Exordium Wildlife","floor":13,"turns":4},{"damage":8,"enemies":"Red Slaver","floor":14,"turns":1}],"seed_played":"4332996282521471611","potions_obtained":[{"floor":4,"key":"Explosive Potion"},{"floor":5,"key":"Ancient Potion"},{"floor":13,"key":"PowerPotion"}],"is_trial":false,"path_per_floor":["M","$","?","M","M","R","E","R","T","M","?","M","M"],"character_chosen":"DEFECT","items_purchased":["Hello World","Ball Lightning"],"campfire_rested":0,"item_purchase_floors":[2,2],"current_hp_per_floor":[75,75,75,75,66,66,45,45,45,23,16,9,6,0],"gold":124,"neow_bonus":"ONE_RANDOM_RARE_CARD","is_prod":false,"is_daily":false,"chose_seed":false,"campfire_upgraded":2,"win_rate":0.0,"timestamp":1530727947,"path_taken":["M","$","?","M","M","R","E","R","T","?","?","M","M","M"],"build_version":"2018-06-28","purchased_purges":0,"victory":false,"max_hp_per_floor":[75,75,75,75,75,75,75,75,75,75,75,75,75,75],"card_choices":[{"not_picked":["Heatsinks","Barrage"],"picked":"Coolheaded","floor":1},{"not_picked":["Hologram","Conserve Battery"],"picked":"Rebound","floor":4},{"not_picked":["Go for the Eyes","Streamline"],"picked":"Lockon","floor":5},{"not_picked":["Reboot","Coolheaded"],"picked":"Conserve Battery","floor":7},{"not_picked":["Scrape","Rebound"],"picked":"Fusion","floor":10},{"not_picked":["Beam Cell","Heatsinks","Rip and Tear"],"picked":"SKIP","floor":12},{"not_picked":["Glacier","Skim"],"picked":"Leap","floor":13}],"player_experience":39084,"relics_obtained":[{"floor":7,"key":"Du-Vu Doll"},{"floor":9,"key":"Sundial"}],"event_choices":[{"event_name":"Match and Keep!","player_choice":"1 cards matched","floor":3,"damage_taken":0},{"event_name":"Golden Wing","player_choice":"Card Removal","floor":11,"damage_taken":0}],"boss_relics":[],"items_purged_floors":[],"is_endless":false,"potions_floor_spawned":[4,5,13],"killed_by":"Red Slaver","ascension_level":0}