{"gold_per_floor":[109,109,109,209,233,233,104,137,164,179,179,79,95,95],"floor_reached":14,"playtime":574,"items_purged":["Strike_R","Strike_R"],"score":101,"play_id":"78e3ab3c-ead3-4d1d-8cd6-ccddabc7f7a5","local_time":"20190320191942","is_ascension_mode":true,"campfire_choices":[{"data":"Body Slam","floor":6,"key":"SMITH"},{"data":"Iron Wave","floor":11,"key":"SMITH"}],"neow_cost":"NONE","seed_source_timestamp":858478641502168,"circlet_count":0,"master_deck":["Strike_R","Strike_R+1","Strike_R+1","Defend_R","Defend_R","Defend_R","Defend_R","Bash","Body Slam+1","Metallicize","Injury","Iron Wave+1","Flex","Dual Wield"],"relics":["Burning Blood","Du-Vu Doll","Golden Idol","Whetstone","Boot"],"potions_floor_usage":[14,14],"damage_taken":[{"damage":4,"enemies":"2 Louse","floor":1,"turns":4},{"damage":6,"enemies":"Small Slimes","floor":5,"turns":5},{"damage":53,"enemies":"Gremlin Nob","floor":8,"turns":6},{"damage":3,"enemies":"Cultist","floor":10,"turns":4},{"damage":10,"enemies":"Lots of Slimes","floor":13,"turns":3},{"damage":14,"enemies":"3 Sentries","floor":14,"turns":3}],"seed_played":"-1432936526319093638","potions_obtained":[{"floor":5,"key":"LiquidBronze"},{"floor":8,"key":"SkillPotion"}],"is_trial":false,"path_per_floor":["M","?","?","?","M","R","$","E","T","M","R","$","M","E"],"character_chosen":"IRONCLAD","items_purchased":["Iron Wave"],"campfire_rested":0,"item_purchase_floors":[7],"current_hp_per_floor":[80,62,62,62,62,62,62,15,15,18,18,18,14,0],"gold":95,"neow_bonus":"THREE_CARDS","is_prod":false,"is_daily":false,"chose_seed":false,"campfire_upgraded":2,"win_rate":0,"timestamp":1553105982,"path_taken":["M","?","?","?","?","R","$","E","T","M","R","?","M","E"],"build_version":"2019-01-23","purchased_purges":2,"victory":false,"max_hp_per_floor":[80,80,80,80,80,80,80,80,80,80,80,80,80,80],"card_choices":[{"not_picked":["Wild Strike","Ghostly Armor"],"picked":"Body Slam","floor":0},{"not_picked":["Warcry","Perfected Strike"],"picked":"Metallicize","floor":1},{"not_picked":["Shockwave","Second Wind","Reckless Charge"],"picked":"SKIP","floor":5},{"not_picked":["Sever Soul","Clothesline"],"picked":"Flex","floor":8},{"not_picked":["Havoc","Wild Strike","Pommel Strike"],"picked":"SKIP","floor":10},{"not_picked":["Clash","Pommel Strike"],"picked":"Dual Wield","floor":13}],"player_experience":130081,"relics_obtained":[{"floor":8,"key":"Whetstone"},{"floor":9,"key":"Boot"}],"event_choices":[{"damage_healed":0,"gold_gain":0,"player_choice":"Success","damage_taken":18,"relics_obtained":["Du-Vu Doll"],"max_hp_gain":0,"max_hp_loss":0,"event_name":"Scrap Ooze","floor":2,"gold_loss":0},{"damage_healed":0,"gold_gain":0,"player_choice":"Take Wound","damage_taken":0,"relics_obtained":["Golden Idol"],"max_hp_gain":0,"max_hp_loss":0,"event_name":"Golden Idol","floor":3,"gold_loss":0,"cards_obtained":["Injury"]},{"damage_healed":0,"gold_gain":100,"player_choice":"Gold","damage_taken":0,"max_hp_gain":0,"max_hp_loss":0,"event_name":"Wheel of Change","floor":4,"gold_loss":0}],"is_beta":false,"boss_relics":[],"items_purged_floors":[7,12],"is_endless":false,"potions_floor_spawned":[5,8],"killed_by":"3 Sentries","ascension_level":3}