{"gold_per_floor":[366,383,154,154,229,260,260,277,324,175,175,175,193,68,68,68],"floor_reached":16,"playtime":791,"items_purged":["Defend_R","Strike_R","Strike_R"],"score":98,"play_id":"bcc61a61-da97-477f-a5dd-c1400ecbe72d","local_time":"20190222235707","is_ascension_mode":false,"campfire_choices":[{"floor":12,"key":"REST"},{"data":"Bash","floor":15,"key":"SMITH"}],"neow_cost":"TEN_PERCENT_HP_LOSS","seed_source_timestamp":558289157550449,"circlet_count":0,"master_deck":["Strike_R+1","Strike_R","Strike_R+1","Defend_R+1","Defend_R+1","Bash+1","Shrug It Off"],"relics":["Burning Blood","Juzu Bracelet","Potion Belt","Bronze Scales","War Paint"],"potions_floor_usage":[16],"damage_taken":[{"damage":6,"enemies":"2 Louse","floor":1,"turns":3},{"damage":6,"enemies":"Jaw Worm","floor":2,"turns":4},{"damage":28,"enemies":"Gremlin Nob","floor":6,"turns":4},{"damage":1,"enemies":"Cultist","floor":8,"turns":3},{"damage":4,"enemies":"Looter","floor":13,"turns":3},{"damage":46,"enemies":"Slime Boss","floor":16,"turns":11}],"seed_played":"-1469805597634846880","potions_obtained":[{"floor":2,"key":"Energy Potion"},{"floor":13,"key":"Energy Potion"}],"is_trial":false,"path_per_floor":["M","M","$","?","?","E","?","M","T","$","?","R","M","$","R","B"],"character_chosen":"IRONCLAD","items_purchased":["Juzu Bracelet","Shrug It Off"],"campfire_rested":1,"item_purchase_floors":[3,10],"current_hp_per_floor":[72,72,72,58,47,25,13,18,18,18,18,39,41,41,41,0],"gold":68,"neow_bonus":"TWO_FIFTY_GOLD","is_prod":false,"is_daily":false,"chose_seed":false,"campfire_upgraded":1,"win_rate":0,"timestamp":1550876227,"path_taken":["M","M","$","?","?","E","?","M","T","?","?","R","M","$","R","BOSS"],"build_version":"2019-01-23","purchased_purges":3,"victory":false,"max_hp_per_floor":[72,72,72,72,72,72,72,72,72,72,72,72,72,72,72,72],"card_choices":[{"not_picked":["Heavy Blade","Infernal Blade","Anger"],"picked":"SKIP","floor":1},{"not_picked":["Searing Blow","Entrench","Flex"],"picked":"SKIP","floor":2},{"not_picked":["Intimidate","Flex","Iron Wave"],"picked":"SKIP","floor":6},{"not_picked":["Heavy Blade","Rupture","Inflame"],"picked":"SKIP","floor":8},{"not_picked":["Inflame","Power Through","Battle Trance"],"picked":"SKIP","floor":13}],"player_experience":210820,"relics_obtained":[{"floor":6,"key":"Potion Belt"},{"floor":9,"key":"War Paint"}],"event_choices":[{"damage_healed":0,"gold_gain":0,"player_choice":"Entered Light","damage_taken":14,"max_hp_gain":0,"max_hp_loss":0,"event_name":"Shining Light","floor":4,"gold_loss":0,"cards_upgraded":["Strike_R","Strike_R"]},{"damage_healed":0,"gold_gain":75,"player_choice":"Gather Gold","damage_taken":11,"max_hp_gain":0,"max_hp_loss":0,"event_name":"World of Goop","floor":5,"gold_loss":0},{"damage_healed":0,"gold_gain":0,"player_choice":"Success","damage_taken":12,"relics_obtained":["Bronze Scales"],"max_hp_gain":0,"max_hp_loss":0,"event_name":"Scrap Ooze","floor":7,"gold_loss":0},{"cards_removed":["Defend_R"],"damage_healed":0,"gold_gain":0,"player_choice":"Forget","damage_taken":0,"max_hp_gain":0,"max_hp_loss":0,"event_name":"Living Wall","floor":11,"gold_loss":0}],"is_beta":false,"boss_relics":[],"items_purged_floors":[3,10,14],"is_endless":false,"potions_floor_spawned":[2,13],"killed_by":"Slime Boss","ascension_level":0}