{"gold_per_floor":[10,22,40,109,124,124,156,156,156,47,47,6,6,32,32,128,128,146,326,344,364,364,364,382,382,409,424,434,47,47,81,81,179,179,196,210,228,245,106,106,140,15,15,15,15,47,63,63,63,63,63,63,22,50,50],"floor_reached":55,"playtime":5517,"items_purged":["Strike_B","Parasite","Strike_B"],"score":1005,"play_id":"a412b636-7cfd-4fcc-be89-79890fe2dc28","local_time":"20190218221102","is_ascension_mode":true,"campfire_choices":[{"data":"Streamline","floor":6,"key":"SMITH"},{"data":"Buffer","floor":8,"key":"SMITH"},{"data":"Loop","floor":13,"key":"SMITH"},{"data":"Hello World","floor":15,"key":"SMITH"},{"data":"Zap","floor":23,"key":"SMITH"},{"floor":25,"key":"REST"},{"floor":30,"key":"REST"},{"floor":32,"key":"REST"},{"floor":40,"key":"REST"},{"data":"Creative AI","floor":45,"key":"SMITH"},{"floor":49,"key":"RECALL"},{"data":"Madness","floor":52,"key":"SMITH"}],"neow_cost":"NO_GOLD","seed_source_timestamp":201588155992636,"circlet_count":0,"master_deck":["Strike_B","Strike_B","Defend_B","Defend_B","Defend_B","Defend_B","Zap+1","Dualcast","Loop+1","Genetic Algorithm","Streamline+1","Genetic Algorithm","Buffer+1","Hello World+1","Loop","Electrodynamics","Hologram+1","Buffer","Defragment","Conserve Battery+1","Creative AI+1","Storm","Madness+1","Madness","Capacitor"],"relics":["Cracked Core","Mango","Singing Bowl","Mercury Hourglass","Ornamental Fan","Runic Pyramid","Orichalcum","Regal Pillow","PreservedInsect","Happy Flower","Busted Crown","Shuriken","Boot","Oddly Smooth Stone"],"potions_floor_usage":[7,27,33,47,54,54,55,55],"damage_taken":[{"damage":0,"enemies":"Small Slimes","floor":1,"turns":2},{"damage":7,"enemies":"Jaw Worm","floor":2,"turns":3},{"damage":1,"enemies":"2 Louse","floor":3,"turns":3},{"damage":22,"enemies":"Lots of Slimes","floor":5,"turns":3},{"damage":22,"enemies":"3 Sentries","floor":7,"turns":7},{"damage":0,"enemies":"Lagavulin","floor":14,"turns":5},{"damage":18,"enemies":"The Guardian","floor":16,"turns":9},{"damage":23,"enemies":"Shell Parasite","floor":18,"turns":5},{"damage":1,"enemies":"Chosen","floor":20,"turns":4},{"damage":0,"enemies":"Snecko","floor":21,"turns":5},{"damage":26,"enemies":"Shelled Parasite and Fungi","floor":24,"turns":7},{"damage":5,"enemies":"Centurion and Healer","floor":27,"turns":5},{"damage":30,"enemies":"Chosen and Byrds","floor":28,"turns":5},{"damage":36,"enemies":"Slavers","floor":31,"turns":4},{"damage":0,"enemies":"Collector","floor":33,"turns":11},{"damage":5,"enemies":"3 Shapes","floor":35,"turns":2},{"damage":1,"enemies":"Orb Walker","floor":36,"turns":3},{"damage":32,"enemies":"Writhing Mass","floor":37,"turns":8},{"damage":11,"enemies":"3 Darklings","floor":38,"turns":4},{"damage":0,"enemies":"Giant Head","floor":41,"turns":8},{"damage":0,"enemies":"Nemesis","floor":46,"turns":5},{"damage":8,"enemies":"Transient","floor":47,"turns":5},{"damage":67,"enemies":"Time Eater","floor":50,"turns":10},{"damage":38,"enemies":"Shield and Spear","floor":54,"turns":5},{"damage":78,"enemies":"The Heart","floor":55,"turns":8}],"seed_played":"-2304732586267751133","potions_obtained":[{"floor":2,"key":"Weak Potion"},{"floor":3,"key":"Swift Potion"},{"floor":5,"key":"Block Potion"},{"floor":7,"key":"LiquidBronze"},{"floor":20,"key":"PowerPotion"},{"floor":28,"key":"SkillPotion"},{"floor":35,"key":"EntropicBrew"}],"is_trial":false,"path_per_floor":["M","M","M","?","M","R","E","R","T","$","?","$","R","E","R","B",null,"M","?","M","M","?","R","M","R","T","M","M","$","R","E","R","B",null,"M","M","M","M","$","R","E","$","T","$","R","E","M","?","R","B",null,"R","$","E","B"],"character_chosen":"DEFECT","items_purchased":["Hello World","Loop","Defragment","Regal Pillow","PreservedInsect","Storm","Capacitor"],"campfire_rested":4,"item_purchase_floors":[10,12,29,29,29,39,53],"current_hp_per_floor":[89,82,81,81,59,59,37,37,37,37,59,59,59,61,61,43,91,68,41,42,44,44,44,20,49,49,44,16,16,60,24,68,68,99,96,97,67,58,58,104,106,106,106,106,106,108,102,88,88,21,110,110,110,74,0],"gold":50,"neow_bonus":"ONE_RARE_RELIC","is_prod":false,"is_daily":false,"chose_seed":false,"campfire_upgraded":7,"win_rate":0,"timestamp":1550524262,"path_taken":["M","M","M","?","M","R","E","R","T","$","?","?","R","E","R","BOSS","M","?","?","?","?","R","M","R","T","M","?","$","R","E","R","BOSS","M","M","M","M","$","R","E","?","T","?","R","E","M","?","R","BOSS","R","$","E","BOSS"],"build_version":"2019-01-23","purchased_purges":3,"victory":false,"max_hp_per_floor":[89,89,89,89,89,89,89,89,89,89,89,89,89,91,91,91,91,91,91,93,95,95,95,97,97,97,97,99,99,99,99,99,99,99,101,103,105,107,104,104,106,106,106,106,106,108,110,110,110,110,110,110,110,112,112],"card_choices":[{"not_picked":["Conserve Battery","Recycle"],"picked":"Loop","floor":1},{"not_picked":["Chill","Steam"],"picked":"Genetic Algorithm","floor":2},{"not_picked":["Glacier","Conserve Battery"],"picked":"Streamline","floor":3},{"not_picked":["Tempest","Double Energy"],"picked":"Genetic Algorithm","floor":5},{"not_picked":["Redo","Cold Snap"],"picked":"Buffer","floor":7},{"not_picked":["Barrage","Ball Lightning","Rebound"],"picked":"Singing Bowl","floor":14},{"not_picked":["Meteor Strike","All For One"],"picked":"Electrodynamics","floor":16},{"not_picked":["Lockon","Redo"],"picked":"Hologram","floor":18},{"not_picked":["Sweeping Beam","Gash","Genetic Algorithm"],"picked":"Singing Bowl","floor":20},{"not_picked":["Barrage+1","FTL","Sweeping Beam"],"picked":"Singing Bowl","floor":21},{"not_picked":["Cold Snap+1","Hologram","Compile Driver"],"picked":"Singing Bowl","floor":24},{"not_picked":["Rip and Tear","Redo"],"picked":"Buffer","floor":27},{"not_picked":["Streamline","Loop","Hologram"],"picked":"Singing Bowl","floor":28},{"not_picked":["Genetic Algorithm+1","Gash"],"picked":"Conserve Battery+1","floor":31},{"not_picked":["Core Surge","Echo Form"],"picked":"Creative AI","floor":33},{"not_picked":["Beam Cell+1"],"picked":"Singing Bowl","floor":35},{"not_picked":["Auto Shields"],"picked":"Singing Bowl","floor":36},{"not_picked":["Compile Driver"],"picked":"Singing Bowl","floor":37},{"not_picked":["Sweeping Beam+1"],"picked":"Singing Bowl","floor":38},{"not_picked":["Double Energy"],"picked":"Singing Bowl","floor":41},{"not_picked":["Beam Cell+1"],"picked":"Singing Bowl","floor":46},{"not_picked":["Leap"],"picked":"Singing Bowl","floor":47},{"not_picked":["Beam Cell"],"picked":"Singing Bowl","floor":54}],"player_experience":177382,"relics_obtained":[{"floor":7,"key":"Singing Bowl"},{"floor":9,"key":"Mercury Hourglass"},{"floor":14,"key":"Ornamental Fan"},{"floor":26,"key":"Orichalcum"},{"floor":31,"key":"Happy Flower"},{"floor":41,"key":"Shuriken"},{"floor":46,"key":"Boot"},{"floor":54,"key":"Oddly Smooth Stone"}],"event_choices":[{"damage_healed":0,"gold_gain":69,"player_choice":"Gained Gold","damage_taken":0,"max_hp_gain":0,"max_hp_loss":0,"event_name":"Golden Wing","floor":4,"gold_loss":0},{"damage_healed":22,"gold_gain":0,"player_choice":"Healed and dodged fight","damage_taken":0,"max_hp_gain":0,"max_hp_loss":0,"event_name":"Mushrooms","floor":11,"gold_loss":0,"cards_obtained":["Parasite"]},{"damage_healed":0,"gold_gain":180,"player_choice":"GOLD GOLD ","damage_taken":27,"max_hp_gain":0,"max_hp_loss":0,"event_name":"Knowing Skull","floor":19,"potions_obtained":[],"gold_loss":0,"cards_obtained":[]},{"damage_healed":0,"gold_gain":0,"player_choice":"Forge","damage_taken":0,"max_hp_gain":0,"max_hp_loss":0,"event_name":"Accursed Blacksmith","floor":22,"gold_loss":0,"cards_upgraded":["Hologram"]},{"damage_healed":0,"gold_gain":0,"player_choice":"Embrace Madness","damage_taken":14,"max_hp_gain":0,"max_hp_loss":0,"event_name":"Winding Halls","floor":48,"gold_loss":0,"cards_obtained":["Madness","Madness"]}],"is_beta":false,"boss_relics":[{"not_picked":["Fusion Hammer","Lizard Tail"],"picked":"Runic Pyramid"},{"not_picked":["Empty Cage","Black Star"],"picked":"Busted Crown"}],"items_purged_floors":[10,39,42],"is_endless":false,"potions_floor_spawned":[2,3,5,7,20,24,28,35,38,46],"killed_by":"The Heart","ascension_level":3}