{"gold_per_floor":[113,113,125,145,162,187,187,217,217,217,74,74,92,92,92,191,191,210,225,425,445,445,477,477,21,21,21,36,47,47,47,47,152,152,171,123,140,240,252,252],"floor_reached":40,"playtime":2862,"items_purged":["Injury"],"score":589,"play_id":"b5becabf-d1e8-4d2e-b272-1c2f2f1f344b","local_time":"20190225132943","is_ascension_mode":true,"campfire_choices":[{"data":"Fiend Fire","floor":7,"key":"SMITH"},{"data":"Dual Wield","floor":10,"key":"SMITH"},{"data":"Infernal Blade","floor":12,"key":"SMITH"},{"data":"Violence","floor":15,"key":"SMITH"},{"data":"Clash","floor":27,"key":"SMITH"},{"data":"Flex","floor":30,"key":"SMITH"},{"data":"Headbutt","floor":32,"key":"SMITH"}],"neow_cost":"CURSE","seed_source_timestamp":777789370430823,"circlet_count":0,"master_deck":["Strike_R","Strike_R","Strike_R","Strike_R","Strike_R","Defend_R","Defend_R","Defend_R","Defend_R","Bash+1","Dramatic Entrance","Violence+1","Clash+1","Headbutt+1","Dual Wield+1","Fiend Fire+1","Infernal Blade+1","Dropkick+1","Whirlwind+1","Immolate+1","Thunderclap+1","Dropkick+1","Flex+1","Reaper+1","Flex","Ghostly Armor+1","Power Through+1"],"relics":["Burning Blood","Gremlin Horn","Molten Egg 2","Singing Bowl","Philosopher\u0027s Stone","Matryoshka","Red Skull","FossilizedHelix","Meat on the Bone","Regal Pillow","Busted Crown","Dead Branch"],"potions_floor_usage":[],"damage_taken":[{"damage":12,"enemies":"Small Slimes","floor":1,"turns":3},{"damage":0,"enemies":"Cultist","floor":3,"turns":2},{"damage":3,"enemies":"2 Louse","floor":4,"turns":3},{"damage":1,"enemies":"Gremlin Gang","floor":5,"turns":3},{"damage":40,"enemies":"Gremlin Nob","floor":6,"turns":5},{"damage":25,"enemies":"3 Sentries","floor":8,"turns":7},{"damage":3,"enemies":"Blue Slaver","floor":13,"turns":2},{"damage":0,"enemies":"Slime Boss","floor":16,"turns":4},{"damage":0,"enemies":"3 Byrds","floor":18,"turns":3},{"damage":19,"enemies":"2 Thieves","floor":19,"turns":2},{"damage":0,"enemies":"Centurion and Healer","floor":21,"turns":2},{"damage":0,"enemies":"Gremlin Leader","floor":23,"turns":3},{"damage":0,"enemies":"Cultist and Chosen","floor":28,"turns":4},{"damage":40,"enemies":"Snake Plant","floor":29,"turns":3},{"damage":6,"enemies":"Collector","floor":33,"turns":5},{"damage":0,"enemies":"Orb Walker","floor":35,"turns":2},{"damage":0,"enemies":"3 Darklings","floor":37,"turns":3},{"damage":49,"enemies":"Mind Bloom Boss Battle","floor":38,"turns":5},{"damage":51,"enemies":"Writhing Mass","floor":39,"turns":4},{"damage":72,"enemies":"Nemesis","floor":40,"turns":7}],"seed_played":"2927560077387573214","potions_obtained":[{"floor":4,"key":"SpeedPotion"},{"floor":13,"key":"FearPotion"},{"floor":16,"key":"Strength Potion"},{"floor":19,"key":"Strength Potion"}],"is_trial":false,"path_per_floor":["M","?","M","M","M","E","R","E","T","R","$","R","M","$","R","B",null,"M","M","?","M","?","E","?","$","T","R","M","M","R","$","R","B",null,"M","$","M","?","M","E"],"character_chosen":"IRONCLAD","items_purchased":["Dropkick+1","Red Skull","FossilizedHelix","Flex"],"campfire_rested":0,"item_purchase_floors":[11,25,25,36],"current_hp_per_floor":[74,74,80,80,80,46,46,27,27,27,27,27,30,30,30,36,80,80,69,69,77,77,85,85,85,85,85,88,54,54,54,54,54,88,90,90,92,61,37,0],"gold":252,"neow_bonus":"RANDOM_COLORLESS_2","is_prod":false,"is_daily":false,"chose_seed":false,"campfire_upgraded":7,"win_rate":0,"timestamp":1551097783,"path_taken":["M","?","?","M","M","E","R","E","T","R","?","R","M","$","R","BOSS","M","M","?","?","?","E","?","$","T","R","M","M","R","?","R","BOSS","M","$","M","?","M","E"],"build_version":"2019-01-23","purchased_purges":1,"victory":false,"max_hp_per_floor":[80,80,80,80,80,80,80,80,80,80,80,80,80,80,80,80,80,80,82,82,84,84,86,86,86,86,86,88,88,88,88,88,88,88,90,90,92,92,92,92],"card_choices":[{"not_picked":["Havoc","Body Slam"],"picked":"Clash","floor":1},{"not_picked":["Wild Strike","Warcry","Power Through"],"picked":"SKIP","floor":3},{"not_picked":["Shrug It Off","Heavy Blade"],"picked":"Headbutt","floor":4},{"not_picked":["Warcry","Heavy Blade"],"picked":"Dual Wield","floor":5},{"not_picked":["Hemokinesis","Rage"],"picked":"Fiend Fire","floor":6},{"not_picked":["Pummel","Disarm"],"picked":"Infernal Blade","floor":8},{"not_picked":["Sentinel","Twin Strike+1"],"picked":"Whirlwind+1","floor":13},{"not_picked":["Barricade","Limit Break"],"picked":"Immolate+1","floor":16},{"not_picked":["Iron Wave+1","Reckless Charge+1"],"picked":"Thunderclap+1","floor":18},{"not_picked":["Evolve+1","Twin Strike+1","Armaments"],"picked":"Singing Bowl","floor":19},{"not_picked":["Combust","Pummel+1","Wild Strike+1"],"picked":"Singing Bowl","floor":21},{"not_picked":["Shrug It Off+1","Seeing Red","Entrench"],"picked":"Singing Bowl","floor":23},{"not_picked":["Body Slam+1","Dark Embrace","Shrug It Off"],"picked":"Singing Bowl","floor":28},{"not_picked":["Infernal Blade","Warcry"],"picked":"Flex","floor":29},{"not_picked":["Feed+1","Impervious"],"picked":"Reaper+1","floor":33},{"not_picked":["Rage+1"],"picked":"Singing Bowl","floor":35},{"not_picked":["Anger+1"],"picked":"Singing Bowl","floor":37},{"not_picked":[],"picked":"Ghostly Armor+1","floor":38},{"not_picked":[],"picked":"Power Through+1","floor":39}],"player_experience":228659,"relics_obtained":[{"floor":6,"key":"Gremlin Horn"},{"floor":8,"key":"Molten Egg 2"},{"floor":9,"key":"Singing Bowl"},{"floor":23,"key":"Matryoshka"},{"floor":26,"key":"Meat on the Bone"},{"floor":26,"key":"Regal Pillow"},{"floor":38,"key":"Dead Branch"}],"event_choices":[{"damage_healed":0,"gold_gain":0,"player_choice":"Upgraded","damage_taken":0,"max_hp_gain":0,"max_hp_loss":0,"event_name":"Upgrade Shrine","floor":2,"gold_loss":0,"cards_upgraded":["Bash"]},{"damage_healed":0,"gold_gain":250,"player_choice":"Bet on Owner","damage_taken":0,"max_hp_gain":0,"max_hp_loss":0,"event_name":"The Joust","floor":20,"gold_loss":50},{"damage_healed":0,"gold_gain":0,"player_choice":"Ignored","damage_taken":0,"max_hp_gain":0,"max_hp_loss":0,"event_name":"Vampires","floor":22,"gold_loss":0},{"damage_healed":0,"gold_gain":0,"player_choice":"Read","damage_taken":0,"max_hp_gain":0,"max_hp_loss":0,"event_name":"The Library","floor":24,"gold_loss":0,"cards_obtained":["Dropkick"]},{"damage_healed":0,"gold_gain":0,"player_choice":"Fight","damage_taken":0,"max_hp_gain":0,"max_hp_loss":0,"event_name":"MindBloom","floor":38,"gold_loss":0}],"is_beta":false,"boss_relics":[{"not_picked":["Runic Cube","White Beast Statue"],"picked":"Philosopher\u0027s Stone"},{"not_picked":["Snecko Eye","Mark of Pain"],"picked":"Busted Crown"}],"items_purged_floors":[11],"is_endless":false,"potions_floor_spawned":[4,13,16,19,21,23,37,38],"killed_by":"Nemesis","ascension_level":4}