{"gold_per_floor":[113,128,128,128,53,87,87,122,145,225,246,246,267,267],"floor_reached":14,"playtime":785,"items_purged":["Strike_B"],"score":103,"play_id":"64f2ecfa-7089-4a41-ac21-fd836dac7a77","local_time":"20180908185003","is_ascension_mode":true,"campfire_choices":[{"data":"Zap","floor":7,"key":"SMITH"}],"neow_cost":"","seed_source_timestamp":110510326318279,"circlet_count":0,"master_deck":["Strike_B","Strike_B","Strike_B+1","Defend_B","Defend_B","Defend_B","Defend_B","Zap+1","Dualcast","Go for the Eyes","Melter","Skim","Streamline+1","Zap"],"relics":["Cracked Core","Golden Idol","Strawberry","Dead Branch","Whetstone","Gambling Chip"],"potions_floor_usage":[6,10],"damage_taken":[{"damage":1,"enemies":"Cultist","floor":1,"turns":3},{"damage":1,"enemies":"Jaw Worm","floor":2,"turns":3},{"damage":22,"enemies":"3 Sentries","floor":6,"turns":5},{"damage":21,"enemies":"Lagavulin","floor":8,"turns":5},{"damage":18,"enemies":"Lagavulin Event","floor":10,"turns":5},{"damage":0,"enemies":"2 Louse","floor":11,"turns":2},{"damage":0,"enemies":"Large Slime","floor":13,"turns":3},{"damage":17,"enemies":"Gremlin Gang","floor":14,"turns":2}],"seed_played":"8673148314435859344","potions_obtained":[{"floor":1,"key":"Explosive Potion"},{"floor":8,"key":"Poison Potion"},{"floor":10,"key":"EssenceOfSteel"},{"floor":13,"key":"SpeedPotion"}],"is_trial":false,"path_per_floor":["M","M","?","?","$","E","R","E","T","?","M","?","M"],"character_chosen":"DEFECT","items_purchased":[],"campfire_rested":0,"item_purchase_floors":[],"current_hp_per_floor":[74,73,73,69,69,54,54,33,33,15,15,15,15,0],"gold":267,"neow_bonus":"","is_prod":false,"is_daily":false,"chose_seed":false,"campfire_upgraded":1,"win_rate":0,"timestamp":1536425403,"path_taken":["M","?","?","?","$","E","R","E","T","?","M","?","M","?"],"build_version":"2018-09-06","purchased_purges":1,"victory":false,"max_hp_per_floor":[75,75,75,69,69,76,76,76,76,76,76,76,76,76],"card_choices":[{"not_picked":["Glacier","Consume"],"picked":"Go for the Eyes","floor":1},{"not_picked":["Chaos","Genetic Algorithm"],"picked":"Melter","floor":2},{"not_picked":["Cold Snap","Lockon","Streamline"],"picked":"SKIP","floor":6},{"not_picked":["Turbo","Biased Cognition","Doom and Gloom"],"picked":"SKIP","floor":8},{"not_picked":["Coolheaded","Heatsinks","Beam Cell"],"picked":"SKIP","floor":11},{"not_picked":["Loop","Blizzard","Storm"],"picked":"SKIP","floor":13}],"player_experience":100278,"relics_obtained":[{"floor":6,"key":"Strawberry"},{"floor":8,"key":"Dead Branch"},{"floor":9,"key":"Whetstone"},{"floor":10,"key":"Gambling Chip"}],"event_choices":[{"event_name":"Match and Keep!","player_choice":"3 cards matched","floor":3,"damage_taken":0},{"event_name":"Golden Idol","player_choice":"Lose Max HP","floor":4,"damage_taken":0},{"event_name":"Dead Adventurer","player_choice":"Searched \u00271\u0027 times","floor":10,"damage_taken":0},{"event_name":"Shining Light","player_choice":"Ignored","floor":12,"damage_taken":0}],"is_beta":false,"boss_relics":[],"items_purged_floors":[5],"is_endless":false,"potions_floor_spawned":[1,8,10,13],"killed_by":"Gremlin Gang","ascension_level":1}