{"gold_per_floor":[110,123,74,92,92,125,125,156,156,156,191,209,225,84,84,189,189,203,183,200,200,216,216,233,233,233,233,264,264,264,276,276,373,373,383,0,19,36,36,36,53,53,79,94,6,6,19,19,19,19],"floor_reached":51,"playtime":2290,"items_purged":[],"score":1038,"play_id":"eace2fcd-0665-4209-a505-0d03903e8902","local_time":"20180926013851","is_ascension_mode":true,"campfire_choices":[{"data":"Dualcast","floor":7.0,"key":"SMITH"},{"data":"1","floor":10.0,"key":"LIFT"},{"floor":15.0,"key":"REST"},{"floor":23.0,"key":"REST"},{"floor":27.0,"key":"REST"},{"floor":32,"key":"REST"},{"data":"2","floor":40,"key":"LIFT"},{"data":"3","floor":42,"key":"LIFT"},{"data":"Biased Cognition","floor":46,"key":"SMITH"},{"data":"Loop","floor":49,"key":"SMITH"}],"neow_cost":"NONE","seed_source_timestamp":128001203879016,"circlet_count":0,"master_deck":["Strike_B","Strike_B","Strike_B","Defend_B","Defend_B","Defend_B","Defend_B","Zap+1","Dualcast+1","Barrage","Go for the Eyes","Cold Snap","White Noise","Chaos","Ball Lightning","Compile Driver","White Noise","Consume","Fission","Sunder","Auto Shields","Biased Cognition+1","Sunder","Undo+1","Loop","Coolheaded","Defragment+1","Loop+1","Ball Lightning","Cold Snap+1","Leap+1","Electrodynamics","Capacitor+1","Cold Snap+1","Reinforced Body+1","Reinforced Body+1","Capacitor+1","Glacier","Loop+1"],"special_seed":0,"relics":["Cracked Core","Prayer Wheel","Bottled Lightning","Girya","Matryoshka","Velvet Choker","Mummified Hand","Meat on the Bone","Happy Flower","Coffee Dripper","Red Mask","Kunai","Bag of Preparation"],"potions_floor_usage":[28,28,33,38,50,50],"damage_taken":[{"damage":2.0,"enemies":"Jaw Worm","floor":1.0,"turns":3.0},{"damage":1.0,"enemies":"Cultist","floor":2.0,"turns":3.0},{"damage":0.0,"enemies":"2 Louse","floor":4.0,"turns":2.0},{"damage":8.0,"enemies":"Gremlin Nob","floor":6.0,"turns":3.0},{"damage":0.0,"enemies":"Lagavulin","floor":8.0,"turns":5.0},{"damage":21.0,"enemies":"Gremlin Nob","floor":11.0,"turns":4.0},{"damage":12.0,"enemies":"Lots of Slimes","floor":12.0,"turns":3.0},{"damage":15.0,"enemies":"3 Louse","floor":13.0,"turns":3.0},{"damage":16.0,"enemies":"Hexaghost","floor":16.0,"turns":9.0},{"damage":0.0,"enemies":"3 Byrds","floor":18.0,"turns":2.0},{"damage":8.0,"enemies":"Chosen","floor":20.0,"turns":3.0},{"damage":0.0,"enemies":"Snake Plant","floor":21.0,"turns":1.0},{"damage":15.0,"enemies":"3 Cultists","floor":22.0,"turns":5.0},{"damage":12.0,"enemies":"Snecko","floor":24.0,"turns":5.0},{"damage":32,"enemies":"Slavers","floor":28,"turns":4},{"damage":24,"enemies":"Colosseum Slavers","floor":30,"turns":3},{"damage":12,"enemies":"Snake Plant","floor":31,"turns":4},{"damage":35,"enemies":"Automaton","floor":33,"turns":10},{"damage":21,"enemies":"Orb Walker","floor":35,"turns":4},{"damage":18,"enemies":"3 Darklings","floor":37,"turns":3},{"damage":25,"enemies":"Transient","floor":38,"turns":5},{"damage":11,"enemies":"Maw","floor":41,"turns":7},{"damage":12,"enemies":"Reptomancer","floor":44,"turns":5},{"damage":21,"enemies":"3 Darklings","floor":47,"turns":5},{"damage":7,"enemies":"Awakened One","floor":50,"turns":14}],"seed_played":"3491396598388625409","potions_obtained":[{"floor":1.0,"key":"Poison Potion"},{"floor":4.0,"key":"AttackPotion"},{"floor":8.0,"key":"AttackPotion"},{"floor":12.0,"key":"SmokeBomb"},{"floor":16.0,"key":"Dexterity Potion"},{"floor":18.0,"key":"Poison Potion"},{"floor":22.0,"key":"EssenceOfSteel"},{"floor":28,"key":"AttackPotion"},{"floor":37,"key":"Poison Potion"},{"floor":41,"key":"Energy Potion"},{"floor":47,"key":"Poison Potion"}],"is_trial":false,"path_per_floor":["M","M","$","M","?","E","R","E","T","R","E","M","M","$","R","B",null,"M","?","M","M","M","R","M","?","T","R","E","?","?","M","R","B",null,"M","?","M","M","?","R","M","R","T","M","$","R","M","?","R","B"],"character_chosen":"DEFECT","items_purchased":["Cold Snap","Sunder","Auto Shields","Glacier","Dexterity Potion"],"campfire_rested":4,"item_purchase_floors":[3,14,14,45,45],"current_hp_per_floor":[66,65,65,65,65,57,57,57,57,57,36,24,9,9,31,22,62,62,62,54,54,39,61,49,35,35,59,39,39,27,27,51,28,67,53,53,47,34,34,34,35,35,35,35,35,35,26,70,70,63],"gold":19,"neow_bonus":"UPGRADE_CARD","is_prod":false,"is_daily":false,"chose_seed":false,"campfire_upgraded":3,"win_rate":0,"timestamp":1537897131,"path_taken":["M","M","$","M","?","E","R","E","T","R","E","M","?","$","R","BOSS","M","?","M","M","M","R","M","?","T","R","E","?","?","M","R","BOSS","M","?","?","?","?","R","M","R","T","M","$","R","M","?","R","BOSS"],"build_version":"2018-09-20","purchased_purges":0,"victory":true,"max_hp_per_floor":[75,75,75,75,75,75,75,75,75,75,75,75,75,75,75,75,75,75,75,75,75,75,75,75,80,80,80,80,80,80,80,80,80,80,80,80,80,80,80,80,80,80,80,80,80,80,80,70,70,70],"card_choices":[{"not_picked":["Melter","Gash"],"picked":"Barrage","floor":1.0},{"not_picked":["Streamline","Skim"],"picked":"Go for the Eyes","floor":2.0},{"not_picked":["Beam Cell","Gash"],"picked":"White Noise","floor":4.0},{"not_picked":["Melter","Rebound"],"picked":"Ball Lightning","floor":6.0},{"not_picked":["Reprogram","Scrape"],"picked":"Compile Driver","floor":8.0},{"not_picked":["Barrage","Go for the Eyes"],"picked":"White Noise","floor":11.0},{"not_picked":["Go for the Eyes","Ball Lightning"],"picked":"Consume","floor":12.0},{"not_picked":["Sweeping Beam","Compile Driver","Redo"],"picked":"SKIP","floor":12.0},{"not_picked":["Barrage","Skim"],"picked":"Fission","floor":13.0},{"not_picked":["Redo","Tempest","Barrage"],"picked":"SKIP","floor":13.0},{"not_picked":["Machine Learning","Core Surge"],"picked":"Biased Cognition","floor":16.0},{"not_picked":["Fusion","Hologram+1"],"picked":"Sunder","floor":18.0},{"not_picked":["Doom and Gloom","Stack"],"picked":"Undo+1","floor":18.0},{"not_picked":["Redo","Barrage"],"picked":"Loop","floor":20.0},{"not_picked":["Go for the Eyes","Force Field"],"picked":"Coolheaded","floor":20.0},{"not_picked":["Barrage","Sunder"],"picked":"Defragment","floor":22.0},{"not_picked":["Steam+1","Lockon"],"picked":"Loop","floor":22.0},{"not_picked":["Recycle","Coolheaded"],"picked":"Ball Lightning","floor":24.0},{"not_picked":["Reprogram","Rainbow"],"picked":"Cold Snap+1","floor":24.0},{"not_picked":["Force Field","Sweeping Beam"],"picked":"Leap+1","floor":28},{"not_picked":["Undo","Coolheaded","Force Field"],"picked":"SKIP","floor":31},{"not_picked":["Hologram","Stack","Streamline"],"picked":"SKIP","floor":31},{"not_picked":["Core Surge","Amplify"],"picked":"Electrodynamics","floor":33},{"not_picked":["Loop+1","Go for the Eyes+1"],"picked":"Capacitor+1","floor":35},{"not_picked":["White Noise","Rip and Tear"],"picked":"Cold Snap+1","floor":35},{"not_picked":["Redo","Compile Driver+1"],"picked":"Reinforced Body+1","floor":37},{"not_picked":["Rebound+1","Storm","Doom and Gloom+1"],"picked":"SKIP","floor":37},{"not_picked":["Sunder","Reprogram+1"],"picked":"Reinforced Body+1","floor":38},{"not_picked":["Turbo","Recycle+1"],"picked":"Capacitor+1","floor":38},{"not_picked":["Ball Lightning","Force Field","Blizzard"],"picked":"SKIP","floor":41},{"not_picked":["Cold Snap","Reprogram+1","Beam Cell+1"],"picked":"SKIP","floor":41},{"not_picked":["Redo+1","Gash+1","Machine Learning"],"picked":"SKIP","floor":44},{"not_picked":["Doom and Gloom","Reprogram","Aggregate"],"picked":"SKIP","floor":44},{"not_picked":["Redo","Compile Driver"],"picked":"Loop+1","floor":47},{"not_picked":["Doom and Gloom","Sweeping Beam+1","Darkness+1"],"picked":"SKIP","floor":47}],"player_experience":327216,"relics_obtained":[{"floor":6.0,"key":"Prayer Wheel"},{"floor":8.0,"key":"Bottled Lightning"},{"floor":9.0,"key":"Girya"},{"floor":11.0,"key":"Matryoshka"},{"floor":26.0,"key":"Mummified Hand"},{"floor":26.0,"key":"Meat on the Bone"},{"floor":28,"key":"Happy Flower"},{"floor":43,"key":"Kunai"},{"floor":43,"key":"Bag of Preparation"}],"event_choices":[{"event_name":"Transmorgrifier","player_choice":"Transform","floor":5.0,"damage_taken":0.0},{"event_name":"The Woman in Blue","player_choice":"Bought 1 Potion","floor":19.0,"damage_taken":0.0},{"event_name":"Forgotten Altar","player_choice":"Shed Blood","floor":25.0,"damage_taken":0.0},{"event_name":"Ghosts","player_choice":"Ignored","floor":29,"damage_taken":0},{"event_name":"Colosseum","player_choice":"Fight","floor":30,"damage_taken":0},{"event_name":"Colosseum","player_choice":"Fled From Nobs","floor":30,"damage_taken":0},{"event_name":"Tomb of Lord Red Mask","player_choice":"Paid","floor":36,"damage_taken":0},{"event_name":"Accursed Blacksmith","player_choice":"Forge","floor":39,"damage_taken":0},{"event_name":"The Moai Head","player_choice":"Heal","floor":48,"damage_taken":0}],"is_beta":false,"boss_relics":[{"not_picked":["Philosopher\u0027s Stone","Pandora\u0027s Box"],"picked":"Velvet Choker"},{"not_picked":["Calling Bell","Black Star"],"picked":"Coffee Dripper"}],"items_purged_floors":[],"is_endless":false,"potions_floor_spawned":[1,4,8,12,16,18,21,22,28,37,41,47],"ascension_level":9}