{"gold_per_floor":[115,115,92,42,42,74,74,85,137,137,156,188,212,232,232,334,334,349,349,142,142,142,171,197,223,223,251,267,301,44,126,126,223,223,236,236,250,250,2,2,17,17,62,73,100,118,118,134,134,134],"floor_reached":51,"playtime":2007,"items_purged":["Strike_R","Strike_R"],"score":937,"play_id":"121bba6d-7a4f-42be-902f-5ea4c1613a62","local_time":"20180913162453","is_ascension_mode":true,"campfire_choices":[{"data":"True Grit","floor":7,"key":"SMITH"},{"data":"Whirlwind","floor":15,"key":"SMITH"},{"floor":32,"key":"REST"},{"floor":40,"key":"REST"},{"floor":47,"key":"REST"},{"floor":49,"key":"REST"}],"neow_cost":"NONE","seed_source_timestamp":532574621132675,"circlet_count":0,"master_deck":["Strike_R+1","Defend_R","Defend_R","Defend_R","Bash+1","Whirlwind+1","True Grit+1","Iron Wave+1","Carnage+1","Flex","Ghostly Armor","Double Tap","Rampage+1","Disarm+1","Inflame+1","Disarm+1","Shrug It Off+1"],"relics":["Burning Blood","NeowsBlessing","Charon\u0027s Ashes","Blood Vial","Bag of Preparation","Pen Nib","Art of War","Mark of Pain","MutagenicStrength","Sling","Smiling Mask","Boot","Red Mask","Du-Vu Doll","Bottled Flame","StoneCalendar","Paper Frog","ClockworkSouvenir","Ornamental Fan","Fusion Hammer","Regal Pillow","Lantern","Whetstone"],"potions_floor_usage":[12,16,23,33,33,45,50,50,50],"damage_taken":[{"damage":0,"enemies":"Small Slimes","floor":1,"turns":1},{"damage":0,"enemies":"3 Sentries","floor":6,"turns":1},{"damage":0,"enemies":"2 Louse","floor":8,"turns":1},{"damage":0,"enemies":"Cultist","floor":11,"turns":3},{"damage":23,"enemies":"Gremlin Nob","floor":12,"turns":4},{"damage":6,"enemies":"Exordium Thugs","floor":14,"turns":4},{"damage":47,"enemies":"The Guardian","floor":16,"turns":8},{"damage":16,"enemies":"Shell Parasite","floor":18,"turns":4},{"damage":27,"enemies":"Gremlin Leader","floor":23,"turns":4},{"damage":0,"enemies":"Masked Bandits","floor":24,"turns":1},{"damage":19,"enemies":"Book of Stabbing","floor":25,"turns":5},{"damage":0,"enemies":"Slavers","floor":27,"turns":1},{"damage":16,"enemies":"Spheric Guardian","floor":28,"turns":4},{"damage":0,"enemies":"Gremlin Leader","floor":29,"turns":4},{"damage":35,"enemies":"Automaton","floor":33,"turns":8},{"damage":0,"enemies":"3 Darklings","floor":35,"turns":1},{"damage":13,"enemies":"3 Shapes","floor":37,"turns":4},{"damage":0,"enemies":"3 Darklings","floor":41,"turns":1},{"damage":0,"enemies":"Transient","floor":44,"turns":5},{"damage":16,"enemies":"Nemesis","floor":45,"turns":3},{"damage":33,"enemies":"Spire Growth","floor":46,"turns":5},{"damage":0,"enemies":"Maw","floor":48,"turns":6},{"damage":61,"enemies":"Awakened One","floor":50,"turns":6}],"seed_played":"-1256419852301190440","potions_obtained":[{"floor":8,"key":"Ancient Potion"},{"floor":11,"key":"PowerPotion"},{"floor":12,"key":"SkillPotion"},{"floor":18,"key":"Explosive Potion"},{"floor":23,"key":"Poison Potion"},{"floor":24,"key":"Regen Potion"},{"floor":28,"key":"Block Potion"},{"floor":33,"key":"AttackPotion"},{"floor":46,"key":"LiquidBronze"}],"is_trial":false,"path_per_floor":["M","?","$","?","?","E","R","M","T","?","M","E","T","M","R","B",null,"M","?","$","?","?","E","?","E","T","E","M","E","$","T","R","B",null,"M","?","M","?","$","R","M","?","T","M","E","M","R","M","R","B"],"character_chosen":"IRONCLAD","items_purchased":["True Grit","Sling","ClockworkSouvenir","Regal Pillow","Poison Potion"],"campfire_rested":4,"item_purchase_floors":[3,20,30,39,39],"current_hp_per_floor":[80,77,77,77,61,67,67,75,75,68,76,61,61,63,63,24,80,70,70,70,70,55,36,44,33,33,41,33,41,41,41,66,48,85,85,81,74,74,74,81,81,81,81,81,71,46,81,81,81,26],"gold":134,"neow_bonus":"THREE_ENEMY_KILL","is_prod":false,"is_daily":false,"chose_seed":false,"campfire_upgraded":2,"win_rate":0,"timestamp":1536848693,"path_taken":["M","?","?","?","?","E","R","?","T","?","M","E","?","M","R","BOSS","M","?","$","?","?","E","?","E","T","E","M","E","$","?","R","BOSS","M","?","M","?","$","R","M","?","T","M","E","M","R","M","R","BOSS"],"build_version":"2018-09-06","purchased_purges":2,"victory":true,"max_hp_per_floor":[80,80,80,80,80,80,80,80,80,80,80,80,80,80,80,80,80,80,80,80,80,85,85,85,85,85,85,85,85,85,85,85,85,85,85,81,81,81,81,81,81,81,81,81,81,81,81,81,81,81],"card_choices":[{"not_picked":["Clash","Pummel"],"picked":"Whirlwind","floor":1},{"not_picked":["Whirlwind","Armaments","Feed"],"picked":"SKIP","floor":6},{"not_picked":["True Grit","Fire Breathing"],"picked":"Iron Wave","floor":8},{"not_picked":["Flex","Spot Weakness"],"picked":"Carnage","floor":11},{"not_picked":["Metallicize","Warcry"],"picked":"Flex","floor":12},{"not_picked":["Second Wind","Flame Barrier"],"picked":"Ghostly Armor","floor":14},{"not_picked":["Offering","Limit Break"],"picked":"Double Tap","floor":16},{"not_picked":["Pommel Strike","Infernal Blade"],"picked":"Rampage+1","floor":18},{"not_picked":["Anger+1","Body Slam"],"picked":"Disarm+1","floor":23},{"not_picked":["Reckless Charge","True Grit+1","Rampage"],"picked":"SKIP","floor":25},{"not_picked":["Heavy Blade+1","Pummel","Dropkick"],"picked":"SKIP","floor":27},{"not_picked":["Clash+1","Perfected Strike+1"],"picked":"Inflame+1","floor":28},{"not_picked":["Seeing Red","Ghostly Armor","Bludgeon"],"picked":"SKIP","floor":29},{"not_picked":["Ghostly Armor","Heavy Blade","Combust+1"],"picked":"SKIP","floor":35},{"not_picked":["Havoc+1","Cleave","Power Through+1"],"picked":"SKIP","floor":37},{"not_picked":["Iron Wave","Headbutt"],"picked":"Shrug It Off+1","floor":41},{"not_picked":["Headbutt","Shockwave+1","Second Wind+1"],"picked":"SKIP","floor":44},{"not_picked":["Barricade","Immolate","Anger"],"picked":"SKIP","floor":45},{"not_picked":["Metallicize","Battle Trance","Combust+1"],"picked":"SKIP","floor":46},{"not_picked":["Armaments","Shrug It Off+1","True Grit"],"picked":"SKIP","floor":48}],"player_experience":115419,"relics_obtained":[{"floor":6,"key":"Blood Vial"},{"floor":9,"key":"Bag of Preparation"},{"floor":12,"key":"Pen Nib"},{"floor":13,"key":"Art of War"},{"floor":23,"key":"Boot"},{"floor":24,"key":"Red Mask"},{"floor":25,"key":"Du-Vu Doll"},{"floor":26,"key":"Bottled Flame"},{"floor":27,"key":"StoneCalendar"},{"floor":29,"key":"Paper Frog"},{"floor":31,"key":"Ornamental Fan"},{"floor":43,"key":"Lantern"},{"floor":45,"key":"Whetstone"}],"event_choices":[{"event_name":"Scrap Ooze","player_choice":"success","floor":2,"damage_taken":3},{"event_name":"The Cleric","player_choice":"Card Removal","floor":4,"damage_taken":0},{"event_name":"Shining Light","player_choice":"Entered Light","floor":5,"damage_taken":0},{"event_name":"Golden Wing","player_choice":"Card Removal","floor":10,"damage_taken":0},{"event_name":"Drug Dealer","player_choice":"Inject Mutagens","floor":19,"damage_taken":0},{"event_name":"The Mausoleum","player_choice":"Yes","floor":21,"damage_taken":0},{"event_name":"Forgotten Altar","player_choice":"Shed Blood","floor":22,"damage_taken":0},{"event_name":"Masked Bandits","player_choice":"Fought Bandits","floor":24,"damage_taken":0},{"event_name":"Winding Halls","player_choice":"Max HP","floor":36,"damage_taken":0},{"event_name":"Duplicator","player_choice":"One dupe","floor":38,"damage_taken":0},{"event_name":"Wheel of Change","player_choice":"Card Removal","floor":42,"damage_taken":0}],"is_beta":false,"boss_relics":[{"not_picked":["Snecko Eye","Runic Dome"],"picked":"Mark of Pain"},{"not_picked":["Tiny House","Coffee Dripper"],"picked":"Fusion Hammer"}],"items_purged_floors":[30,39],"is_endless":false,"potions_floor_spawned":[8,11,12,18,23,24,28,33,41,46],"ascension_level":2}