{"gold_per_floor":[110,35,110,110,110,110,141,141,164,198,198,198,217,229,229,229],"floor_reached":16,"playtime":643,"items_purged":["Strike_R"],"score":143,"play_id":"d81da01b-e018-4f2e-a064-56bd7d4f39d8","local_time":"20190109180731","is_ascension_mode":true,"campfire_choices":[{"data":"Armaments","floor":6.0,"key":"SMITH"},{"data":"Berserk","floor":8.0,"key":"SMITH"},{"floor":12.0,"key":"REST"},{"data":"Entrench","floor":15,"key":"SMITH"}],"neow_cost":"NONE","seed_source_timestamp":0,"circlet_count":0,"master_deck":["Strike_R","Strike_R","Strike_R","Defend_R+1","Defend_R","Defend_R+1","Bash","Berserk+1","Armaments+1","Inflame","Headbutt","Pommel Strike","Entrench+1"],"special_seed":0,"relics":["Burning Blood","WingedGreaves","War Paint","Red Skull"],"potions_floor_usage":[16],"damage_taken":[{"damage":4.0,"enemies":"Small Slimes","floor":1.0,"turns":4.0},{"damage":25.0,"enemies":"Lagavulin","floor":7.0,"turns":7.0},{"damage":25.0,"enemies":"Gremlin Nob","floor":10.0,"turns":4.0},{"damage":7.0,"enemies":"2 Louse","floor":13.0,"turns":3.0},{"damage":1,"enemies":"Cultist","floor":14,"turns":4},{"damage":61,"enemies":"Slime Boss","floor":16,"turns":7}],"seed_played":"790806256734864920","potions_obtained":[{"floor":11.0,"key":"Fruit Juice"},{"floor":11.0,"key":"FearPotion"},{"floor":11.0,"key":"Strength Potion"},{"floor":13.0,"key":"Energy Potion"}],"is_trial":false,"path_per_floor":["M","$","?","?","?","R","E","R","T","E","?","R","M","M","R","B"],"character_chosen":"IRONCLAD","items_purchased":[],"campfire_rested":1,"item_purchase_floors":[],"current_hp_per_floor":[74,74,63,63,56,56,37,37,37,18,23,48,47,52,52,0],"gold":229,"neow_bonus":"ONE_RANDOM_RARE_CARD","is_prod":false,"is_daily":false,"chose_seed":false,"campfire_upgraded":3,"win_rate":0,"timestamp":1547053651,"path_taken":["M","$","?","?","?","R","E","R","T","E","?","R","M","?","R","BOSS"],"build_version":"2019-01-03v4","purchased_purges":1,"victory":false,"max_hp_per_floor":[80,80,80,80,80,80,80,80,80,80,85,85,85,85,85,85],"card_choices":[{"not_picked":["Warcry","Heavy Blade"],"picked":"Armaments","floor":1.0},{"not_picked":["Clash","Brutality"],"picked":"Inflame","floor":7.0},{"not_picked":["Evolve","Clash"],"picked":"Headbutt","floor":10.0},{"not_picked":["Thunderclap","Warcry"],"picked":"Pommel Strike","floor":13.0},{"not_picked":["Flame Barrier","Seeing Red"],"picked":"Entrench","floor":14}],"player_experience":499412,"relics_obtained":[{"floor":7.0,"key":"WingedGreaves"},{"floor":9.0,"key":"War Paint"},{"floor":10.0,"key":"Red Skull"}],"event_choices":[{"damage_healed":0.0,"max_hp_gain":0.0,"max_hp_loss":0.0,"gold_gain":75.0,"event_name":"World of Goop","player_choice":"Gather Gold","floor":3.0,"gold_loss":0.0,"damage_taken":11.0},{"cards_removed":["Defend_R"],"damage_healed":0.0,"max_hp_gain":0.0,"max_hp_loss":0.0,"gold_gain":0.0,"event_name":"Living Wall","player_choice":"Forget","floor":4.0,"gold_loss":0.0,"damage_taken":0.0},{"cards_removed":["Strike_R"],"damage_healed":0.0,"max_hp_gain":0.0,"max_hp_loss":0.0,"gold_gain":0.0,"event_name":"Golden Wing","player_choice":"Card Removal","floor":5.0,"gold_loss":0.0,"damage_taken":7.0},{"damage_healed":0.0,"max_hp_gain":0.0,"max_hp_loss":0.0,"gold_gain":0.0,"event_name":"Lab","player_choice":"Got Potions","floor":11.0,"gold_loss":0.0,"damage_taken":0.0}],"is_beta":false,"boss_relics":[],"items_purged_floors":[2],"is_endless":false,"potions_floor_spawned":[13],"killed_by":"Slime Boss","ascension_level":7}