{"gold_per_floor":[114,129,144,159,159,189,189,239,239,254,254,254,281,323,335,447,459,486,773,800,827,854,866,978,990,1027,1054,1091,1103,1130,1067,1079,1191,1203,1230,1242,887,902,902,902,917,932,932,947,947,962,992,1007,1007,1007],"floor_reached":51,"playtime":2442,"items_purged":[],"score":1043,"play_id":"d9d4ab0e-ebf3-4187-b9a8-938dd204a359","local_time":"20190428201437","daily_mods":["Cursed Run","Diverse","Lethality"],"is_ascension_mode":false,"campfire_choices":[{"data":"Hologram","floor":7,"key":"SMITH"},{"data":"Beam Cell","floor":11,"key":"SMITH"},{"data":"Neutralize","floor":15,"key":"SMITH"},{"data":"Beam Cell","floor":23,"key":"SMITH"},{"data":"Acrobatics","floor":25,"key":"SMITH"},{"data":"Survivor","floor":29,"key":"SMITH"},{"floor":32,"key":"REST"},{"data":"Panacea","floor":40,"key":"SMITH"},{"data":"Cloak And Dagger","floor":45,"key":"SMITH"},{"data":"Wraith Form v2","floor":49,"key":"SMITH"}],"neow_cost":"","seed_source_timestamp":0,"circlet_count":0,"master_deck":["Defend_G","Defend_G","Defend_G","Defend_G","Defend_G","Strike_G","Strike_G","Strike_G","Survivor+1","Neutralize+1","Beam Cell+1","Acrobatics+1","Beam Cell+1","Hologram+1","Slice","Writhe","Doubt","Conserve Battery","Twin Strike","Flying Knee","Decay","Reaper","Sword Boomerang+1","Regret","Poisoned Stab+1","Dropkick","Shrug It Off","Sunder","Shame","Writhe","Stack","Pain","Wraith Form v2+1","Sever Soul","Madness","Madness","Panacea+1","Disarm","Headbutt+1","Clumsy","Cloak And Dagger+1","Clumsy","Parasite","Tempest+1","Blade Dance+1","Sword Boomerang+1","Pain"],"special_seed":18014,"relics":["Cursed Key","Darkstone Periapt","Du-Vu Doll","Happy Flower","Strawberry","Kunai","MawBank","Potion Belt","Snecko Eye","Dead Branch","Mummified Hand","Boot","Bag of Preparation","Philosopher\u0027s Stone","Paper Crane","Ninja Scroll","Bottled Tornado","Gremlin Horn"],"potions_floor_usage":[6,14,24,24,24,24,33,50,50,50,50],"damage_taken":[{"damage":0,"enemies":"Jaw Worm","floor":1,"turns":3},{"damage":0,"enemies":"Cultist","floor":2,"turns":2},{"damage":0,"enemies":"Small Slimes","floor":3,"turns":2},{"damage":1,"enemies":"Red Slaver","floor":4,"turns":2},{"damage":9,"enemies":"3 Sentries","floor":6,"turns":5},{"damage":7,"enemies":"Looter","floor":10,"turns":2},{"damage":0,"enemies":"Blue Slaver","floor":13,"turns":1},{"damage":0,"enemies":"Lagavulin","floor":14,"turns":2},{"damage":41,"enemies":"Hexaghost","floor":16,"turns":5},{"damage":1,"enemies":"Spheric Guardian","floor":18,"turns":3},{"damage":6,"enemies":"Shell Parasite","floor":20,"turns":3},{"damage":3,"enemies":"Cultist and Chosen","floor":21,"turns":3},{"damage":20,"enemies":"Snake Plant","floor":22,"turns":2},{"damage":3,"enemies":"Colosseum Slavers","floor":24,"turns":2},{"damage":14,"enemies":"Colosseum Nobs","floor":24,"turns":3},{"damage":0,"enemies":"Snecko","floor":27,"turns":2},{"damage":21,"enemies":"Sentry and Sphere","floor":30,"turns":3},{"damage":0,"enemies":"Collector","floor":33,"turns":4},{"damage":5,"enemies":"Orb Walker","floor":35,"turns":2},{"damage":19,"enemies":"3 Shapes","floor":38,"turns":2},{"damage":0,"enemies":"Spire Growth","floor":41,"turns":2},{"damage":0,"enemies":"3 Darklings","floor":42,"turns":1},{"damage":6,"enemies":"Writhing Mass","floor":44,"turns":2},{"damage":4,"enemies":"Transient","floor":46,"turns":5},{"damage":0,"enemies":"Nemesis","floor":47,"turns":1},{"damage":1,"enemies":"Maw","floor":48,"turns":3},{"damage":10,"enemies":"Awakened One","floor":50,"turns":4}],"seed_played":"-826647459390135187","potions_obtained":[{"floor":2,"key":"Explosive Potion"},{"floor":3,"key":"FearPotion"},{"floor":4,"key":"LiquidBronze"},{"floor":10,"key":"Fire Potion"},{"floor":16,"key":"Strength Potion"},{"floor":21,"key":"Regen Potion"},{"floor":30,"key":"EssenceOfSteel"},{"floor":33,"key":"PowerPotion"},{"floor":35,"key":"EssenceOfSteel"},{"floor":41,"key":"Dexterity Potion"},{"floor":47,"key":"Block Potion"}],"is_trial":false,"path_per_floor":["M","M","M","M","?","E","R","T","T","M","R","?","M","E","R","B",null,"M","?","M","M","M","R","?","R","T","M","T","R","M","?","R","B",null,"M","?","$","M","T","R","M","M","T","M","R","M","E","M","R","B",null],"character_chosen":"THE_SILENT","items_purchased":["Panacea","Paper Crane","Disarm"],"campfire_rested":1,"item_purchase_floors":[37,37,37],"current_hp_per_floor":[70,70,70,69,62,53,53,66,72,65,65,65,65,65,65,30,95,95,101,95,92,72,72,64,64,70,70,76,76,55,55,88,107,119,119,104,104,85,91,91,106,125,131,131,131,137,137,136,136,132],"gold":1007,"neow_bonus":"","is_prod":false,"is_daily":true,"chose_seed":false,"campfire_upgraded":9,"win_rate":0,"timestamp":1556475277,"path_taken":["M","M","M","M","?","E","R","?","T","M","R","?","?","E","R","BOSS","M","?","M","M","?","R","?","R","T","M","?","R","M","?","R","BOSS","M","?","$","M","?","R","M","M","T","M","R","?","E","M","R","BOSS"],"build_version":"2019-01-23","purchased_purges":0,"victory":true,"max_hp_per_floor":[70,70,70,70,70,70,70,83,89,89,89,89,89,89,89,95,95,95,101,101,101,101,101,101,101,107,107,113,113,113,113,113,119,119,119,119,119,119,125,125,125,125,131,137,137,137,137,137,137,143],"card_choices":[{"not_picked":["True Grit","Reflex"],"picked":"Beam Cell","floor":1},{"not_picked":["Shrug It Off","Clothesline"],"picked":"Acrobatics","floor":2},{"not_picked":["Wild Strike","Carnage"],"picked":"Beam Cell","floor":3},{"not_picked":["Steam","Turbo"],"picked":"Hologram","floor":4},{"not_picked":["Clash","Accuracy"],"picked":"Slice","floor":6},{"not_picked":["Seeing Red","Concentrate"],"picked":"Conserve Battery","floor":10},{"not_picked":["Body Slam","Quick Slash"],"picked":"Twin Strike","floor":13},{"not_picked":["Seeing Red","Reflex"],"picked":"Flying Knee","floor":14},{"not_picked":["Envenom","Doppelganger"],"picked":"Reaper","floor":16},{"not_picked":["Noxious Fumes","Dagger Spray"],"picked":"Sword Boomerang+1","floor":18},{"not_picked":["Headbutt+1","Carnage"],"picked":"Poisoned Stab+1","floor":20},{"not_picked":["Escape Plan","Capacitor"],"picked":"Dropkick","floor":21},{"not_picked":["True Grit+1","Noxious Fumes"],"picked":"Shrug It Off","floor":22},{"not_picked":["Heatsinks","Accuracy+1"],"picked":"Sunder","floor":24},{"not_picked":["Finisher+1","Rage","Dark Embrace"],"picked":"SKIP","floor":27},{"not_picked":["Barrage","Clothesline"],"picked":"Stack","floor":30},{"not_picked":["Berserk","Doppelganger"],"picked":"Wraith Form v2","floor":33},{"not_picked":["Reflex","Redo"],"picked":"Sever Soul","floor":35},{"not_picked":["Perfected Strike","Gash+1"],"picked":"Headbutt+1","floor":38},{"not_picked":["Battle Trance+1","Dagger Throw","Acrobatics"],"picked":"SKIP","floor":41},{"not_picked":["Rip and Tear","Backflip"],"picked":"Cloak And Dagger","floor":42},{"not_picked":["Cold Snap","Envenom"],"picked":"Tempest+1","floor":44},{"not_picked":["Melter+1","Dagger Throw+1"],"picked":"Blade Dance+1","floor":46},{"not_picked":["Acrobatics","Dropkick","Second Wind+1"],"picked":"SKIP","floor":47},{"not_picked":["Thunderclap","Flame Barrier+1"],"picked":"Sword Boomerang+1","floor":48}],"player_experience":191749,"relics_obtained":[{"floor":6,"key":"Happy Flower"},{"floor":8,"key":"Strawberry"},{"floor":9,"key":"Kunai"},{"floor":12,"key":"MawBank"},{"floor":14,"key":"Potion Belt"},{"floor":24,"key":"Dead Branch"},{"floor":24,"key":"Mummified Hand"},{"floor":26,"key":"Boot"},{"floor":28,"key":"Bag of Preparation"},{"floor":39,"key":"Ninja Scroll"},{"floor":43,"key":"Bottled Tornado"},{"floor":47,"key":"Gremlin Horn"}],"event_choices":[{"cards_removed":["Strike_G"],"damage_healed":0,"gold_gain":0,"player_choice":"Card Removal","damage_taken":7,"max_hp_gain":0,"max_hp_loss":0,"event_name":"Golden Wing","floor":5,"gold_loss":0},{"damage_healed":0,"gold_gain":0,"player_choice":"Relic","damage_taken":0,"max_hp_gain":0,"max_hp_loss":0,"event_name":"Wheel of Change","floor":12,"gold_loss":0},{"damage_healed":0,"gold_gain":275,"player_choice":"Desecrate","damage_taken":0,"max_hp_gain":0,"max_hp_loss":0,"event_name":"Golden Shrine","floor":19,"gold_loss":0,"cards_obtained":["Regret"]},{"damage_healed":0,"gold_gain":0,"player_choice":"Fight","damage_taken":0,"max_hp_gain":0,"max_hp_loss":0,"event_name":"Colosseum","floor":24,"gold_loss":0},{"damage_healed":0,"gold_gain":0,"player_choice":"Fought Nobs","damage_taken":0,"max_hp_gain":0,"max_hp_loss":0,"event_name":"Colosseum","floor":24,"gold_loss":0},{"cards_removed":["Strike_G"],"damage_healed":0,"gold_gain":0,"player_choice":"Gave Gold","damage_taken":0,"max_hp_gain":0,"max_hp_loss":0,"event_name":"Beggar","floor":31,"gold_loss":75},{"damage_healed":0,"gold_gain":0,"player_choice":"Embrace Madness","damage_taken":15,"max_hp_gain":0,"max_hp_loss":0,"event_name":"Winding Halls","floor":36,"gold_loss":0,"cards_obtained":["Madness","Madness"]}],"is_beta":false,"boss_relics":[{"not_picked":["HoveringKite","Runic Dome"],"picked":"Snecko Eye"},{"not_picked":["Orrery","Eternal Feather"],"picked":"Philosopher\u0027s Stone"}],"items_purged_floors":[],"is_endless":false,"potions_floor_spawned":[2,3,4,10,16,21,24,30,33,35,41,47],"ascension_level":0}