{"gold_per_floor":[115,129,129,145,47,47,47,77,130,164,176,37,37,56,56,130,180,194,194,194,65,65,65,78,78],"floor_reached":25,"playtime":631,"items_purged":["Writhe"],"score":418,"play_id":"7595863e-c4f2-4239-b3c0-be13d1108fbe","local_time":"20190501175303","is_ascension_mode":true,"campfire_choices":[{"data":"Uppercut","floor":6,"key":"SMITH"},{"data":"True Grit","floor":13,"key":"SMITH"},{"data":"Rampage","floor":15,"key":"SMITH"},{"data":"Blood for Blood","floor":23,"key":"SMITH"}],"neow_cost":"NONE","seed_source_timestamp":3819706581271781,"circlet_count":0,"master_deck":["AscendersBane","Strike_R","Strike_R+1","Strike_R","Strike_R","Strike_R","Defend_R","Defend_R","Defend_R","Defend_R+1","Bash+1","Evolve","Cleave","Uppercut+1","Shrug It Off","Pummel","True Grit+1","Headbutt","Blood for Blood+1","Rampage+1","Double Tap","Uppercut","Metallicize","Shrug It Off","Metallicize"],"relics":["Burning Blood","NeowsBlessing","Matryoshka","Meat on the Bone","Strawberry","Red Skull","Orichalcum","Tiny House","Shuriken"],"potions_floor_usage":[10,10,16,18,18,24,24],"damage_taken":[{"damage":0,"enemies":"Jaw Worm","floor":1,"turns":1},{"damage":0,"enemies":"Small Slimes","floor":2,"turns":1},{"damage":0,"enemies":"Cultist","floor":4,"turns":1},{"damage":14,"enemies":"Gremlin Nob","floor":8,"turns":4},{"damage":25,"enemies":"3 Sentries","floor":10,"turns":5},{"damage":2,"enemies":"Looter","floor":11,"turns":3},{"damage":0,"enemies":"3 Louse","floor":14,"turns":3},{"damage":31,"enemies":"Hexaghost","floor":16,"turns":8},{"damage":19,"enemies":"3 Byrds","floor":18,"turns":5},{"damage":29,"enemies":"2 Thieves","floor":24,"turns":4},{"damage":63,"enemies":"3 Cultists","floor":25,"turns":5}],"seed_played":"4129664491246848651","potions_obtained":[{"floor":1,"key":"Explosive Potion"},{"floor":4,"key":"Poison Potion"},{"floor":10,"key":"FairyPotion"},{"floor":14,"key":"Weak Potion"},{"floor":17,"key":"PowerPotion"},{"floor":18,"key":"Weak Potion"}],"is_trial":false,"path_per_floor":["M","M","?","M","$","R","T","E","T","E","M","$","R","M","R","B",null,"M","?","?","$","?","R","M","M"],"character_chosen":"IRONCLAD","items_purchased":["Shrug It Off","Pummel","Fire Potion","Blood for Blood","PowerPotion"],"campfire_rested":0,"item_purchase_floors":[5,5,12,12,21],"current_hp_per_floor":[74,75,52,58,58,58,58,50,57,50,54,54,54,60,60,47,78,65,65,65,65,65,65,54,0],"gold":78,"neow_bonus":"THREE_ENEMY_KILL","is_prod":false,"is_daily":false,"chose_seed":false,"campfire_upgraded":4,"win_rate":0,"timestamp":1556729583,"path_taken":["M","M","?","M","$","R","?","E","T","E","M","$","R","M","R","BOSS","M","?","?","$","?","R","M","?"],"build_version":"2019-01-23","purchased_purges":1,"victory":false,"max_hp_per_floor":[75,75,75,75,75,75,75,75,82,82,82,82,82,82,82,82,87,87,87,87,87,87,87,87,87],"card_choices":[{"not_picked":["Twin Strike","Warcry"],"picked":"Evolve","floor":1},{"not_picked":["Heavy Blade","Corruption"],"picked":"Cleave","floor":2},{"not_picked":["Sever Soul","Carnage"],"picked":"Uppercut","floor":4},{"not_picked":["Sword Boomerang","Pommel Strike"],"picked":"True Grit","floor":8},{"not_picked":["Searing Blow","Feel No Pain","Bloodletting"],"picked":"SKIP","floor":10},{"not_picked":["Cleave","Body Slam"],"picked":"Headbutt","floor":11},{"not_picked":["Immolate","Anger"],"picked":"Rampage","floor":14},{"not_picked":["Demon Form","Berserk"],"picked":"Double Tap","floor":16},{"not_picked":["Cleave","Pommel Strike"],"picked":"Uppercut","floor":17},{"not_picked":["Clothesline","Sword Boomerang"],"picked":"Metallicize","floor":18},{"not_picked":["Feel No Pain","Clothesline","Inflame"],"picked":"SKIP","floor":24}],"player_experience":781577,"relics_obtained":[{"floor":7,"key":"Matryoshka"},{"floor":8,"key":"Meat on the Bone"},{"floor":9,"key":"Strawberry"},{"floor":9,"key":"Red Skull"},{"floor":10,"key":"Orichalcum"}],"event_choices":[{"damage_healed":0,"gold_gain":0,"player_choice":"Entered Light","damage_taken":23,"max_hp_gain":0,"max_hp_loss":0,"event_name":"Shining Light","floor":3,"gold_loss":0,"cards_upgraded":["Defend_R","Bash"]},{"damage_healed":0,"gold_gain":0,"player_choice":"Opened","damage_taken":0,"relics_obtained":["Shuriken"],"max_hp_gain":0,"max_hp_loss":0,"event_name":"The Mausoleum","floor":19,"gold_loss":0,"cards_obtained":["Writhe"]},{"damage_healed":0,"gold_gain":0,"player_choice":"Read","damage_taken":0,"max_hp_gain":0,"max_hp_loss":0,"event_name":"The Library","floor":20,"gold_loss":0,"cards_obtained":["Shrug It Off"]},{"damage_healed":0,"gold_gain":0,"player_choice":"Copied","damage_taken":0,"max_hp_gain":0,"max_hp_loss":0,"event_name":"Duplicator","floor":22,"gold_loss":0,"cards_obtained":["Metallicize"]}],"is_beta":false,"boss_relics":[{"not_picked":["White Beast Statue","Lizard Tail"],"picked":"Tiny House"}],"items_purged_floors":[21],"is_endless":false,"potions_floor_spawned":[1,4,10,14,18],"killed_by":"3 Cultists","ascension_level":20}