{"gold_per_floor":[211,211,228,84,103,103,18,18,18,18,36,70,33,46,46,119,119,136,153,153,203,221,221,234,234,314,10,23,23],"floor_reached":29,"playtime":654,"items_purged":[],"score":450,"play_id":"430432c8-8385-47c0-a445-7b9f70a72064","local_time":"20190501194340","is_ascension_mode":true,"campfire_choices":[{"data":"Body Slam","floor":6,"key":"SMITH"},{"data":"Thunderclap","floor":10,"key":"SMITH"},{"floor":15,"key":"REST"},{"data":"Shockwave","floor":23,"key":"SMITH"}],"neow_cost":"NONE","seed_source_timestamp":3826320131959061,"circlet_count":0,"master_deck":["AscendersBane","Strike_R","Strike_R","Strike_R","Strike_R","Defend_R","Defend_R","Defend_R","Defend_R","Bash","Thunderclap+1","Clash","Evolve","Body Slam+1","Corruption+1","Thunderclap","Cleave+1","Combust","Shockwave+1","Immolate+1","Whirlwind+1","Thunderclap+1","Writhe","Shrug It Off","Ghostly","Ghostly","Ghostly","Flash of Steel+1"],"relics":["Burning Blood","Bag of Preparation","Molten Egg 2","Runic Dome","Potion Belt","Sundial","Strange Spoon"],"potions_floor_usage":[12,16,16,28,29],"damage_taken":[{"damage":14,"enemies":"Jaw Worm","floor":1,"turns":3},{"damage":1,"enemies":"Cultist","floor":3,"turns":3},{"damage":9,"enemies":"Small Slimes","floor":5,"turns":4},{"damage":12,"enemies":"3 Louse","floor":11,"turns":2},{"damage":25,"enemies":"3 Sentries","floor":12,"turns":6},{"damage":24,"enemies":"Large Slime","floor":14,"turns":5},{"damage":36,"enemies":"Slime Boss","floor":16,"turns":8},{"damage":0,"enemies":"Spheric Guardian","floor":18,"turns":1},{"damage":1,"enemies":"3 Byrds","floor":19,"turns":2},{"damage":27,"enemies":"Centurion and Healer","floor":22,"turns":3},{"damage":32,"enemies":"Snake Plant","floor":24,"turns":3},{"damage":8,"enemies":"Snecko","floor":28,"turns":6},{"damage":26,"enemies":"Shelled Parasite and Fungi","floor":29,"turns":1}],"seed_played":"-4665844358408904208","potions_obtained":[{"floor":3,"key":"FairyPotion"},{"floor":11,"key":"PowerPotion"},{"floor":12,"key":"SpeedPotion"},{"floor":16,"key":"GamblersBrew"},{"floor":18,"key":"SteroidPotion"},{"floor":19,"key":"GamblersBrew"},{"floor":28,"key":"Fire Potion"}],"is_trial":false,"path_per_floor":["M","?","M","$","M","R","$","?","T","R","M","E","$","M","R","B",null,"M","M","?","?","M","R","M","?","T","$","M","M"],"character_chosen":"IRONCLAD","items_purchased":["Evolve","AttackPotion","Corruption","Combust","Strange Spoon","Flash of Steel+1"],"campfire_rested":1,"item_purchase_floors":[4,4,7,13,27,27],"current_hp_per_floor":[60,60,65,65,62,62,62,62,62,62,56,37,37,19,41,11,59,65,70,70,70,49,49,23,23,23,23,21,0],"gold":23,"neow_bonus":"HUNDRED_GOLD","is_prod":false,"is_daily":false,"chose_seed":false,"campfire_upgraded":3,"win_rate":0,"timestamp":1556736220,"path_taken":["M","?","M","$","M","R","?","?","T","R","M","E","$","?","R","BOSS","M","M","?","?","M","R","M","?","T","$","M","M"],"build_version":"2019-01-23","purchased_purges":0,"victory":false,"max_hp_per_floor":[75,75,75,75,75,75,75,75,75,75,75,75,75,75,75,75,75,75,75,75,75,75,75,75,37,37,37,37,37],"card_choices":[{"not_picked":["Flex","Warcry"],"picked":"Thunderclap","floor":1},{"not_picked":["Flame Barrier","Impervious"],"picked":"Clash","floor":3},{"not_picked":["Inflame","Havoc"],"picked":"Body Slam","floor":5},{"not_picked":["Infernal Blade","Rage"],"picked":"Thunderclap","floor":11},{"not_picked":["Flex","Warcry"],"picked":"Cleave","floor":12},{"not_picked":["Flex","Burning Pact"],"picked":"Shockwave","floor":14},{"not_picked":["Brutality","Feed+1"],"picked":"Immolate+1","floor":16},{"not_picked":["Cleave+1","Perfected Strike+1"],"picked":"Whirlwind+1","floor":18},{"not_picked":["Rupture","Power Through+1"],"picked":"Thunderclap+1","floor":19},{"not_picked":["Twin Strike+1","Warcry","Clothesline+1"],"picked":"SKIP","floor":22},{"not_picked":["Seeing Red","Perfected Strike+1"],"picked":"Shrug It Off","floor":24},{"not_picked":["Armaments","Power Through","Body Slam+1"],"picked":"SKIP","floor":28}],"player_experience":788110,"relics_obtained":[{"floor":9,"key":"Bag of Preparation"},{"floor":12,"key":"Molten Egg 2"},{"floor":26,"key":"Sundial"}],"event_choices":[{"cards_removed":["Strike_R"],"damage_healed":0,"gold_gain":0,"player_choice":"Purged","damage_taken":0,"max_hp_gain":0,"max_hp_loss":0,"event_name":"Purifier","floor":2,"gold_loss":0},{"damage_healed":0,"gold_gain":0,"player_choice":"Forge","damage_taken":0,"max_hp_gain":0,"max_hp_loss":0,"event_name":"Accursed Blacksmith","floor":8,"gold_loss":0,"cards_upgraded":["Corruption"]},{"damage_healed":0,"gold_gain":0,"player_choice":"Opened","damage_taken":0,"relics_obtained":["Potion Belt"],"max_hp_gain":0,"max_hp_loss":0,"event_name":"The Mausoleum","floor":20,"gold_loss":0,"cards_obtained":["Writhe"]},{"damage_healed":0,"gold_gain":50,"player_choice":"Stole From Cult","damage_taken":0,"max_hp_gain":0,"max_hp_loss":0,"event_name":"Nest","floor":21,"gold_loss":0},{"damage_healed":0,"gold_gain":0,"player_choice":"Became a Ghost","damage_taken":0,"max_hp_gain":0,"max_hp_loss":38,"event_name":"Ghosts","floor":25,"gold_loss":0,"cards_obtained":["Ghostly","Ghostly","Ghostly"]}],"is_beta":false,"boss_relics":[{"not_picked":["Black Blood","Coffee Dripper"],"picked":"Runic Dome"}],"items_purged_floors":[],"is_endless":false,"potions_floor_spawned":[3,11,12,16,18,19,28],"killed_by":"Shelled Parasite and Fungi","ascension_level":20}