{"gold_per_floor":[114,114,61,211,211,211,225,225,249,283,293,324,324,14,14,91,91,110,110,126,146,146,146,146],"floor_reached":24,"playtime":676,"items_purged":["Doubt"],"score":454,"play_id":"a683fcd8-8708-42a5-ae7b-b4989f3cc881","local_time":"20190501190619","is_ascension_mode":true,"campfire_choices":[{"floor":6,"key":"REST"},{"data":"Cloak And Dagger","floor":8,"key":"SMITH"},{"floor":15,"key":"REST"},{"floor":23,"key":"REST"}],"neow_cost":"NONE","seed_source_timestamp":3824056924233011,"circlet_count":0,"master_deck":["AscendersBane","Defend_G","Defend_G","Defend_G","Defend_G+1","Defend_G+1","Strike_G","Strike_G","Strike_G","Strike_G","Strike_G","Survivor","Neutralize","Cloak And Dagger+1","Noxious Fumes","PiercingWail","Noxious Fumes","Glass Knife","Dash","Well Laid Plans","PiercingWail","Backflip"],"relics":["Ring of the Snake","NeowsBlessing","Singing Bowl","WarpedTongs","Potion Belt","War Paint","WingedGreaves","Bronze Scales","Orrery","Enchiridion"],"potions_floor_usage":[12,12,12,16],"damage_taken":[{"damage":0,"enemies":"Small Slimes","floor":1,"turns":1},{"damage":0,"enemies":"2 Louse","floor":7,"turns":1},{"damage":1,"enemies":"Gremlin Nob","floor":10,"turns":1},{"damage":3,"enemies":"Cultist","floor":11,"turns":4},{"damage":30,"enemies":"Lagavulin","floor":12,"turns":6},{"damage":31,"enemies":"Hexaghost","floor":16,"turns":9},{"damage":15,"enemies":"Spheric Guardian","floor":18,"turns":6},{"damage":0,"enemies":"Shell Parasite","floor":20,"turns":7},{"damage":10,"enemies":"Chosen and Byrds","floor":21,"turns":8},{"damage":67,"enemies":"Cultist and Chosen","floor":24,"turns":6}],"seed_played":"7963263502604850607","potions_obtained":[{"floor":7,"key":"Strength Potion"},{"floor":10,"key":"Explosive Potion"},{"floor":12,"key":"FearPotion"}],"is_trial":false,"path_per_floor":["M","?","$","?","?","R","M","R","T","E","M","E","?","$","R","B",null,"M","?","M","M","?","R","M"],"character_chosen":"THE_SILENT","items_purchased":["PowerPotion","Bronze Scales","Noxious Fumes"],"campfire_rested":3,"item_purchase_floors":[3,14,14],"current_hp_per_floor":[59,33,33,33,33,52,54,54,54,53,52,22,15,15,36,5,58,45,24,24,16,32,55,0],"gold":146,"neow_bonus":"THREE_ENEMY_KILL","is_prod":false,"is_daily":false,"chose_seed":false,"campfire_upgraded":1,"win_rate":0,"timestamp":1556733979,"path_taken":["M","?","$","?","?","R","?","R","T","E","M","E","?","$","R","BOSS","M","?","M","M","?","R","M"],"build_version":"2019-01-23","purchased_purges":1,"victory":false,"max_hp_per_floor":[66,66,66,66,66,66,68,68,68,68,70,70,70,70,70,70,74,76,76,76,78,78,78,78],"card_choices":[{"not_picked":["Blade Dance","Deflect"],"picked":"Cloak And Dagger","floor":1},{"not_picked":["Calculated Gamble","Bouncing Flask","Riddle With Holes"],"picked":"Singing Bowl","floor":7},{"not_picked":["Accuracy","Underhanded Strike"],"picked":"Noxious Fumes","floor":10},{"not_picked":["Bane","Acrobatics","PiercingWail"],"picked":"Singing Bowl","floor":11},{"not_picked":["Doppelganger","Prepared"],"picked":"PiercingWail","floor":12},{"not_picked":["Die Die Die","Phantasmal Killer"],"picked":"Glass Knife","floor":16},{"not_picked":["Bane","Quick Slash"],"picked":"Dash","floor":17},{"not_picked":["Finisher","Expertise"],"picked":"Well Laid Plans","floor":17},{"not_picked":["Infinite Blades","Calculated Gamble"],"picked":"PiercingWail","floor":17},{"not_picked":["Flying Knee","Skewer","Blade Dance"],"picked":"Singing Bowl","floor":17},{"not_picked":["Choke","Poisoned Stab","Catalyst"],"picked":"Singing Bowl","floor":17},{"not_picked":["Dagger Spray","Deflect","Prepared"],"picked":"Singing Bowl","floor":18},{"not_picked":["Bane","Prepared+1"],"picked":"Backflip","floor":20},{"not_picked":["Quick Slash","Blade Dance","Underhanded Strike"],"picked":"Singing Bowl","floor":21}],"player_experience":785877,"relics_obtained":[{"floor":9,"key":"Potion Belt"},{"floor":10,"key":"War Paint"},{"floor":12,"key":"WingedGreaves"},{"floor":19,"key":"Enchiridion"}],"event_choices":[{"damage_healed":0,"gold_gain":0,"player_choice":"Success","damage_taken":26,"relics_obtained":["Singing Bowl"],"max_hp_gain":0,"max_hp_loss":0,"event_name":"Scrap Ooze","floor":2,"gold_loss":0},{"damage_healed":0,"gold_gain":150,"player_choice":"AGREE","damage_taken":0,"max_hp_gain":0,"max_hp_loss":0,"event_name":"Liars Game","floor":4,"gold_loss":0,"cards_obtained":["Doubt"]},{"damage_healed":0,"gold_gain":0,"player_choice":"Rummage","damage_taken":0,"relics_obtained":["WarpedTongs"],"max_hp_gain":0,"max_hp_loss":0,"event_name":"Accursed Blacksmith","floor":5,"gold_loss":0,"cards_obtained":["Pain"]},{"cards_removed":["Pain"],"damage_healed":0,"gold_gain":0,"player_choice":"Card Removal","damage_taken":7,"max_hp_gain":0,"max_hp_loss":0,"event_name":"Golden Wing","floor":13,"gold_loss":0},{"damage_healed":0,"gold_gain":0,"player_choice":"Obtained Book","damage_taken":21,"max_hp_gain":0,"max_hp_loss":0,"event_name":"Cursed Tome","floor":19,"gold_loss":0},{"damage_healed":16,"gold_gain":0,"player_choice":"Heal","damage_taken":0,"max_hp_gain":0,"max_hp_loss":0,"event_name":"The Library","floor":22,"gold_loss":0}],"is_beta":false,"boss_relics":[{"not_picked":["Philosopher\u0027s Stone","Calling Bell"],"picked":"Orrery"}],"items_purged_floors":[14],"is_endless":false,"potions_floor_spawned":[7,10,12],"killed_by":"Cultist and Chosen","ascension_level":20}