{"gold_per_floor":[112,287,287,176,199,232,232,273,299,299,320,340,359,399,399,522,522,543,563,587,587,606,606,606],"floor_reached":24,"playtime":1461,"items_purged":["Doubt"],"score":279,"play_id":"96217fd5-31de-46ae-85ce-7c325a1bb783","local_time":"20181213191200","is_ascension_mode":true,"campfire_choices":[{"data":"Combust","floor":7,"key":"SMITH"},{"data":"Cleave","floor":10,"key":"SMITH"},{"data":"Searing Blow","floor":15,"key":"SMITH"},{"data":"Searing Blow+1","floor":23,"key":"SMITH"}],"neow_cost":"NONE","seed_source_timestamp":3030970023119990,"circlet_count":0,"master_deck":["Strike_R","Defend_R","Defend_R","Defend_R","Defend_R","Bash","Combust+1","Searing Blow+2","Cleave+1","Flex","Battle Trance","Disarm","Reaper","Dark Embrace+1","Dual Wield+1","Double Tap+1","Armaments+1"],"relics":["Burning Blood","NeowsBlessing","Golden Idol","Juzu Bracelet","Blue Candle","Happy Flower","Lantern","Astrolabe"],"potions_floor_usage":[8,8,16,16,20,24],"damage_taken":[{"damage":0,"enemies":"Jaw Worm","floor":1,"turns":1},{"damage":0,"enemies":"2 Louse","floor":5,"turns":1},{"damage":0,"enemies":"3 Sentries","floor":6,"turns":1},{"damage":21,"enemies":"Gremlin Nob","floor":8,"turns":4},{"damage":0,"enemies":"Small Slimes","floor":11,"turns":2},{"damage":0,"enemies":"2 Fungi Beasts","floor":12,"turns":2},{"damage":26,"enemies":"Large Slime","floor":13,"turns":4},{"damage":18,"enemies":"3 Sentries","floor":14,"turns":5},{"damage":17,"enemies":"Hexaghost","floor":16,"turns":9},{"damage":5,"enemies":"Chosen","floor":18,"turns":4},{"damage":30,"enemies":"Spheric Guardian","floor":19,"turns":4},{"damage":62,"enemies":"Centurion and Healer","floor":20,"turns":9},{"damage":36,"enemies":"Cultist and Chosen","floor":22,"turns":6},{"damage":51,"enemies":"Slavers","floor":24,"turns":4}],"seed_played":"-4668804990243185635","potions_obtained":[{"floor":5,"key":"Block Potion"},{"floor":6,"key":"Swift Potion"},{"floor":8,"key":"Block Potion"},{"floor":11,"key":"AttackPotion"},{"floor":14,"key":"SteroidPotion"},{"floor":22,"key":"SkillPotion"}],"is_trial":false,"path_per_floor":["M","?","?","$","M","E","R","E","T","R","M","M","M","E","R","B",null,"M","M","M","?","M","R","E"],"character_chosen":"IRONCLAD","items_purchased":["Searing Blow"],"campfire_rested":0,"item_purchase_floors":[4],"current_hp_per_floor":[80,80,74,74,74,74,74,59,59,59,65,71,51,39,39,28,74,74,56,57,57,39,39,0],"gold":606,"neow_bonus":"THREE_ENEMY_KILL","is_prod":false,"is_daily":false,"chose_seed":false,"campfire_upgraded":4,"win_rate":0,"timestamp":1544724720,"path_taken":["M","?","?","$","M","E","R","E","T","R","M","M","M","E","R","BOSS","M","M","M","?","M","R","E"],"build_version":"2018-12-06","purchased_purges":1,"victory":false,"max_hp_per_floor":[80,80,74,74,74,74,74,74,74,74,74,74,74,74,74,74,74,74,74,74,74,74,74,74],"card_choices":[{"not_picked":["Heavy Blade","True Grit"],"picked":"Combust","floor":1},{"not_picked":["Rampage","Clothesline"],"picked":"Cleave","floor":5},{"not_picked":["Sword Boomerang","Rage"],"picked":"Flex","floor":6},{"not_picked":["Barricade","Perfected Strike","Armaments"],"picked":"SKIP","floor":8},{"not_picked":["Perfected Strike","Headbutt"],"picked":"Battle Trance","floor":11},{"not_picked":["Whirlwind","Thunderclap","Warcry"],"picked":"SKIP","floor":12},{"not_picked":["Headbutt","Clothesline"],"picked":"Disarm","floor":13},{"not_picked":["Heavy Blade","Flex","Evolve"],"picked":"SKIP","floor":14},{"not_picked":["Bludgeon","Immolate"],"picked":"Reaper","floor":16},{"not_picked":["Sword Boomerang+1","Inflame","Ghostly Armor+1"],"picked":"SKIP","floor":18},{"not_picked":["Dual Wield+1","Rupture","Inflame"],"picked":"SKIP","floor":19},{"not_picked":["Sword Boomerang","True Grit+1","Shrug It Off"],"picked":"SKIP","floor":20},{"not_picked":["Flex","Warcry"],"picked":"Armaments+1","floor":22}],"player_experience":123378,"relics_obtained":[{"floor":6,"key":"Juzu Bracelet"},{"floor":8,"key":"Blue Candle"},{"floor":9,"key":"Happy Flower"},{"floor":14,"key":"Lantern"}],"event_choices":[{"damage_healed":0,"gold_gain":175,"player_choice":"AGREE","damage_taken":0,"max_hp_gain":0,"max_hp_loss":0,"event_name":"Liars Game","floor":2,"gold_loss":0,"cards_obtained":["Doubt"]},{"damage_healed":0,"gold_gain":0,"player_choice":"Lose Max HP","damage_taken":0,"relics_obtained":["Golden Idol"],"max_hp_gain":0,"max_hp_loss":6,"event_name":"Golden Idol","floor":3,"gold_loss":0},{"cards_removed":["Strike_R"],"damage_healed":0,"gold_gain":0,"player_choice":"Elegance","damage_taken":0,"max_hp_gain":0,"max_hp_loss":0,"event_name":"Back to Basics","floor":21,"gold_loss":0}],"is_beta":false,"boss_relics":[{"not_picked":["Snecko Eye","Runic Dome"],"picked":"Astrolabe"}],"items_purged_floors":[4],"is_endless":false,"potions_floor_spawned":[5,6,8,11,14,22],"killed_by":"Slavers","ascension_level":3}