{"gold_per_floor":[115,88,102,119,194,194,223,223,223,223,249,263,263,298,298,397,397,413,413,423,338,263,263,290,290,317,70,80,80,95,106,106,211,211,224,224,244,257,257,282,292,324,377,427,442,442,41,61,61,61],"floor_reached":51,"playtime":6052,"items_purged":["Defend_G","Strike_G","Strike_G"],"score":1084,"play_id":"71699bb6-017b-4305-ba04-5a1b2191827c","local_time":"20180724210953","is_ascension_mode":true,"campfire_choices":[{"data":"Endless Agony","floor":6.0,"key":"SMITH"},{"data":"Cloak And Dagger","floor":8.0,"key":"SMITH"},{"data":"Backflip","floor":10.0,"key":"SMITH"},{"data":"Cloak And Dagger","floor":13.0,"key":"SMITH"},{"floor":15.0,"key":"REST"},{"data":"Skewer","floor":23.0,"key":"SMITH"},{"data":"Burst","floor":25.0,"key":"SMITH"},{"data":"Blade Dance","floor":29.0,"key":"SMITH"},{"floor":32.0,"key":"REST"},{"data":"Accuracy","floor":46.0,"key":"SMITH"},{"floor":49,"key":"REST"}],"neow_cost":"NONE","seed_source_timestamp":1151711282975462,"circlet_count":0,"master_deck":["Defend_G","Defend_G+1","Defend_G","Defend_G+1","Strike_G","Strike_G","Survivor","Neutralize","Endless Agony+1","Cloak And Dagger+1","Backflip+1","Cloak And Dagger+1","Blur","Burst+1","Dagger Throw+1","Skewer+1","Choke+1","Terror","Blade Dance+1","Backflip+1","Night Terror","Slice+1","Leg Sweep+1","Accuracy+1","Writhe","Accuracy"],"special_seed":0,"relics":["Ring of the Snake","Mango","Ginger","Art of War","Happy Flower","Sozu","War Paint","Vajra","Anchor","Centennial Puzzle","WristBlade","Girya","Snake Skull","Pen Nib","Bag of Marbles","Thread and Needle","HandDrill"],"potions_floor_usage":[],"damage_taken":[{"damage":0.0,"enemies":"Cultist","floor":1.0,"turns":5.0},{"damage":0.0,"enemies":"Small Slimes","floor":3.0,"turns":3.0},{"damage":1.0,"enemies":"Jaw Worm","floor":4.0,"turns":4.0},{"damage":22.0,"enemies":"Lagavulin","floor":7.0,"turns":6.0},{"damage":0.0,"enemies":"Red Slaver","floor":12.0,"turns":3.0},{"damage":0.0,"enemies":"3 Sentries","floor":14.0,"turns":9.0},{"damage":70.0,"enemies":"Slime Boss","floor":16.0,"turns":18.0},{"damage":17.0,"enemies":"Spheric Guardian","floor":18.0,"turns":6.0},{"damage":0.0,"enemies":"Chosen","floor":20.0,"turns":5.0},{"damage":4.0,"enemies":"Slavers","floor":24.0,"turns":6.0},{"damage":3.0,"enemies":"Snake Plant","floor":28.0,"turns":3.0},{"damage":0.0,"enemies":"Centurion and Healer","floor":30.0,"turns":4.0},{"damage":0.0,"enemies":"Sentry and Sphere","floor":31.0,"turns":5.0},{"damage":50.0,"enemies":"Collector","floor":33.0,"turns":5.0},{"damage":0.0,"enemies":"Flame Bruiser 1 Orb","floor":35.0,"turns":3.0},{"damage":0.0,"floor":36.0,"turns":5.0},{"damage":0.0,"enemies":"Orb Walker","floor":37.0,"turns":2.0},{"damage":23.0,"enemies":"Flame Bruiser 2 Orb","floor":38.0,"turns":5.0},{"damage":10.0,"enemies":"Giant Head","floor":40.0,"turns":6.0},{"damage":13.0,"enemies":"3 Darklings","floor":41.0,"turns":5.0},{"damage":0.0,"enemies":"Nemesis","floor":42.0,"turns":5.0},{"damage":6.0,"floor":44.0,"turns":4.0},{"damage":0.0,"enemies":"Spire Growth","floor":45.0,"turns":2.0},{"damage":0,"enemies":"Flame Bruiser 2 Orb","floor":48,"turns":3},{"damage":72,"enemies":"Awakened One","floor":50,"turns":12}],"seed_played":"2912638502225301786","potions_obtained":[{"floor":1.0,"key":"SkillPotion"},{"floor":4.0,"key":"Fire Potion"},{"floor":16.0,"key":"Fire Potion"}],"is_trial":false,"path_per_floor":["M","$","M","M","?","R","E","R","T","R","T","M","R","E","R","B",null,"M","T","M","?","$","R","E","R","T","$","M","R","M","M","R","B",null,"M","?","M","M","?","E","M","E","T","?","M","R","$","M","R","B"],"character_chosen":"THE_SILENT","items_purchased":["Cloak And Dagger","Terror","Blade Dance","HandDrill","Accuracy"],"campfire_rested":3,"item_purchase_floors":[2,27,27,47,47],"current_hp_per_floor":[70,70,70,69,58,58,50,50,50,50,50,50,50,50,75,5,84,67,67,67,67,67,67,63,63,63,63,60,60,60,60,84,34,84,84,84,84,61,82,72,59,59,59,53,53,53,53,53,78,6],"gold":61,"neow_bonus":"REMOVE_CARD","is_prod":false,"is_daily":false,"chose_seed":false,"campfire_upgraded":8,"win_rate":0,"timestamp":1532459393,"path_taken":["M","?","?","M","?","R","E","R","T","R","?","?","R","E","R","BOSS","M","?","M","?","$","R","E","R","T","$","M","R","M","M","R","BOSS","M","?","M","M","?","E","M","E","T","?","?","R","$","M","R","BOSS"],"build_version":"2018-07-19v2","purchased_purges":3,"victory":true,"max_hp_per_floor":[70,70,70,70,70,70,84,84,84,84,84,84,84,84,84,84,84,84,84,84,84,84,84,84,84,84,84,84,84,84,84,84,84,84,84,84,84,84,84,84,84,84,84,84,84,84,84,84,84,84],"card_choices":[{"not_picked":["Masterful Stab","Outmaneuver"],"picked":"Endless Agony","floor":1.0},{"not_picked":["PiercingWail","Dagger Spray","Dodge and Roll"],"picked":"SKIP","floor":3.0},{"not_picked":["Dagger Throw","Setup","Predator"],"picked":"SKIP","floor":4.0},{"not_picked":["Terror","Predator"],"picked":"Backflip","floor":7.0},{"not_picked":["Deflect","Dodge and Roll"],"picked":"Cloak And Dagger","floor":12.0},{"not_picked":["Outmaneuver","Reflex"],"picked":"Blur","floor":14.0},{"not_picked":["Envenom","Storm of Steel"],"picked":"Burst","floor":16.0},{"not_picked":["Flying Knee+1","Noxious Fumes+1"],"picked":"Dagger Throw+1","floor":18.0},{"not_picked":["Dagger Throw","Slice"],"picked":"Skewer","floor":20.0},{"not_picked":["Deflect+1","Quick Slash+1"],"picked":"Choke+1","floor":24.0},{"not_picked":["Poisoned Stab","Bane+1"],"picked":"Backflip+1","floor":28.0},{"not_picked":["PiercingWail","Outmaneuver","Prepared+1"],"picked":"SKIP","floor":30.0},{"not_picked":["Catalyst","Setup","Bane"],"picked":"SKIP","floor":31.0},{"not_picked":["Doppelganger","Storm of Steel"],"picked":"Night Terror","floor":33.0},{"not_picked":["PiercingWail","Deadly Poison"],"picked":"Slice+1","floor":35.0},{"not_picked":["Quick Slash","Acrobatics"],"picked":"Leg Sweep+1","floor":37.0},{"not_picked":["Dagger Throw+1","Flying Knee"],"picked":"Accuracy","floor":38.0},{"not_picked":["Crippling Poison","Prepared+1","Night Terror"],"picked":"SKIP","floor":40.0},{"not_picked":["Catalyst+1","Deflect","Quick Slash+1"],"picked":"SKIP","floor":41.0},{"not_picked":["Reflex+1","Calculated Gamble","Concentrate+1"],"picked":"SKIP","floor":42.0},{"not_picked":["Tactician","Bane","Quick Slash+1"],"picked":"SKIP","floor":45.0},{"not_picked":["Flying Knee+1","Poisoned Stab+1","Bane+1"],"picked":"SKIP","floor":48}],"player_experience":102208,"relics_obtained":[{"floor":7.0,"key":"Mango"},{"floor":9.0,"key":"Ginger"},{"floor":11.0,"key":"Art of War"},{"floor":14.0,"key":"Happy Flower"},{"floor":19.0,"key":"War Paint"},{"floor":24.0,"key":"Anchor"},{"floor":26.0,"key":"Centennial Puzzle"},{"floor":36.0,"key":"Girya"},{"floor":40.0,"key":"Snake Skull"},{"floor":42.0,"key":"Pen Nib"},{"floor":43.0,"key":"Bag of Marbles"},{"floor":44.0,"key":"Thread and Needle"}],"event_choices":[{"event_name":"World of Goop","player_choice":"Gather Gold","floor":5.0,"damage_taken":0.0},{"event_name":"Addict","player_choice":"Obtained Relic","floor":21.0,"damage_taken":0.0},{"event_name":"MindBloom","player_choice":"Fight","floor":36.0,"damage_taken":0.0},{"event_name":"Winding Halls","player_choice":"Writhe","floor":39.0,"damage_taken":0.0},{"event_name":"Mysterious Sphere","player_choice":"Fight","floor":44.0,"damage_taken":0.0}],"is_beta":false,"boss_relics":[{"not_picked":["Velvet Choker","Lizard Tail"],"picked":"Sozu"},{"not_picked":["Tiny House","Fusion Hammer"],"picked":"WristBlade"}],"items_purged_floors":[22,27,47],"is_endless":false,"potions_floor_spawned":[1,4,16,18,24,28,37,38,41,42],"ascension_level":2}