{"gold_per_floor":[119,119,119,132,148,173,173,206,231,265,277,277,252,278,278,374,374,393,422,332,343,355,355,381,381,404,438,456,456,91,120,120,224,224,234,234,245,256,6,19,38,38,38,38,138,138,148,158,158,158],"floor_reached":51,"playtime":5700,"items_purged":["Strike_R","Defend_R"],"score":1004,"play_id":"67c9a8c1-20dd-4b8c-ab39-13cf95eb6b36","local_time":"20190407200818","is_ascension_mode":true,"campfire_choices":[{"floor":7,"key":"REST"},{"floor":12,"key":"REST"},{"data":"Body Slam","floor":15,"key":"SMITH"},{"data":"Entrench","floor":23,"key":"SMITH"},{"data":"Barricade","floor":25,"key":"SMITH"},{"data":"Strike_R","floor":32,"key":"PURGE"},{"data":"Impervious","floor":44,"key":"SMITH"},{"data":"Body Slam","floor":46,"key":"SMITH"},{"floor":49,"key":"DIG"}],"neow_cost":"NONE","seed_source_timestamp":2407869193950764,"circlet_count":0,"master_deck":["Defend_R+1","Defend_R+1","Defend_R","Bash+1","Entrench+1","Armaments","Body Slam+1","Ghostly Armor","Barricade+1","Body Slam+1","Impervious+1","Thunderclap+1"],"relics":["Burning Blood","Vajra","Bag of Marbles","PreservedInsect","Bottled Lightning","Calipers","Sozu","Red Mask","Shovel","Centennial Puzzle","Peace Pipe","Thread and Needle","Art of War","Coffee Dripper","Blood Vial","Dream Catcher","Strawberry"],"potions_floor_usage":[16,50,50],"damage_taken":[{"damage":1,"enemies":"Small Slimes","floor":1,"turns":4},{"damage":2,"enemies":"2 Louse","floor":4,"turns":2},{"damage":0,"enemies":"Cultist","floor":5,"turns":3},{"damage":56,"enemies":"Gremlin Nob","floor":6,"turns":6},{"damage":35,"enemies":"3 Sentries","floor":8,"turns":16},{"damage":23,"enemies":"Gremlin Nob","floor":10,"turns":4},{"damage":6,"enemies":"2 Fungi Beasts","floor":11,"turns":6},{"damage":0,"enemies":"Exordium Thugs","floor":13,"turns":5},{"damage":7,"enemies":"Lagavulin","floor":14,"turns":6},{"damage":1,"enemies":"The Guardian","floor":16,"turns":9},{"damage":32,"enemies":"3 Byrds","floor":18,"turns":8},{"damage":43,"enemies":"Masked Bandits","floor":19,"turns":6},{"damage":6,"enemies":"2 Thieves","floor":21,"turns":4},{"damage":0,"enemies":"Chosen and Byrds","floor":22,"turns":9},{"damage":8,"enemies":"Slavers","floor":24,"turns":6},{"damage":14,"enemies":"Book of Stabbing","floor":27,"turns":4},{"damage":0,"enemies":"Snecko","floor":28,"turns":3},{"damage":0,"enemies":"Gremlin Leader","floor":31,"turns":3},{"damage":0,"enemies":"Collector","floor":33,"turns":5},{"damage":0,"enemies":"Orb Walker","floor":35,"turns":4},{"damage":0,"enemies":"3 Shapes","floor":37,"turns":5},{"damage":8,"enemies":"Transient","floor":38,"turns":5},{"damage":0,"enemies":"Sphere and 2 Shapes","floor":40,"turns":3},{"damage":0,"enemies":"Maw","floor":41,"turns":3},{"damage":0,"enemies":"3 Darklings","floor":47,"turns":5},{"damage":0,"enemies":"Jaw Worm Horde","floor":48,"turns":3},{"damage":0,"enemies":"Time Eater","floor":50,"turns":4}],"seed_played":"-5997191335837001419","potions_obtained":[{"floor":5,"key":"Ancient Potion"},{"floor":10,"key":"Energy Potion"},{"floor":11,"key":"FearPotion"}],"is_trial":false,"path_per_floor":["M","?","?","M","M","E","R","E","T","E","M","R","M","E","R","B",null,"M","?","?","M","M","R","E","R","T","E","M","?","$","E","R","B",null,"M","?","M","M","$","M","M","?","T","R","?","R","M","M","R","B",null],"character_chosen":"IRONCLAD","items_purchased":["Thread and Needle","Blood Vial"],"campfire_rested":2,"item_purchase_floors":[30,39],"current_hp_per_floor":[80,85,68,72,78,28,53,24,24,7,7,32,38,37,37,42,85,59,22,22,22,28,28,26,26,26,18,24,24,24,30,30,36,85,85,85,85,83,83,85,85,85,85,85,85,85,85,85,92,92],"gold":158,"neow_bonus":"TRANSFORM_CARD","is_prod":false,"is_daily":false,"chose_seed":false,"campfire_upgraded":5,"win_rate":0,"timestamp":1554660498,"path_taken":["M","?","?","M","M","E","R","E","T","E","M","R","M","E","R","BOSS","M","?","?","M","?","R","E","R","T","E","M","?","?","E","R","BOSS","M","?","M","M","$","M","M","?","T","R","?","R","M","M","R","BOSS"],"build_version":"2019-01-23","purchased_purges":2,"victory":true,"max_hp_per_floor":[80,85,85,85,85,85,85,85,85,85,85,85,85,85,85,85,85,85,85,85,85,85,85,85,85,85,85,85,85,85,85,85,85,85,85,85,85,85,85,85,85,85,85,85,85,85,85,85,92,92],"card_choices":[{"not_picked":["Sword Boomerang","Sever Soul","Anger"],"picked":"SKIP","floor":1},{"not_picked":["Pommel Strike","Feel No Pain"],"picked":"Armaments","floor":4},{"not_picked":["Clothesline","Sword Boomerang","Perfected Strike"],"picked":"SKIP","floor":5},{"not_picked":["Dual Wield","Fire Breathing","Burning Pact"],"picked":"SKIP","floor":6},{"not_picked":["Iron Wave","Double Tap"],"picked":"Body Slam","floor":8},{"not_picked":["Inflame","Wild Strike","Havoc"],"picked":"SKIP","floor":10},{"not_picked":["Sword Boomerang","Thunderclap"],"picked":"Ghostly Armor","floor":11},{"not_picked":["Thunderclap","Pommel Strike","Blood for Blood"],"picked":"SKIP","floor":13},{"not_picked":["Evolve","Sever Soul"],"picked":"Barricade","floor":14},{"not_picked":["Hemokinesis","Shockwave","Perfected Strike"],"picked":"SKIP","floor":18},{"not_picked":["Clash","Headbutt+1"],"picked":"Body Slam","floor":19},{"not_picked":["Corruption+1","Warcry+1","Power Through+1"],"picked":"SKIP","floor":21},{"not_picked":["Clash","Reckless Charge","Headbutt"],"picked":"SKIP","floor":22},{"not_picked":["Clothesline","Rampage","Corruption"],"picked":"SKIP","floor":24},{"not_picked":["Seeing Red","Bludgeon","Anger"],"picked":"SKIP","floor":27},{"not_picked":["Headbutt+1","Armaments+1","Pommel Strike"],"picked":"SKIP","floor":28},{"not_picked":["Twin Strike","Uppercut","Dual Wield"],"picked":"SKIP","floor":31},{"not_picked":["Bludgeon","Offering"],"picked":"Impervious","floor":33},{"not_picked":["True Grit","Disarm+1","Anger"],"picked":"SKIP","floor":35},{"not_picked":["Searing Blow+1","Sword Boomerang+1","Body Slam"],"picked":"SKIP","floor":37},{"not_picked":["Sever Soul","True Grit","Armaments+1"],"picked":"SKIP","floor":38},{"not_picked":["Armaments+1","True Grit+1","Sentinel+1"],"picked":"SKIP","floor":40},{"not_picked":["Sever Soul+1","Clash","Ghostly Armor+1"],"picked":"SKIP","floor":41},{"not_picked":["Clash+1","True Grit+1"],"picked":"Thunderclap+1","floor":47},{"not_picked":["Anger","Cleave","Thunderclap+1"],"picked":"SKIP","floor":48}],"player_experience":152077,"relics_obtained":[{"floor":6,"key":"Vajra"},{"floor":8,"key":"Bag of Marbles"},{"floor":9,"key":"PreservedInsect"},{"floor":10,"key":"Bottled Lightning"},{"floor":14,"key":"Calipers"},{"floor":19,"key":"Red Mask"},{"floor":24,"key":"Shovel"},{"floor":26,"key":"Centennial Puzzle"},{"floor":27,"key":"Peace Pipe"},{"floor":31,"key":"Art of War"},{"floor":43,"key":"Dream Catcher"},{"floor":49,"key":"Strawberry"}],"event_choices":[{"damage_healed":0,"gold_gain":0,"player_choice":"Donut","damage_taken":0,"max_hp_gain":5,"max_hp_loss":0,"event_name":"Big Fish","floor":2,"gold_loss":0},{"damage_healed":0,"gold_gain":0,"player_choice":"Entered Light","damage_taken":17,"max_hp_gain":0,"max_hp_loss":0,"event_name":"Shining Light","floor":3,"gold_loss":0,"cards_upgraded":["Bash","Defend_R"]},{"damage_healed":0,"gold_gain":0,"player_choice":"Fought Bandits","damage_taken":0,"max_hp_gain":0,"max_hp_loss":0,"event_name":"Masked Bandits","floor":19,"gold_loss":0},{"cards_removed":["Strike_R"],"damage_healed":0,"gold_gain":0,"player_choice":"Upgrade and Remove","damage_taken":0,"max_hp_gain":0,"max_hp_loss":0,"event_name":"Designer","floor":20,"gold_loss":90,"cards_upgraded":["Defend_R"]},{"cards_removed":["Strike_R"],"damage_healed":0,"gold_gain":0,"player_choice":"Purged","damage_taken":0,"max_hp_gain":0,"max_hp_loss":0,"event_name":"Purifier","floor":29,"gold_loss":0},{"damage_healed":0,"gold_gain":0,"player_choice":"Ignored","damage_taken":0,"max_hp_gain":0,"max_hp_loss":0,"event_name":"Tomb of Lord Red Mask","floor":36,"gold_loss":0},{"damage_healed":0,"gold_gain":0,"player_choice":"Memory 1","damage_taken":0,"max_hp_gain":0,"max_hp_loss":0,"event_name":"SensoryStone","floor":42,"gold_loss":0},{"damage_healed":0,"gold_gain":100,"player_choice":"Pray","damage_taken":0,"max_hp_gain":0,"max_hp_loss":0,"event_name":"Golden Shrine","floor":45,"gold_loss":0}],"is_beta":false,"boss_relics":[{"not_picked":["Runic Cube","Mark of Pain"],"picked":"Sozu"},{"not_picked":["Orrery","Tiny House"],"picked":"Coffee Dripper"}],"items_purged_floors":[30,39],"is_endless":false,"potions_floor_spawned":[5,10,11,14,21,22,33,35,40,47],"ascension_level":4}