{"gold_per_floor":[111,125,125,138,98,98,111,111,111,111,121,136,166,178,178,279,279,292,304,219,250,262,274],"floor_reached":23,"playtime":2864,"items_purged":[],"score":195,"play_id":"fe8c358d-5c58-4a33-9629-d6f2bc8baece","local_time":"20180720145941","is_ascension_mode":false,"campfire_choices":[{"data":"Anger","floor":6,"key":"SMITH"},{"data":"Bash","floor":8,"key":"SMITH"},{"data":"Whirlwind","floor":10,"key":"SMITH"},{"data":"Seeing Red","floor":15,"key":"SMITH"}],"neow_cost":"","seed_source_timestamp":211852195808196,"circlet_count":0,"master_deck":["Strike_R","Strike_R","Strike_R","Strike_R","Strike_R","Defend_R","Defend_R","Defend_R","Bash+1","Anger+1","Ghostly Armor","Whirlwind+1","Shockwave","Sword Boomerang","Dropkick","Seeing Red+1","Offering","Searing Blow","Fiend Fire","Body Slam+1","Perfected Strike","Perfected Strike"],"relics":["Burning Blood","Mercury Hourglass","Sundial","Velvet Choker","MawBank","Enchiridion"],"potions_floor_usage":[16],"damage_taken":[{"damage":1,"enemies":"Jaw Worm","floor":1,"turns":3},{"damage":1,"enemies":"Cultist","floor":2,"turns":4},{"damage":5,"enemies":"Small Slimes","floor":4,"turns":4},{"damage":9,"enemies":"Blue Slaver","floor":7,"turns":3},{"damage":0,"enemies":"2 Fungi Beasts","floor":11,"turns":1},{"damage":3,"enemies":"Red Slaver","floor":12,"turns":2},{"damage":8,"enemies":"3 Sentries","floor":13,"turns":3},{"damage":0,"enemies":"Exordium Wildlife","floor":14,"turns":1},{"damage":47,"enemies":"The Guardian","floor":16,"turns":8},{"damage":17,"enemies":"Shell Parasite","floor":18,"turns":2},{"damage":10,"enemies":"Spheric Guardian","floor":19,"turns":3},{"damage":20,"enemies":"Snake Plant","floor":21,"turns":3},{"damage":35,"enemies":"Gremlin Leader","floor":23,"turns":4}],"seed_played":"9004552228557788092","potions_obtained":[{"floor":1,"key":"SkillPotion"},{"floor":2,"key":"SteroidPotion"},{"floor":11,"key":"Explosive Potion"},{"floor":12,"key":"LiquidBronze"}],"is_trial":false,"path_per_floor":["M","M","?","M","$","R","M","R","T","R","M","M","E","M","R","B",null,"M","M","?","M","?"],"character_chosen":"IRONCLAD","items_purchased":["Shockwave"],"campfire_rested":0,"item_purchase_floors":[5],"current_hp_per_floor":[80,80,80,80,80,80,77,77,77,77,80,80,78,80,80,39,80,69,65,65,51,35,0],"gold":274,"neow_bonus":"","is_prod":false,"is_daily":false,"chose_seed":false,"campfire_upgraded":4,"win_rate":0.0,"timestamp":1532091581,"path_taken":["M","M","?","M","$","R","M","R","T","R","M","M","E","M","R","BOSS","M","M","?","?","?","E"],"build_version":"2018-07-19v2","purchased_purges":0,"victory":false,"max_hp_per_floor":[80,80,80,80,80,80,80,80,80,80,80,80,80,80,80,80,80,80,80,80,80,80,80],"card_choices":[{"not_picked":["Whirlwind","Perfected Strike"],"picked":"Anger","floor":1},{"not_picked":["Perfected Strike","Thunderclap"],"picked":"Ghostly Armor","floor":2},{"not_picked":["Dropkick","Flame Barrier"],"picked":"Whirlwind","floor":4},{"not_picked":["Warcry","Entrench"],"picked":"Sword Boomerang","floor":7},{"not_picked":["Disarm","Body Slam"],"picked":"Dropkick","floor":11},{"not_picked":["Metallicize","Shrug It Off"],"picked":"Seeing Red","floor":12},{"not_picked":["Sword Boomerang","Armaments"],"picked":"Offering","floor":13},{"not_picked":["Pommel Strike","Sever Soul"],"picked":"Searing Blow","floor":14},{"not_picked":["Berserk","Demon Form"],"picked":"Fiend Fire","floor":16},{"not_picked":["Sword Boomerang","Pommel Strike"],"picked":"Body Slam+1","floor":18},{"not_picked":["Sword Boomerang","Entrench"],"picked":"Perfected Strike","floor":19},{"not_picked":["Cleave","Warcry"],"picked":"Perfected Strike","floor":21}],"player_experience":0,"relics_obtained":[{"floor":9,"key":"Mercury Hourglass"},{"floor":13,"key":"Sundial"},{"floor":22,"key":"Enchiridion"}],"event_choices":[{"event_name":"Purifier","player_choice":"One Purge","floor":3,"damage_taken":0},{"event_name":"Addict","player_choice":"Obtained Relic","floor":20,"damage_taken":0},{"event_name":"Cursed Tome","player_choice":"Obtained Book","floor":22,"damage_taken":0}],"is_beta":false,"boss_relics":[{"not_picked":["Empty Cage","Runic Dome"],"picked":"Velvet Choker"}],"items_purged_floors":[],"is_endless":false,"potions_floor_spawned":[1,2,11,12,14],"killed_by":"Gremlin Leader","ascension_level":0}