{"gold_per_floor":[114,126,126,126,144,174,174,174,174,174,199,199,218,234,234,333,333,313,330,330,17,17,44,44,79,103,103,113,113,188,198,198,303,303,318,318,337,347,347,347,347],"floor_reached":41,"playtime":2812,"items_purged":["Strike_G"],"score":660,"play_id":"ab37d046-7980-4491-83e7-4313574088f3","local_time":"20190329201721","is_ascension_mode":true,"campfire_choices":[{"floor":7.0,"key":"DIG"},{"data":"Predator","floor":10.0,"key":"SMITH"},{"floor":12.0,"key":"DIG"},{"data":"Malaise","floor":15.0,"key":"SMITH"},{"floor":24,"key":"REST"},{"floor":29,"key":"REST"},{"floor":32,"key":"DIG"},{"floor":40,"key":"DIG"}],"neow_cost":"NONE","seed_source_timestamp":711179561756982,"circlet_count":0,"master_deck":["Defend_G","Defend_G","Defend_G+1","Defend_G","Strike_G+1","Survivor","Neutralize+1","Terror","Predator+1","Bouncing Flask","Backflip","Malaise+1","Doppelganger","PiercingWail+1","Caltrops","Slice","Blur","Calculated Gamble+1","Adrenaline","Setup","Poisoned Stab+1","Madness","Madness"],"special_seed":0,"relics":["Velvet Choker","Shovel","Regal Pillow","Unceasing Top","Strawberry","Black Star","OrangePellets","Sundial","Kunai","Whetstone","Shuriken","Boot","Bottled Tornado","Lantern","Fusion Hammer","Bronze Scales"],"potions_floor_usage":[23,23,41,41],"damage_taken":[{"damage":0.0,"enemies":"Small Slimes","floor":1.0,"turns":4.0},{"damage":9.0,"enemies":"2 Louse","floor":2.0,"turns":4.0},{"damage":0.0,"enemies":"Cultist","floor":5.0,"turns":3.0},{"damage":10.0,"enemies":"Lagavulin","floor":6.0,"turns":7.0},{"damage":10.0,"enemies":"Gremlin Nob","floor":11.0,"turns":3.0},{"damage":9.0,"enemies":"Gremlin Gang","floor":13.0,"turns":3.0},{"damage":0.0,"enemies":"2 Fungi Beasts","floor":14.0,"turns":4.0},{"damage":0.0,"enemies":"The Guardian","floor":16.0,"turns":11.0},{"damage":12.0,"enemies":"2 Thieves","floor":18.0,"turns":4.0},{"damage":11.0,"enemies":"3 Byrds","floor":19.0,"turns":8.0},{"damage":20,"enemies":"Book of Stabbing","floor":23,"turns":7},{"damage":38,"enemies":"Gremlin Leader","floor":25,"turns":8},{"damage":6,"enemies":"Snake Plant","floor":28,"turns":6},{"damage":0,"enemies":"3 Cultists","floor":31,"turns":7},{"damage":37,"enemies":"Champ","floor":33,"turns":17},{"damage":4,"enemies":"3 Shapes","floor":35,"turns":7},{"damage":3,"enemies":"Orb Walker","floor":37,"turns":4},{"damage":2,"enemies":"Maw","floor":38,"turns":9},{"damage":73,"enemies":"Giant Head","floor":41,"turns":11}],"seed_played":"1216646249613637955","potions_obtained":[{"floor":2.0,"key":"Swift Potion"},{"floor":6.0,"key":"Explosive Potion"},{"floor":11.0,"key":"Swift Potion"},{"floor":16.0,"key":"AttackPotion"},{"floor":18.0,"key":"SpeedPotion"},{"floor":25,"key":"GhostInAJar"},{"floor":33,"key":"Regen Potion"}],"is_trial":false,"path_per_floor":["M","M","?","?","M","E","R","?","T","R","E","R","M","M","R","B",null,"M","M","?","$","?","E","R","E","T","$","M","R","T","M","R","B",null,"M","?","M","M","?","R","E"],"character_chosen":"THE_SILENT","items_purchased":["OrangePellets","Caltrops"],"campfire_rested":2,"item_purchase_floors":[21,21],"current_hp_per_floor":[63,54,54,40,40,30,30,30,30,30,20,27,18,18,18,18,62,50,39,39,39,39,19,57,19,19,19,13,51,51,51,51,14,61,57,57,54,52,42,42,0],"gold":347,"neow_bonus":"BOSS_RELIC","is_prod":false,"is_daily":false,"chose_seed":false,"campfire_upgraded":2,"win_rate":0,"timestamp":1553887041,"path_taken":["M","M","?","?","M","E","R","?","T","R","E","R","M","?","R","BOSS","M","?","?","?","?","E","R","E","T","$","M","R","?","?","R","BOSS","M","?","M","M","?","R","E"],"build_version":"2019-01-23","purchased_purges":1,"victory":false,"max_hp_per_floor":[70,70,70,70,70,70,70,70,70,70,70,77,77,77,77,77,77,77,77,77,77,77,77,77,77,77,77,77,77,77,77,77,77,77,77,77,77,77,77,77,77],"card_choices":[{"not_picked":["Deflect","Reflex"],"picked":"Terror","floor":1.0},{"not_picked":["Slice","Eviscerate","Finisher"],"picked":"SKIP","floor":2.0},{"not_picked":["Backflip","Acrobatics"],"picked":"Predator","floor":5.0},{"not_picked":["Flechettes","Poisoned Stab"],"picked":"Bouncing Flask","floor":6.0},{"not_picked":["Finisher","Blur","Infinite Blades"],"picked":"SKIP","floor":11.0},{"not_picked":["Blade Dance","Dagger Spray"],"picked":"Backflip","floor":13.0},{"not_picked":["Sucker Punch","Deflect"],"picked":"Malaise","floor":14.0},{"not_picked":["After Image","Burst"],"picked":"Doppelganger","floor":16.0},{"not_picked":["Underhanded Strike","Bane+1","Sucker Punch"],"picked":"SKIP","floor":18.0},{"not_picked":["Cloak And Dagger","Blade Dance"],"picked":"PiercingWail+1","floor":19.0},{"not_picked":["Escape Plan","PiercingWail+1","Flying Knee"],"picked":"SKIP","floor":23},{"not_picked":["Deadly Poison+1","Cloak And Dagger","Eviscerate"],"picked":"SKIP","floor":25},{"not_picked":["Sucker Punch","Cloak And Dagger","Poisoned Stab+1"],"picked":"SKIP","floor":28},{"not_picked":["Flechettes+1","Flying Knee"],"picked":"Calculated Gamble+1","floor":31},{"not_picked":["Envenom","Venomology"],"picked":"Adrenaline","floor":33},{"not_picked":["Blade Dance+1","Deadly Poison","Masterful Stab+1"],"picked":"SKIP","floor":35},{"not_picked":["PiercingWail+1","Poisoned Stab"],"picked":"Setup","floor":37},{"not_picked":["Deflect+1","PiercingWail"],"picked":"Poisoned Stab+1","floor":38}],"player_experience":282312,"relics_obtained":[{"floor":6.0,"key":"Shovel"},{"floor":7.0,"key":"Regal Pillow"},{"floor":11.0,"key":"Unceasing Top"},{"floor":12.0,"key":"Strawberry"},{"floor":23,"key":"Sundial"},{"floor":23,"key":"Kunai"},{"floor":25,"key":"Whetstone"},{"floor":25,"key":"Shuriken"},{"floor":26,"key":"Boot"},{"floor":30,"key":"Bottled Tornado"},{"floor":32,"key":"Lantern"},{"floor":40,"key":"Bronze Scales"}],"event_choices":[{"damage_healed":0.0,"max_hp_gain":0.0,"max_hp_loss":0.0,"gold_gain":0.0,"event_name":"Liars Game","player_choice":"Ignored","floor":3.0,"gold_loss":0.0,"damage_taken":0.0},{"damage_healed":0.0,"max_hp_gain":0.0,"max_hp_loss":0.0,"gold_gain":0.0,"event_name":"Shining Light","player_choice":"Entered Light","floor":4.0,"gold_loss":0.0,"damage_taken":14.0,"cards_upgraded":["Defend_G","Neutralize"]},{"cards_removed":["Strike_G"],"damage_healed":0.0,"max_hp_gain":0.0,"max_hp_loss":0.0,"gold_gain":0.0,"event_name":"Purifier","player_choice":"Purged","floor":8.0,"gold_loss":0.0,"damage_taken":0.0},{"damage_healed":0.0,"max_hp_gain":0.0,"max_hp_loss":0.0,"gold_gain":0.0,"event_name":"N\u0027loth","player_choice":"Ignored","floor":20.0,"gold_loss":0.0,"damage_taken":0.0},{"damage_healed":0.0,"max_hp_gain":0.0,"max_hp_loss":0.0,"gold_gain":0.0,"cards_transformed":["Defend_G","Strike_G"],"event_name":"Drug Dealer","player_choice":"Became Test Subject","floor":22.0,"gold_loss":0.0,"damage_taken":0.0,"cards_obtained":["Slice","Blur"]},{"cards_removed":["Strike_G"],"damage_healed":0,"gold_gain":0,"player_choice":"Removed Attack","damage_taken":0,"max_hp_gain":0,"max_hp_loss":0,"event_name":"Falling","floor":36,"gold_loss":0},{"damage_healed":0,"gold_gain":0,"player_choice":"Embrace Madness","damage_taken":10,"max_hp_gain":0,"max_hp_loss":0,"event_name":"Winding Halls","floor":39,"gold_loss":0,"cards_obtained":["Madness","Madness"]}],"is_beta":false,"boss_relics":[{"not_picked":["Cursed Key","WristBlade"],"picked":"Black Star"},{"not_picked":["Philosopher\u0027s Stone","Lizard Tail"],"picked":"Fusion Hammer"}],"items_purged_floors":[21],"is_endless":false,"potions_floor_spawned":[2,6,11,16,18,25,33,37],"killed_by":"Giant Head","ascension_level":7}