{"gold_per_floor":[117,136,148,71,85,85,115,115,115,115,115,132,159,159,159,256,256,268,42,42,72,82,82,110,121,146,146],"floor_reached":27,"playtime":2108,"items_purged":[],"score":265,"play_id":"2b1de6de-d9a4-46f6-bf8f-eb5f432b5aa4","local_time":"20190501201248","is_ascension_mode":true,"campfire_choices":[{"data":"Rupture","floor":6,"key":"SMITH"},{"floor":8,"key":"REST"},{"data":"Bash","floor":10,"key":"SMITH"},{"floor":15,"key":"REST"},{"floor":23,"key":"DIG"}],"neow_cost":"NONE","seed_source_timestamp":1881612997200,"circlet_count":0,"master_deck":["Strike_R+1","Strike_R","Strike_R+1","Strike_R","Defend_R+1","Defend_R+1","Defend_R","Defend_R","Bash+1","Brutality","Twin Strike","Thunderclap","Rupture+1","Rupture","Cleave","Anger","Uppercut","Immolate","Combust+1","Shame","Whirlwind"],"relics":["Burning Blood","Frozen Egg 2","Du-Vu Doll","Shovel","Busted Crown","War Paint","Tiny Chest","Kunai","Letter Opener","Centennial Puzzle"],"potions_floor_usage":[7,13,16,24],"damage_taken":[{"damage":3,"enemies":"Cultist","floor":1,"turns":3},{"damage":8,"enemies":"Jaw Worm","floor":2,"turns":5},{"damage":12,"enemies":"2 Louse","floor":3,"turns":3},{"damage":26,"enemies":"Large Slime","floor":5,"turns":6},{"damage":22,"enemies":"3 Sentries","floor":7,"turns":6},{"damage":24,"enemies":"Blue Slaver","floor":12,"turns":4},{"damage":26,"enemies":"Gremlin Nob","floor":13,"turns":4},{"damage":49,"enemies":"The Guardian","floor":16,"turns":9},{"damage":28,"enemies":"2 Thieves","floor":18,"turns":4},{"damage":15,"enemies":"Shell Parasite","floor":22,"turns":3},{"damage":45,"enemies":"Book of Stabbing","floor":24,"turns":5},{"damage":18,"enemies":"Chosen and Byrds","floor":25,"turns":4},{"damage":12,"enemies":"Snake Plant","floor":27,"turns":2}],"seed_played":"-3966506907404899413","potions_obtained":[{"floor":1,"key":"Regen Potion"},{"floor":2,"key":"Swift Potion"},{"floor":7,"key":"Regen Potion"},{"floor":18,"key":"Regen Potion"},{"floor":25,"key":"Dexterity Potion"}],"is_trial":false,"path_per_floor":["M","M","M","$","M","R","E","R","T","R","?","M","E","?","R","B",null,"M","$","?","?","M","R","E","M","T","M"],"character_chosen":"IRONCLAD","items_purchased":["Rupture","Combust+1","War Paint"],"campfire_rested":2,"item_purchase_floors":[4,19,19],"current_hp_per_floor":[80,78,72,72,52,52,48,72,72,72,72,54,46,30,54,11,80,58,58,58,58,49,49,24,12,12,0],"gold":146,"neow_bonus":"TRANSFORM_CARD","is_prod":false,"is_daily":false,"chose_seed":false,"campfire_upgraded":2,"win_rate":0,"timestamp":1556734368,"path_taken":["M","M","?","$","M","R","E","R","T","R","?","?","E","?","R","BOSS","M","$","?","?","M","R","E","M","T","M"],"build_version":"2019-01-23","purchased_purges":0,"victory":false,"max_hp_per_floor":[80,80,80,80,80,80,80,80,80,80,80,80,80,80,80,80,80,80,80,80,80,80,80,80,80,80,80],"card_choices":[{"not_picked":["Body Slam","Evolve"],"picked":"Twin Strike","floor":1},{"not_picked":["Armaments","Feel No Pain","Sentinel"],"picked":"SKIP","floor":2},{"not_picked":["True Grit","Clothesline"],"picked":"Thunderclap","floor":3},{"not_picked":["Blood for Blood","Clothesline"],"picked":"Rupture","floor":5},{"not_picked":["Flex","Perfected Strike"],"picked":"Cleave","floor":7},{"not_picked":["True Grit","Dark Embrace+1"],"picked":"Anger","floor":12},{"not_picked":["Sever Soul","Clash"],"picked":"Uppercut","floor":13},{"not_picked":["Berserk+1","Bludgeon"],"picked":"Immolate","floor":16},{"not_picked":["Armaments"],"picked":"SKIP","floor":18},{"not_picked":["Corruption+1"],"picked":"SKIP","floor":22},{"not_picked":[],"picked":"Whirlwind","floor":24},{"not_picked":["Havoc+1"],"picked":"SKIP","floor":25}],"player_experience":154653,"relics_obtained":[{"floor":7,"key":"Frozen Egg 2"},{"floor":9,"key":"Du-Vu Doll"},{"floor":13,"key":"Shovel"},{"floor":23,"key":"Kunai"},{"floor":24,"key":"Letter Opener"},{"floor":26,"key":"Centennial Puzzle"}],"event_choices":[{"damage_healed":0,"gold_gain":0,"player_choice":"Ignored","damage_taken":0,"max_hp_gain":0,"max_hp_loss":0,"event_name":"NoteForYourself","floor":11,"gold_loss":0},{"damage_healed":0,"gold_gain":0,"player_choice":"Entered Light","damage_taken":16,"max_hp_gain":0,"max_hp_loss":0,"event_name":"Shining Light","floor":14,"gold_loss":0,"cards_upgraded":["Strike_R","Strike_R"]},{"damage_healed":0,"gold_gain":0,"player_choice":"Ignored","damage_taken":0,"max_hp_gain":0,"max_hp_loss":0,"event_name":"Beggar","floor":20,"gold_loss":0},{"damage_healed":0,"gold_gain":0,"player_choice":"Stole Relic","damage_taken":0,"relics_obtained":["Tiny Chest"],"max_hp_gain":0,"max_hp_loss":0,"event_name":"Addict","floor":21,"gold_loss":0,"cards_obtained":["Shame"]}],"is_beta":false,"boss_relics":[{"not_picked":["Orrery","Astrolabe"],"picked":"Busted Crown"}],"items_purged_floors":[],"is_endless":false,"potions_floor_spawned":[1,2,7,18,25],"killed_by":"Snake Plant","ascension_level":2}