{"gold_per_floor":[112,112,131,147,34,62,62,96,96,96,96,113,147,166,166,265,265,282,282,282,232,252,279,279,308,362,377,410,410,429,79,79,79],"floor_reached":33,"playtime":2575,"items_purged":["Defend_G","Decay"],"score":339,"play_id":"b4d098b8-ee21-492f-b544-71d1e6aab3cb","local_time":"20180908204616","is_ascension_mode":true,"campfire_choices":[{"data":"Infinite Blades","floor":7,"key":"SMITH"},{"data":"Blade Dance","floor":15,"key":"SMITH"},{"data":"1","floor":29,"key":"LIFT"},{"data":"2","floor":32,"key":"LIFT"}],"neow_cost":"NONE","seed_source_timestamp":115659723092893,"circlet_count":0,"master_deck":["Defend_G","Defend_G","Defend_G","Strike_G","Strike_G","Strike_G","Strike_G","Strike_G","Survivor","Neutralize+1","Dodge and Roll","Acrobatics","Sucker Punch","Infinite Blades+1","Caltrops","Blade Dance+1","Deflect","Cloak And Dagger","Infinite Blades","Unload","Calculated Gamble","Leg Sweep","Writhe","Flying Knee+1"],"special_seed":0,"relics":["Ring of the Snake","Vajra","Mango","Dodecahedron","PreservedInsect","Meat on the Bone","Snecko Eye","FossilizedHelix","Oddly Smooth Stone","Boot","Girya","Snake Skull","Pantograph","Paper Crane"],"potions_floor_usage":[6,8,16,23,27,27,28],"damage_taken":[{"damage":0,"enemies":"2 Louse","floor":1,"turns":3},{"damage":2,"enemies":"Cultist","floor":3,"turns":5},{"damage":0,"enemies":"Jaw Worm","floor":4,"turns":8},{"damage":12,"enemies":"Lagavulin","floor":6,"turns":7},{"damage":10,"enemies":"3 Sentries","floor":8,"turns":7},{"damage":11,"enemies":"Lots of Slimes","floor":12,"turns":4},{"damage":9,"enemies":"Lagavulin","floor":13,"turns":5},{"damage":0,"enemies":"Looter","floor":14,"turns":3},{"damage":39,"enemies":"The Guardian","floor":16,"turns":14},{"damage":5,"enemies":"3 Byrds","floor":18,"turns":3},{"damage":23,"enemies":"Chosen","floor":22,"turns":6},{"damage":15,"enemies":"Gremlin Leader","floor":23,"turns":4},{"damage":23,"enemies":"Book of Stabbing","floor":25,"turns":4},{"damage":4,"enemies":"Snake Plant","floor":27,"turns":4},{"damage":9,"enemies":"Gremlin Leader","floor":28,"turns":4},{"damage":18,"enemies":"Centurion and Healer","floor":30,"turns":7},{"damage":80,"enemies":"Collector","floor":33,"turns":9}],"seed_played":"3021336915852714827","potions_obtained":[{"floor":1,"key":"PowerPotion"},{"floor":6,"key":"Fire Potion"},{"floor":8,"key":"SpeedPotion"},{"floor":12,"key":"Explosive Potion"},{"floor":13,"key":"SpeedPotion"},{"floor":18,"key":"PowerPotion"},{"floor":27,"key":"SteroidPotion"}],"is_trial":false,"path_per_floor":["M","?","M","M","$","E","R","E","T","?","$","M","E","M","R","B",null,"M","?","T","?","M","E","?","E","T","M","E","R","M","$","R"],"character_chosen":"THE_SILENT","items_purchased":["Infinite Blades","Paper Crane"],"campfire_rested":0,"item_purchase_floors":[5,31],"current_hp_per_floor":[70,70,68,68,68,56,56,60,60,53,53,42,33,45,45,18,84,79,79,79,79,56,53,53,42,42,50,53,53,47,47,47,0],"gold":79,"neow_bonus":"UPGRADE_CARD","is_prod":false,"is_daily":false,"chose_seed":false,"campfire_upgraded":2,"win_rate":0,"timestamp":1536432376,"path_taken":["M","?","?","M","$","E","R","E","T","?","?","M","E","M","R","BOSS","M","?","?","?","M","E","?","E","T","M","E","R","?","$","R","BOSS"],"build_version":"2018-09-06","purchased_purges":2,"victory":false,"max_hp_per_floor":[70,70,70,70,70,70,70,84,84,84,84,84,84,84,84,84,84,84,84,84,84,84,84,84,84,84,84,84,84,84,84,84,84],"card_choices":[{"not_picked":["Reflex","Acrobatics"],"picked":"Dodge and Roll","floor":1},{"not_picked":["Footwork","Dodge and Roll"],"picked":"Acrobatics","floor":3},{"not_picked":["Slice","Outmaneuver"],"picked":"Sucker Punch","floor":4},{"not_picked":["Night Terror","Masterful Stab"],"picked":"Caltrops","floor":6},{"not_picked":["Bouncing Flask","Prepared"],"picked":"Blade Dance","floor":8},{"not_picked":["Tactician","Flechettes"],"picked":"Deflect","floor":12},{"not_picked":["Tactician","Quick Slash"],"picked":"Cloak And Dagger","floor":13},{"not_picked":["Noxious Fumes","Blade Dance"],"picked":"Infinite Blades","floor":14},{"not_picked":["Burst","Night Terror"],"picked":"Unload","floor":16},{"not_picked":["Concentrate","Underhanded Strike"],"picked":"Calculated Gamble","floor":18},{"not_picked":["Blade Dance","Expertise"],"picked":"Leg Sweep","floor":22},{"not_picked":["Dagger Throw","Escape Plan","Quick Slash"],"picked":"SKIP","floor":23},{"not_picked":["Backflip","Cloak And Dagger+1","Endless Agony"],"picked":"SKIP","floor":25},{"not_picked":["Blade Dance","Underhanded Strike"],"picked":"Flying Knee+1","floor":27},{"not_picked":["Endless Agony","Deadly Poison+1","Underhanded Strike"],"picked":"SKIP","floor":28},{"not_picked":["Crippling Poison","Underhanded Strike","Skewer"],"picked":"SKIP","floor":30}],"player_experience":101163,"relics_obtained":[{"floor":6,"key":"Vajra"},{"floor":8,"key":"Mango"},{"floor":9,"key":"Dodecahedron"},{"floor":13,"key":"Meat on the Bone"},{"floor":20,"key":"FossilizedHelix"},{"floor":23,"key":"Oddly Smooth Stone"},{"floor":25,"key":"Girya"},{"floor":26,"key":"Snake Skull"},{"floor":28,"key":"Pantograph"}],"event_choices":[{"event_name":"Bonfire Elementals","player_choice":"BASIC","floor":2,"damage_taken":0},{"event_name":"Scrap Ooze","player_choice":"success","floor":10,"damage_taken":7},{"event_name":"Forgotten Altar","player_choice":"Smashed Altar","floor":19,"damage_taken":0},{"event_name":"The Joust","player_choice":"Bet on Murderer","floor":21,"damage_taken":0},{"event_name":"The Mausoleum","player_choice":"Yes","floor":24,"damage_taken":0}],"is_beta":false,"boss_relics":[{"not_picked":["Pandora\u0027s Box","Fusion Hammer"],"picked":"Snecko Eye"}],"items_purged_floors":[5,31],"is_endless":false,"potions_floor_spawned":[1,6,8,12,13,18,22,27],"killed_by":"Collector","ascension_level":1}