{"gold_per_floor":[112,187,187,200,219,247,247,274,274,199,213,232,250,250,250,355,355,369,369,36,47,47,47,47],"floor_reached":24,"playtime":1293,"items_purged":["Defend_R","Decay"],"score":258,"play_id":"19d6d8c3-5065-40d6-be8c-a32bcfc6091f","local_time":"20190412143040","is_ascension_mode":true,"campfire_choices":[{"data":"Rampage","floor":7,"key":"SMITH"},{"data":"Burning Pact","floor":15,"key":"SMITH"},{"data":"Double Tap","floor":23,"key":"SMITH"}],"neow_cost":"NONE","seed_source_timestamp":2824050167761436,"circlet_count":0,"master_deck":["Strike_R","Strike_R","Strike_R","Defend_R","Defend_R","Defend_R","Bash","Flame Barrier","Rampage+1","Burning Pact+1","Headbutt","Double Tap+1","Good Instincts"],"relics":["Burning Blood","NeowsBlessing","Mercury Hourglass","Juzu Bracelet","Blue Candle","Velvet Choker","Oddly Smooth Stone"],"potions_floor_usage":[6,16,16,16],"damage_taken":[{"damage":0,"enemies":"Jaw Worm","floor":1,"turns":1},{"damage":0,"enemies":"2 Louse","floor":4,"turns":1},{"damage":0,"enemies":"Cultist","floor":5,"turns":1},{"damage":30,"enemies":"Lagavulin","floor":6,"turns":5},{"damage":13,"enemies":"3 Sentries","floor":8,"turns":7},{"damage":12,"enemies":"3 Louse","floor":11,"turns":3},{"damage":23,"enemies":"Gremlin Gang","floor":12,"turns":3},{"damage":1,"enemies":"Looter","floor":13,"turns":3},{"damage":29,"enemies":"The Guardian","floor":16,"turns":14},{"damage":30,"enemies":"Shell Parasite","floor":18,"turns":3},{"damage":18,"enemies":"Chosen","floor":21,"turns":5},{"damage":32,"enemies":"Centurion and Healer","floor":24,"turns":3}],"seed_played":"-2154121201517302565","potions_obtained":[{"floor":4,"key":"PowerPotion"},{"floor":6,"key":"Weak Potion"},{"floor":12,"key":"Dexterity Potion"},{"floor":13,"key":"Block Potion"}],"is_trial":false,"path_per_floor":["M","?","?","M","M","E","R","E","T","$","M","M","M","?","R","B",null,"M","?","$","M","?","R","M"],"character_chosen":"IRONCLAD","items_purchased":["Oddly Smooth Stone","Good Instincts"],"campfire_rested":0,"item_purchase_floors":[20,20],"current_hp_per_floor":[80,69,69,75,80,56,56,49,49,49,43,26,31,31,31,8,62,38,38,38,26,26,26,0],"gold":47,"neow_bonus":"THREE_ENEMY_KILL","is_prod":false,"is_daily":false,"chose_seed":false,"campfire_upgraded":3,"win_rate":0,"timestamp":1555072240,"path_taken":["M","?","?","M","?","E","R","E","T","$","M","M","M","?","R","BOSS","M","?","$","M","?","R","M"],"build_version":"2019-01-23","purchased_purges":2,"victory":false,"max_hp_per_floor":[80,80,80,80,80,80,80,80,80,80,80,80,80,80,80,80,80,80,80,80,80,80,80,80],"card_choices":[{"not_picked":["Clash","Disarm","Combust"],"picked":"SKIP","floor":1},{"not_picked":["Perfected Strike","Sword Boomerang"],"picked":"Flame Barrier","floor":4},{"not_picked":["Fire Breathing","Seeing Red"],"picked":"Rampage","floor":5},{"not_picked":["Shockwave","Dual Wield","Whirlwind"],"picked":"SKIP","floor":6},{"not_picked":["Havoc","Twin Strike"],"picked":"Burning Pact","floor":8},{"not_picked":["Barricade","True Grit","Reckless Charge"],"picked":"SKIP","floor":11},{"not_picked":["Clash","Corruption","Reckless Charge"],"picked":"SKIP","floor":12},{"not_picked":["Anger","Flex"],"picked":"Headbutt","floor":13},{"not_picked":["Juggernaut","Demon Form"],"picked":"Double Tap","floor":16},{"not_picked":["Havoc","True Grit+1","Pommel Strike"],"picked":"SKIP","floor":18},{"not_picked":["Twin Strike","Armaments","Warcry"],"picked":"SKIP","floor":21}],"player_experience":168291,"relics_obtained":[{"floor":6,"key":"Mercury Hourglass"},{"floor":8,"key":"Juzu Bracelet"},{"floor":9,"key":"Blue Candle"}],"event_choices":[{"damage_healed":0,"gold_gain":75,"player_choice":"Gather Gold","damage_taken":11,"max_hp_gain":0,"max_hp_loss":0,"event_name":"World of Goop","floor":2,"gold_loss":0},{"cards_removed":["Strike_R"],"damage_healed":0,"gold_gain":0,"player_choice":"Offered Basic","damage_taken":0,"max_hp_gain":0,"max_hp_loss":0,"event_name":"Bonfire Elementals","floor":3,"gold_loss":0},{"damage_healed":0,"gold_gain":0,"player_choice":"Cursed","damage_taken":0,"max_hp_gain":0,"max_hp_loss":0,"event_name":"Wheel of Change","floor":14,"gold_loss":0,"cards_obtained":["Decay"]},{"cards_removed":["Strike_R"],"damage_healed":0,"gold_gain":0,"player_choice":"Elegance","damage_taken":0,"max_hp_gain":0,"max_hp_loss":0,"event_name":"Back to Basics","floor":19,"gold_loss":0},{"damage_healed":0,"gold_gain":0,"player_choice":"Ignored","damage_taken":0,"max_hp_gain":0,"max_hp_loss":0,"event_name":"Transmorgrifier","floor":22,"gold_loss":0}],"is_beta":false,"boss_relics":[{"not_picked":["Calling Bell","Sozu"],"picked":"Velvet Choker"}],"items_purged_floors":[10,20],"is_endless":false,"potions_floor_spawned":[4,6,12,13],"killed_by":"Centurion and Healer","ascension_level":5}