{"gold_per_floor":[110,110,130,144,144,144,158,158,229,240,240,266,37,53,53,158,158,174,193,206,19,34,34,46,46,46,46,109,126,74,74,74,170,170,184,237,33,44,44,44,54,54,54,68,68,68,97,0,0,0],"floor_reached":51,"playtime":4173,"items_purged":["Regret"],"score":968,"play_id":"d55d596e-6704-4a84-90ce-12ab654363b1","local_time":"20180722162052","is_ascension_mode":true,"campfire_choices":[{"data":"Caltrops","floor":6,"key":"SMITH"},{"data":"Crippling Poison","floor":8,"key":"SMITH"},{"floor":11,"key":"REST"},{"floor":15,"key":"REST"},{"data":"Apotheosis","floor":23,"key":"SMITH"},{"floor":27,"key":"REST"},{"floor":32,"key":"REST"},{"floor":40,"key":"REST"},{"floor":45,"key":"REST"},{"data":"After Image","floor":49,"key":"SMITH"}],"neow_cost":"NONE","seed_source_timestamp":963674740387252,"circlet_count":0,"master_deck":["Defend_G","Defend_G","Defend_G","Defend_G","Defend_G","Strike_G","Strike_G","Strike_G","Survivor","Neutralize","Caltrops+1","Crippling Poison+1","Backflip","Corpse Explosion","Deadly Poison","After Image+1","Well Laid Plans","Malaise","Deadly Poison","Apotheosis+1","Concentrate","Bane","Outmaneuver","Burst","Footwork+1","Adrenaline"],"relics":["Ring of the Snake","Orichalcum","Question Card","Bottled Tornado","Lantern","Snake Skull","Sozu","Bottled Lightning","Tiny Chest","Velvet Choker","Thread and Needle","TwistedFunnel","Tough Bandages","Ice Cream","Matryoshka","Bronze Scales","Red Mask"],"potions_floor_usage":[7,12,20,50],"damage_taken":[{"damage":0,"enemies":"2 Louse","floor":1,"turns":4},{"damage":3,"enemies":"Small Slimes","floor":3,"turns":4},{"damage":6,"enemies":"Cultist","floor":4,"turns":4},{"damage":8,"enemies":"3 Louse","floor":7,"turns":3},{"damage":5,"enemies":"Large Slime","floor":10,"turns":7},{"damage":21,"enemies":"Lagavulin","floor":12,"turns":7},{"damage":0,"enemies":"Exordium Thugs","floor":14,"turns":5},{"damage":9,"enemies":"Hexaghost","floor":16,"turns":8},{"damage":0,"enemies":"3 Byrds","floor":18,"turns":2},{"damage":0,"enemies":"Spheric Guardian","floor":19,"turns":3},{"damage":2,"enemies":"Cultist and Chosen","floor":20,"turns":6},{"damage":1,"enemies":"Centurion and Healer","floor":22,"turns":6},{"damage":5,"enemies":"3 Cultists","floor":24,"turns":3},{"damage":12,"enemies":"Gremlin Leader","floor":28,"turns":5},{"damage":0,"enemies":"Snake Plant","floor":29,"turns":4},{"damage":41,"enemies":"Automaton","floor":33,"turns":10},{"damage":17,"enemies":"3 Darklings","floor":35,"turns":4},{"damage":21,"floor":36,"turns":6},{"damage":0,"enemies":"3 Shapes","floor":38,"turns":3},{"damage":0,"floor":39,"turns":6},{"damage":0,"enemies":"Maw","floor":41,"turns":7},{"damage":0,"enemies":"3 Darklings","floor":44,"turns":3},{"damage":1,"enemies":"Nemesis","floor":47,"turns":9},{"damage":30,"enemies":"Time Eater","floor":50,"turns":10}],"seed_played":"-5299130479384829455","potions_obtained":[{"floor":1,"key":"FearPotion"},{"floor":4,"key":"Energy Potion"},{"floor":7,"key":"Swift Potion"},{"floor":16,"key":"LiquidBronze"}],"is_trial":false,"path_per_floor":["M","?","M","M","?","R","M","R","T","M","R","E","$","M","R","B",null,"M","M","M","$","M","R","M","?","T","R","E","M","$","?","R","B",null,"M","?","$","M","?","R","M","T","T","M","R","?","E","?","R","B"],"character_chosen":"THE_SILENT","items_purchased":["Snake Skull","Apotheosis","Outmaneuver","TwistedFunnel"],"campfire_rested":6,"item_purchase_floors":[13,21,30,37],"current_hp_per_floor":[70,70,67,61,49,49,41,41,41,36,57,36,36,36,57,48,70,70,70,68,68,67,67,62,62,62,70,58,58,58,58,70,29,70,53,32,32,32,32,53,53,53,53,53,70,70,69,69,69,39],"gold":0,"neow_bonus":"TRANSFORM_CARD","is_prod":false,"is_daily":false,"chose_seed":false,"campfire_upgraded":4,"win_rate":0,"timestamp":1532269252,"path_taken":["M","?","M","M","?","R","M","R","T","?","R","E","$","M","R","BOSS","M","M","M","$","M","R","M","?","T","R","E","M","?","?","R","BOSS","M","?","$","M","?","R","M","?","T","?","R","?","E","?","R","BOSS"],"build_version":"2018-07-19v2","purchased_purges":1,"victory":true,"max_hp_per_floor":[70,70,70,70,70,70,70,70,70,70,70,70,70,70,70,70,70,70,70,70,70,70,70,70,70,70,70,70,70,70,70,70,70,70,70,70,70,70,70,70,70,70,70,70,70,70,70,70,70,70],"card_choices":[{"not_picked":["PiercingWail","Bane"],"picked":"Crippling Poison","floor":1},{"not_picked":["Calculated Gamble","Prepared"],"picked":"Backflip","floor":3},{"not_picked":["PiercingWail","Flying Knee"],"picked":"Corpse Explosion","floor":4},{"not_picked":["Escape Plan","Blade Dance","Flying Knee","Dodge and Roll"],"picked":"SKIP","floor":7},{"not_picked":["Sucker Punch","Reflex","All Out Attack"],"picked":"Deadly Poison","floor":10},{"not_picked":["Cloak And Dagger","Calculated Gamble","Setup"],"picked":"After Image","floor":12},{"not_picked":["Sucker Punch","Infinite Blades","Dodge and Roll"],"picked":"Well Laid Plans","floor":14},{"not_picked":["Die Die Die","Doppelganger","Wraith Form v2"],"picked":"Malaise","floor":16},{"not_picked":["Slice","Acrobatics","Poisoned Stab"],"picked":"Deadly Poison","floor":18},{"not_picked":["Quick Slash","Dodge and Roll","Underhanded Strike","Flying Knee"],"picked":"SKIP","floor":19},{"not_picked":["Backflip","Escape Plan","PiercingWail","Venomology"],"picked":"SKIP","floor":20},{"not_picked":["Caltrops","Accuracy","Quick Slash+1","Cloak And Dagger"],"picked":"SKIP","floor":22},{"not_picked":["Quick Slash+1","Riddle With Holes+1","Flechettes","Dagger Spray"],"picked":"SKIP","floor":24},{"not_picked":["Finisher","Poisoned Stab+1","Deadly Poison"],"picked":"Concentrate","floor":28},{"not_picked":["Leg Sweep+1","Prepared","Malaise"],"picked":"Bane","floor":29},{"not_picked":["Glass Knife","A Thousand Cuts","Doppelganger"],"picked":"Burst","floor":33},{"not_picked":["Quick Slash+1","Cloak And Dagger+1","PiercingWail","Slice"],"picked":"SKIP","floor":35},{"not_picked":["Bane","Backflip+1","Crippling Poison+1","Grand Finale"],"picked":"SKIP","floor":38},{"not_picked":["Deadly Poison+1","Deflect","Leg Sweep+1"],"picked":"Footwork+1","floor":41},{"not_picked":["Quick Slash","Footwork","Flying Knee","Dodge and Roll"],"picked":"SKIP","floor":44},{"not_picked":["Corpse Explosion","PiercingWail","Riddle With Holes+1","Underhanded Strike+1"],"picked":"SKIP","floor":47}],"player_experience":71448,"relics_obtained":[{"floor":9,"key":"Bottled Tornado"},{"floor":12,"key":"Lantern"},{"floor":26,"key":"Bottled Lightning"},{"floor":28,"key":"Tiny Chest"},{"floor":36,"key":"Thread and Needle"},{"floor":39,"key":"Tough Bandages"},{"floor":42,"key":"Ice Cream"},{"floor":43,"key":"Matryoshka"},{"floor":47,"key":"Bronze Scales"}],"event_choices":[{"event_name":"Big Fish","player_choice":"Box","floor":2,"damage_taken":0},{"event_name":"Scrap Ooze","player_choice":"success","floor":5,"damage_taken":12},{"event_name":"Beggar","player_choice":"Ignored","floor":25,"damage_taken":0},{"event_name":"Ghosts","player_choice":"Ignored","floor":31,"damage_taken":0},{"event_name":"Mysterious Sphere","player_choice":"Fight","floor":36,"damage_taken":0},{"event_name":"MindBloom","player_choice":"Fight","floor":39,"damage_taken":0},{"event_name":"Transmorgrifier","player_choice":"Transform","floor":46,"damage_taken":0},{"event_name":"Tomb of Lord Red Mask","player_choice":"Paid","floor":48,"damage_taken":0}],"is_beta":false,"boss_relics":[{"not_picked":["Cursed Key","Astrolabe"],"picked":"Sozu"},{"not_picked":["Pandora\u0027s Box","Philosopher\u0027s Stone"],"picked":"Velvet Choker"}],"items_purged_floors":[13],"is_endless":false,"potions_floor_spawned":[1,4,7,16,19,29,35,36,39],"ascension_level":1}