{"gold_per_floor":[119,119,137,17,92,92,105,105,105,124,124,138,158,158,158,261,261,276,276,64,164,183,183,208,222,222,222,222,241,256,267,267,372,372,386,286,297,297,311,311,330,330,384,408,14,24,43,43,43,43],"floor_reached":51,"playtime":2747,"items_purged":["Strike_R","Defend_R","Strike_R","Defend_R"],"score":991,"play_id":"29b86747-de21-4479-9f82-08c09f005b2e","local_time":"20181001232703","is_ascension_mode":true,"campfire_choices":[{"data":"True Grit","floor":6.0,"key":"SMITH"},{"data":"Uppercut","floor":8.0,"key":"SMITH"},{"data":"Bash","floor":11.0,"key":"SMITH"},{"floor":15.0,"key":"DIG"},{"floor":23.0,"key":"DIG"},{"floor":28.0,"key":"DIG"},{"floor":32.0,"key":"DIG"},{"floor":40.0,"key":"DIG"},{"floor":49.0,"key":"DIG"}],"neow_cost":"NONE","seed_source_timestamp":119588841102798,"circlet_count":0,"master_deck":["Strike_R","Strike_R","Defend_R","Defend_R","Bash+1","AscendersBane","Warcry","Uppercut+1","True Grit+1","Disarm+1","Feed","Whirlwind","Shrug It Off","Shrug It Off+1","Reaper","Body Slam+1","Armaments+1","Spot Weakness+1","Whirlwind+1"],"special_seed":0,"relics":["Burning Blood","Pocketwatch","The Courier","Shovel","Singing Bowl","Fusion Hammer","Tiny Chest","FossilizedHelix","Art of War","Toxic Egg 2","Vajra","Kunai","Pantograph","Snecko Eye","PreservedInsect","Ancient Tea Set","Orichalcum","Ice Cream","Bag of Preparation"],"potions_floor_usage":[50,50],"damage_taken":[{"damage":1.0,"enemies":"Cultist","floor":1.0,"turns":4.0},{"damage":7.0,"enemies":"Small Slimes","floor":3.0,"turns":4.0},{"damage":0.0,"enemies":"2 Louse","floor":7.0,"turns":3.0},{"damage":9.0,"enemies":"Red Slaver","floor":10.0,"turns":3.0},{"damage":4.0,"enemies":"3 Louse","floor":12.0,"turns":5.0},{"damage":13.0,"enemies":"Large Slime","floor":13.0,"turns":9.0},{"damage":39.0,"enemies":"Slime Boss","floor":16.0,"turns":12.0},{"damage":24.0,"enemies":"2 Thieves","floor":18.0,"turns":4.0},{"damage":8.0,"enemies":"Chosen","floor":22.0,"turns":4.0},{"damage":14.0,"enemies":"Shelled Parasite and Fungi","floor":25.0,"turns":9.0},{"damage":4.0,"enemies":"Centurion and Healer","floor":29.0,"turns":9.0},{"damage":0.0,"enemies":"Snecko","floor":30.0,"turns":5.0},{"damage":10.0,"enemies":"3 Cultists","floor":31.0,"turns":5.0},{"damage":95.0,"enemies":"Collector","floor":33.0,"turns":23.0},{"damage":21.0,"enemies":"3 Darklings","floor":35.0,"turns":5.0},{"damage":15.0,"enemies":"Orb Walker","floor":37.0,"turns":5.0},{"damage":0.0,"enemies":"Maw","floor":39.0,"turns":9.0},{"damage":0.0,"enemies":"Transient","floor":41.0,"turns":5.0},{"damage":24.0,"enemies":"Spire Growth","floor":46.0,"turns":6.0},{"damage":11.0,"enemies":"3 Darklings","floor":47.0,"turns":7.0},{"damage":20,"enemies":"Time Eater","floor":50,"turns":8}],"seed_played":"-8040490670653641588","potions_obtained":[{"floor":12.0,"key":"AttackPotion"},{"floor":13.0,"key":"SteroidPotion"},{"floor":18.0,"key":"SkillPotion"},{"floor":29.0,"key":"Weak Potion"},{"floor":30.0,"key":"Swift Potion"},{"floor":37.0,"key":"PowerPotion"},{"floor":39.0,"key":"LiquidBronze"}],"is_trial":false,"path_per_floor":["M","T","M","$","?","R","M","R","T","M","R","M","M","?","R","B",null,"M","?","$","?","M","R","T","M","T","T","R","M","M","M","R","B",null,"M","$","M","?","M","R","M","?","T","T","$","M","M","$","R","B"],"character_chosen":"IRONCLAD","items_purchased":["True Grit","Shrug It Off","Tiny Chest","Ice Cream","PowerPotion"],"campfire_rested":0,"item_purchase_floors":[4,20,20,45,45],"current_hp_per_floor":[85,85,84,84,76,76,82,82,82,79,79,81,74,74,74,41,76,61,61,61,61,64,64,64,59,59,59,59,66,74,75,75,11,86,86,86,87,87,101,101,116,116,116,116,116,103,111,111,111,121],"gold":43,"neow_bonus":"TEN_PERCENT_HP_BONUS","is_prod":false,"is_daily":false,"chose_seed":false,"campfire_upgraded":3,"win_rate":0,"timestamp":1538407623,"path_taken":["M","?","M","$","?","R","M","R","T","M","R","M","?","?","R","BOSS","M","?","$","?","M","R","?","M","T","?","R","?","M","M","R","BOSS","M","$","M","?","M","R","?","?","T","?","$","M","M","?","R","BOSS"],"build_version":"2018-09-27","purchased_purges":4,"victory":true,"max_hp_per_floor":[88,88,88,88,88,88,88,88,88,88,88,88,88,88,88,88,88,91,91,91,91,96,96,96,99,99,99,99,104,106,111,111,111,111,111,111,114,114,116,116,118,118,118,118,118,121,121,121,121,121],"card_choices":[{"not_picked":["Cleave","Sword Boomerang"],"picked":"Warcry","floor":1.0},{"not_picked":["Shrug It Off","Dual Wield"],"picked":"Uppercut","floor":3.0},{"not_picked":["Sentinel","Wild Strike","Perfected Strike"],"picked":"SKIP","floor":7.0},{"not_picked":["Thunderclap","Twin Strike","Cleave"],"picked":"SKIP","floor":10.0},{"not_picked":["Pommel Strike","Flex"],"picked":"Disarm","floor":12.0},{"not_picked":["Wild Strike","Sword Boomerang","True Grit"],"picked":"SKIP","floor":13.0},{"not_picked":["Immolate","Double Tap"],"picked":"Feed","floor":16.0},{"not_picked":["Armaments","Intimidate+1"],"picked":"Whirlwind","floor":18.0},{"not_picked":["True Grit","Twin Strike","Anger"],"picked":"Singing Bowl","floor":22.0},{"not_picked":["Inflame","Dual Wield+1"],"picked":"Shrug It Off+1","floor":25.0},{"not_picked":["Headbutt","Heavy Blade","Havoc+1"],"picked":"Singing Bowl","floor":29.0},{"not_picked":["Iron Wave","Fiend Fire","Sever Soul"],"picked":"Singing Bowl","floor":30.0},{"not_picked":["Rupture","Cleave","Sever Soul"],"picked":"Singing Bowl","floor":31.0},{"not_picked":["Exhume+1","Dark Embrace"],"picked":"Reaper","floor":33.0},{"not_picked":["Iron Wave","Sword Boomerang+1"],"picked":"Body Slam+1","floor":35.0},{"not_picked":["Perfected Strike+1","Entrench+1"],"picked":"Armaments+1","floor":37.0},{"not_picked":["Flex+1","Heavy Blade","Perfected Strike"],"picked":"Singing Bowl","floor":39.0},{"not_picked":["Body Slam","Wild Strike","Corruption+1"],"picked":"Singing Bowl","floor":41.0},{"not_picked":["Pommel Strike+1","Feel No Pain+1"],"picked":"Spot Weakness+1","floor":46.0},{"not_picked":["Feel No Pain+1","Warcry+1"],"picked":"Whirlwind+1","floor":47.0}],"player_experience":402534,"relics_obtained":[{"floor":2.0,"key":"Pocketwatch"},{"floor":9.0,"key":"The Courier"},{"floor":15.0,"key":"Singing Bowl"},{"floor":23.0,"key":"FossilizedHelix"},{"floor":24.0,"key":"Art of War"},{"floor":26.0,"key":"Toxic Egg 2"},{"floor":27.0,"key":"Vajra"},{"floor":28.0,"key":"Kunai"},{"floor":32.0,"key":"Pantograph"},{"floor":40.0,"key":"PreservedInsect"},{"floor":43.0,"key":"Ancient Tea Set"},{"floor":44.0,"key":"Orichalcum"},{"floor":49.0,"key":"Bag of Preparation"}],"event_choices":[{"event_name":"FaceTrader","player_choice":"Touch","floor":5.0,"damage_taken":0.0},{"event_name":"WeMeetAgain","player_choice":"Potion","floor":14.0,"damage_taken":0.0},{"event_name":"Bonfire Elementals","player_choice":"BASIC","floor":19.0,"damage_taken":0.0},{"event_name":"Golden Shrine","player_choice":"Pray","floor":21.0,"damage_taken":0.0},{"event_name":"Upgrade Shrine","player_choice":"Upgraded","floor":38.0,"damage_taken":0.0},{"event_name":"Tomb of Lord Red Mask","player_choice":"Ignored","floor":42.0,"damage_taken":0.0}],"is_beta":false,"boss_relics":[{"not_picked":["Cursed Key","Lizard Tail"],"picked":"Fusion Hammer"},{"not_picked":["Busted Crown","Sozu"],"picked":"Snecko Eye"}],"items_purged_floors":[4,20,36,45],"is_endless":false,"potions_floor_spawned":[12,13,18,29,30,37,39,46],"ascension_level":11}