{"gold_per_floor":[114,289,300,201,276,302,302,329,355,355,355,355,355,366,366,366],"floor_reached":16,"playtime":661,"items_purged":["Doubt"],"score":138,"play_id":"f41e8a18-6013-434b-87b3-ee1aec14ddcb","local_time":"20190412200728","is_ascension_mode":true,"campfire_choices":[{"data":"Fusion","floor":7,"key":"SMITH"},{"data":"Turbo","floor":10,"key":"SMITH"},{"data":"Zap","floor":13,"key":"SMITH"},{"data":"Redo","floor":15,"key":"SMITH"}],"neow_cost":"NONE","seed_source_timestamp":2844892543633568,"circlet_count":0,"master_deck":["Strike_B","Strike_B","Strike_B","Strike_B","Defend_B","Defend_B","Defend_B","Zap+1","Dualcast","Fusion+1","Leap","Meteor Strike","Turbo+1","Redo+1"],"relics":["Cracked Core","NeowsBlessing","Juzu Bracelet","Matryoshka","Oddly Smooth Stone","Blood Vial","Orichalcum","The Courier"],"potions_floor_usage":[16,16],"damage_taken":[{"damage":0,"enemies":"2 Louse","floor":1,"turns":1},{"damage":0,"enemies":"Jaw Worm","floor":3,"turns":1},{"damage":0,"enemies":"Lagavulin","floor":6,"turns":1},{"damage":38,"enemies":"3 Sentries","floor":8,"turns":9},{"damage":0,"enemies":"Cultist","floor":14,"turns":2},{"damage":30,"enemies":"Hexaghost","floor":16,"turns":9}],"seed_played":"-766520631194195260","potions_obtained":[{"floor":6,"key":"Explosive Potion"},{"floor":14,"key":"Poison Potion"}],"is_trial":false,"path_per_floor":["M","?","M","$","?","E","R","E","T","R","T","?","R","M","R","B"],"character_chosen":"DEFECT","items_purchased":["Leap"],"campfire_rested":0,"item_purchase_floors":[4],"current_hp_per_floor":[75,75,75,75,64,64,64,26,26,26,26,26,26,28,28,0],"gold":366,"neow_bonus":"THREE_ENEMY_KILL","is_prod":false,"is_daily":false,"chose_seed":false,"campfire_upgraded":4,"win_rate":0,"timestamp":1555092448,"path_taken":["M","?","M","$","?","E","R","E","T","R","?","?","R","M","R","BOSS"],"build_version":"2019-01-23","purchased_purges":1,"victory":false,"max_hp_per_floor":[75,75,75,75,75,75,75,75,75,75,75,75,75,75,75,75],"card_choices":[{"not_picked":["Beam Cell","Stack","Reprogram"],"picked":"SKIP","floor":1},{"not_picked":["Skim","FTL"],"picked":"Fusion","floor":3},{"not_picked":["Go for the Eyes","Steam"],"picked":"Meteor Strike","floor":6},{"not_picked":["Steam","Beam Cell"],"picked":"Turbo","floor":8},{"not_picked":["Leap","Gash"],"picked":"Redo","floor":14}],"player_experience":170562,"relics_obtained":[{"floor":6,"key":"Juzu Bracelet"},{"floor":8,"key":"Matryoshka"},{"floor":9,"key":"Oddly Smooth Stone"},{"floor":9,"key":"Blood Vial"},{"floor":11,"key":"Orichalcum"},{"floor":11,"key":"The Courier"}],"event_choices":[{"damage_healed":0,"gold_gain":175,"player_choice":"AGREE","damage_taken":0,"max_hp_gain":0,"max_hp_loss":0,"event_name":"Liars Game","floor":2,"gold_loss":0,"cards_obtained":["Doubt"]},{"damage_healed":0,"gold_gain":75,"player_choice":"Gather Gold","damage_taken":11,"max_hp_gain":0,"max_hp_loss":0,"event_name":"World of Goop","floor":5,"gold_loss":0},{"cards_removed":["Defend_B"],"damage_healed":0,"gold_gain":0,"player_choice":"Purged","damage_taken":0,"max_hp_gain":0,"max_hp_loss":0,"event_name":"Purifier","floor":12,"gold_loss":0}],"is_beta":false,"boss_relics":[],"items_purged_floors":[4],"is_endless":false,"potions_floor_spawned":[6,14],"killed_by":"Hexaghost","ascension_level":1}