{"gold_per_floor":[110,129,6,16,35,69,45,60,60,60],"floor_reached":10,"playtime":591,"items_purged":["Strike_R"],"score":77,"play_id":"bfdf3d7f-2b82-4516-adf3-fd6d6fcbe0c6","local_time":"20181208015118","is_ascension_mode":true,"campfire_choices":[],"neow_cost":"NONE","seed_source_timestamp":226447114910169,"circlet_count":0,"master_deck":["Strike_R","Strike_R","Strike_R","Strike_R","Defend_R","Defend_R","Defend_R","Defend_R","Bash","Rampage","Disarm","Anger","Limit Break","Anger","Dual Wield"],"relics":["Burning Blood","Pantograph","Blue Candle"],"potions_floor_usage":[10,10],"damage_taken":[{"damage":8,"enemies":"Jaw Worm","floor":1,"turns":4},{"damage":7,"enemies":"Small Slimes","floor":2,"turns":4},{"damage":3,"enemies":"Cultist","floor":4,"turns":4},{"damage":6,"enemies":"2 Fungi Beasts","floor":5,"turns":4},{"damage":53,"enemies":"3 Sentries","floor":6,"turns":9},{"damage":34,"enemies":"Exordium Thugs","floor":8,"turns":7},{"damage":16,"enemies":"Lots of Slimes","floor":10,"turns":3}],"seed_played":"-6046852807072736667","potions_obtained":[{"floor":1,"key":"Block Potion"},{"floor":2,"key":"Ancient Potion"},{"floor":8,"key":"Dexterity Potion"}],"is_trial":false,"path_per_floor":["M","M","$","M","M","E","$","M","T","M"],"character_chosen":"IRONCLAD","items_purchased":["Anger","Anger"],"campfire_rested":0,"item_purchase_floors":[3,7],"current_hp_per_floor":[86,85,85,88,88,41,41,13,13,0],"gold":60,"neow_bonus":"TEN_PERCENT_HP_BONUS","is_prod":false,"is_daily":false,"chose_seed":false,"campfire_upgraded":0,"win_rate":0,"timestamp":1544230278,"path_taken":["M","M","$","M","M","E","$","M","T","M"],"build_version":"2018-12-06","purchased_purges":1,"victory":false,"max_hp_per_floor":[88,88,88,88,88,88,88,88,88,88],"card_choices":[{"not_picked":["Spot Weakness","Twin Strike"],"picked":"Rampage","floor":1},{"not_picked":["Perfected Strike","Second Wind"],"picked":"Disarm","floor":2},{"not_picked":["Pommel Strike","Wild Strike","Havoc"],"picked":"SKIP","floor":4},{"not_picked":["Rupture","Combust","Perfected Strike"],"picked":"SKIP","floor":5},{"not_picked":["Metallicize","Sword Boomerang"],"picked":"Limit Break","floor":6},{"not_picked":["Twin Strike","Metallicize"],"picked":"Dual Wield","floor":8}],"player_experience":243614,"relics_obtained":[{"floor":6,"key":"Pantograph"},{"floor":9,"key":"Blue Candle"}],"event_choices":[],"is_beta":false,"boss_relics":[],"items_purged_floors":[3],"is_endless":false,"potions_floor_spawned":[1,2,8],"killed_by":"Lots of Slimes","ascension_level":2}