{"gold_per_floor":[113,60,60,77,77,20,98,112,180,17,43,43,62,75,75,149,149,164,5,19,39,39,39,70,87,87,87],"floor_reached":27,"playtime":1091,"items_purged":["Strike_G"],"score":466,"play_id":"ff127ad9-91fc-4651-bbdc-586981856838","local_time":"20190501114600","is_ascension_mode":true,"campfire_choices":[{"floor":12,"key":"REST"},{"floor":15,"key":"REST"},{"floor":23,"key":"REST"}],"neow_cost":"NONE","seed_source_timestamp":3797223522447356,"circlet_count":0,"master_deck":["AscendersBane","Defend_G","Defend_G","Defend_G","Defend_G","Defend_G","Strike_G","Strike_G","Strike_G","Survivor","Neutralize","Dagger Throw","Backstab","Blade Dance","Finisher","Leg Sweep","Backflip","After Image","Infinite Blades","Heel Hook","Well Laid Plans","Malaise","Deflect","Glass Knife"],"relics":["Fusion Hammer","Regal Pillow","Tiny Chest","Mummified Hand","Omamori","Ice Cream","Lizard Tail","The Courier","PreservedInsect","Question Card"],"potions_floor_usage":[11,11,14,20,24,25],"damage_taken":[{"damage":1,"enemies":"2 Louse","floor":1,"turns":3},{"damage":0,"enemies":"Cultist","floor":4,"turns":4},{"damage":0,"enemies":"Small Slimes","floor":8,"turns":3},{"damage":32,"enemies":"Lagavulin","floor":11,"turns":6},{"damage":10,"enemies":"Exordium Thugs","floor":13,"turns":4},{"damage":13,"enemies":"Exordium Wildlife","floor":14,"turns":5},{"damage":42,"enemies":"The Guardian","floor":16,"turns":17},{"damage":20,"enemies":"Spheric Guardian","floor":18,"turns":8},{"damage":5,"enemies":"2 Thieves","floor":20,"turns":4},{"damage":10,"enemies":"Centurion and Healer","floor":21,"turns":8},{"damage":62,"enemies":"Slavers","floor":24,"turns":7},{"damage":16,"enemies":"Cultist and Chosen","floor":25,"turns":12},{"damage":21,"enemies":"Shelled Parasite and Fungi","floor":27,"turns":1}],"seed_played":"-3077178523390387730","potions_obtained":[{"floor":8,"key":"PowerPotion"},{"floor":11,"key":"LiquidBronze"},{"floor":13,"key":"EssenceOfSteel"},{"floor":21,"key":"PowerPotion"},{"floor":24,"key":"GhostInAJar"}],"is_trial":false,"path_per_floor":["M","$","?","M","?","$","T","M","T","$","E","R","M","M","R","B",null,"M","$","M","M","T","R","E","M","T","M"],"character_chosen":"THE_SILENT","items_purchased":["AttackPotion","Fire Potion","Omamori","Heel Hook"],"campfire_rested":3,"item_purchase_floors":[2,6,10,19],"current_hp_per_floor":[58,58,58,58,58,58,58,58,58,58,26,60,50,37,66,24,56,36,36,31,21,21,55,31,15,15,0],"gold":87,"neow_bonus":"BOSS_RELIC","is_prod":false,"is_daily":false,"chose_seed":false,"campfire_upgraded":0,"win_rate":0,"timestamp":1556707560,"path_taken":["M","$","?","?","?","$","?","M","T","?","E","R","M","M","R","BOSS","M","?","?","M","?","R","E","M","T","?"],"build_version":"2019-01-23","purchased_purges":1,"victory":false,"max_hp_per_floor":[66,66,66,66,66,66,66,66,66,66,66,66,66,66,66,66,66,66,66,66,66,66,66,66,66,66,66],"card_choices":[{"not_picked":["Dodge and Roll","Well Laid Plans"],"picked":"Dagger Throw","floor":1},{"not_picked":["Infinite Blades","Underhanded Strike"],"picked":"Backstab","floor":4},{"not_picked":["Slice","Acrobatics"],"picked":"Blade Dance","floor":8},{"not_picked":["Dagger Spray","Doppelganger"],"picked":"Finisher","floor":11},{"not_picked":["Cloak And Dagger","Bane"],"picked":"Leg Sweep","floor":13},{"not_picked":["Prepared","Poisoned Stab"],"picked":"Backflip","floor":14},{"not_picked":["Phantasmal Killer","Die Die Die"],"picked":"After Image","floor":16},{"not_picked":["Deflect","Bane"],"picked":"Infinite Blades","floor":18},{"not_picked":["Crippling Poison","Sucker Punch"],"picked":"Well Laid Plans","floor":20},{"not_picked":["Dagger Spray","Prepared"],"picked":"Malaise","floor":21},{"not_picked":["Noxious Fumes","Slice"],"picked":"Deflect","floor":24},{"not_picked":["Quick Slash","Deadly Poison"],"picked":"Glass Knife","floor":25}],"player_experience":763133,"relics_obtained":[{"floor":7,"key":"Tiny Chest"},{"floor":9,"key":"Mummified Hand"},{"floor":11,"key":"Ice Cream"},{"floor":22,"key":"The Courier"},{"floor":24,"key":"PreservedInsect"},{"floor":26,"key":"Question Card"}],"event_choices":[{"damage_healed":0,"gold_gain":0,"player_choice":"Gave Potion","damage_taken":0,"relics_obtained":["Regal Pillow"],"max_hp_gain":0,"max_hp_loss":0,"event_name":"WeMeetAgain","floor":3,"gold_loss":0},{"cards_removed":["Strike_G"],"damage_healed":0,"gold_gain":0,"player_choice":"Purged","damage_taken":0,"max_hp_gain":0,"max_hp_loss":0,"event_name":"Purifier","floor":5,"gold_loss":0}],"is_beta":false,"boss_relics":[{"not_picked":["Velvet Choker","Empty Cage"],"picked":"Lizard Tail"}],"items_purged_floors":[19],"is_endless":false,"potions_floor_spawned":[8,11,13,21,24],"killed_by":"Shelled Parasite and Fungi","ascension_level":20}