{"gold_per_floor":[112,132,143,143,159,184,184,213,239,271,332,61,74,74,74,167,167,186,186,206,106,106,144,144,144,167,167,167,147,71,101,101,101],"floor_reached":33,"playtime":2511,"items_purged":["Strike_B","Strike_B"],"score":611,"play_id":"ca58b9e5-0146-461e-b7c2-d2aef9fc019a","local_time":"20191025225113","is_ascension_mode":true,"campfire_choices":[{"floor":7,"key":"REST"},{"floor":15,"key":"REST"},{"data":"Sunder","floor":24,"key":"SMITH"},{"data":"Seek","floor":28,"key":"SMITH"},{"floor":32,"key":"REST"}],"neow_cost":"NONE","seed_source_timestamp":1345358940438600,"circlet_count":0,"master_deck":["AscendersBane","Defend_B+1","Defend_B+1","Defend_B+1","Defend_B","Zap","Dualcast","Sunder+1","Ball Lightning","Conserve Battery","Melter","Glacier+1","Capacitor","Coolheaded","Capacitor","Seek+1","Compile Driver","Chaos","Melter","Cold Snap","Loop","Seek"],"relics":["Cracked Core","Orichalcum","Blue Candle","War Paint","Ancient Tea Set","Bronze Scales","Frozen Eye","Bloody Idol","Sozu","Peace Pipe","Oddly Smooth Stone","Art of War"],"potions_floor_usage":[6,16,16],"damage_taken":[{"damage":0,"enemies":"2 Louse","floor":1,"turns":2},{"damage":6,"enemies":"Small Slimes","floor":2,"turns":2},{"damage":2,"enemies":"Jaw Worm","floor":3,"turns":3},{"damage":0,"enemies":"Looter","floor":5,"turns":2},{"damage":16,"enemies":"3 Sentries","floor":6,"turns":7},{"damage":14,"enemies":"Lagavulin","floor":8,"turns":8},{"damage":14,"enemies":"Gremlin Nob","floor":10,"turns":5},{"damage":5,"enemies":"Blue Slaver","floor":13,"turns":3},{"damage":0,"enemies":"The Guardian","floor":16,"turns":11},{"damage":0,"enemies":"Shell Parasite","floor":18,"turns":6},{"damage":3,"enemies":"3 Byrds","floor":20,"turns":4},{"damage":20,"enemies":"Slavers","floor":23,"turns":6},{"damage":35,"enemies":"Gremlin Leader","floor":31,"turns":10},{"damage":46,"enemies":"Champ","floor":33,"turns":13}],"seed_played":"-7874043705531268819","potions_obtained":[{"floor":1,"key":"Swift Potion"},{"floor":5,"key":"Regen Potion"},{"floor":6,"key":"SmokeBomb"},{"floor":10,"key":"AttackPotion"},{"floor":16,"key":"Swift Potion"}],"is_trial":false,"path_per_floor":["M","M","M","?","M","E","R","E","T","E","?","$","M","?","R","B",null,"M","?","M","$","?","E","R","?","T","$","R","?","$","E","R","B"],"character_chosen":"DEFECT","items_purchased":["Frozen Eye","Loop"],"campfire_rested":3,"item_purchase_floors":[12,30],"current_hp_per_floor":[64,58,56,35,35,34,55,41,41,27,27,27,22,22,41,41,58,58,58,55,55,55,35,35,35,40,40,40,40,40,10,29,0],"gold":101,"neow_bonus":"RANDOM_COMMON_RELIC","is_prod":false,"is_daily":false,"chose_seed":false,"campfire_upgraded":2,"win_rate":0,"timestamp":1572058273,"path_taken":["M","M","M","?","M","E","R","E","T","E","?","$","M","?","R","BOSS","M","?","M","$","?","E","R","?","T","$","R","?","$","E","R","BOSS"],"build_version":"2019-07-17","purchased_purges":2,"victory":false,"max_hp_per_floor":[71,71,71,71,71,71,71,71,71,71,71,71,71,64,64,64,64,64,64,64,64,64,64,64,64,64,64,64,64,64,64,64,64],"card_choices":[{"not_picked":["Rip and Tear","Recycle"],"picked":"Sunder","floor":1},{"not_picked":["Beam Cell","Skim"],"picked":"Ball Lightning","floor":2},{"not_picked":["Steam Power","Blizzard"],"picked":"Conserve Battery","floor":3},{"not_picked":["Leap","Sweeping Beam"],"picked":"Melter","floor":5},{"not_picked":["Compile Driver","Steam"],"picked":"Glacier","floor":6},{"not_picked":["Machine Learning","Double Energy"],"picked":"Capacitor","floor":8},{"not_picked":["Hyperbeam","Heatsinks"],"picked":"Coolheaded","floor":10},{"not_picked":["Go for the Eyes","Coolheaded"],"picked":"Capacitor","floor":13},{"not_picked":["Fission","Multi-Cast"],"picked":"Seek","floor":16},{"not_picked":["Heatsinks","Conserve Battery+1"],"picked":"Compile Driver","floor":18},{"not_picked":["Sweeping Beam","Storm","Scrape"],"picked":"SKIP","floor":20},{"not_picked":["Compile Driver","Static Discharge+1"],"picked":"Cold Snap","floor":23},{"not_picked":["Rebound","Loop"],"picked":"Seek","floor":31}],"player_experience":599310,"relics_obtained":[{"floor":6,"key":"Blue Candle"},{"floor":8,"key":"War Paint"},{"floor":9,"key":"Ancient Tea Set"},{"floor":10,"key":"Bronze Scales"},{"floor":23,"key":"Peace Pipe"},{"floor":26,"key":"Oddly Smooth Stone"},{"floor":31,"key":"Art of War"}],"event_choices":[{"damage_healed":0,"gold_gain":0,"player_choice":"Entered Light","damage_taken":21,"max_hp_gain":0,"max_hp_loss":0,"event_name":"Shining Light","floor":4,"gold_loss":0,"cards_upgraded":["Defend_B","Defend_B"]},{"damage_healed":0,"gold_gain":61,"player_choice":"Gained Gold","damage_taken":0,"max_hp_gain":0,"max_hp_loss":0,"event_name":"Golden Wing","floor":11,"gold_loss":0},{"damage_healed":0,"gold_gain":0,"player_choice":"Lose Max HP","damage_taken":0,"relics_obtained":["Golden Idol"],"max_hp_gain":0,"max_hp_loss":7,"event_name":"Golden Idol","floor":14,"gold_loss":0},{"damage_healed":0,"gold_gain":0,"cards_transformed":["Strike_B","Strike_B"],"player_choice":"Became Test Subject","damage_taken":0,"max_hp_gain":0,"max_hp_loss":0,"event_name":"Drug Dealer","floor":19,"gold_loss":0,"cards_obtained":["Chaos","Melter"]},{"damage_healed":0,"gold_gain":0,"player_choice":"Ignored","damage_taken":0,"max_hp_gain":0,"max_hp_loss":0,"event_name":"The Mausoleum","floor":22,"gold_loss":0},{"damage_healed":0,"gold_gain":0,"player_choice":"Gave Idol","damage_taken":0,"relics_obtained":["Bloody Idol"],"max_hp_gain":0,"max_hp_loss":0,"event_name":"Forgotten Altar","floor":25,"relics_lost":["Golden Idol"],"gold_loss":0},{"damage_healed":0,"gold_gain":0,"player_choice":"Bought 1 Potion","damage_taken":0,"max_hp_gain":0,"max_hp_loss":0,"event_name":"The Woman in Blue","floor":29,"gold_loss":0}],"is_beta":false,"boss_relics":[{"not_picked":["Tiny House","Astrolabe"],"picked":"Sozu"}],"items_purged_floors":[12,21],"is_endless":false,"potions_floor_spawned":[1,5,6,10,16,18],"killed_by":"Champ","ascension_level":15}