{"gold_per_floor":[13,13,38,38,56,56,71,71,117,117,198,198,212,237,237,327,327,280,54,104,129,144,144,157,157,457,457,498,498,124,149,149,149],"floor_reached":33,"playtime":1467,"items_purged":["Strike_B","Strike_B"],"score":593,"play_id":"c1fd636f-b22f-428f-bec4-0313a1f7ce15","local_time":"20191029195859","is_ascension_mode":true,"campfire_choices":[{"data":"Zap","floor":6.0,"key":"SMITH"},{"floor":10.0,"key":"REST"},{"data":"Defragment","floor":12.0,"key":"SMITH"},{"floor":15.0,"key":"REST"},{"floor":23.0,"key":"REST"},{"floor":27.0,"key":"REST"},{"floor":29.0,"key":"REST"},{"floor":32.0,"key":"REST"}],"neow_cost":"NO_GOLD","seed_source_timestamp":1681628927832000,"circlet_count":0,"master_deck":["AscendersBane","Strike_B","Strike_B","Defend_B","Defend_B","Defend_B","Defend_B","Zap+1","Dualcast","All For One","Gash","Glacier","Gash","Defragment+1","Leap","Rebound","Loop","Rebound","All For One","Compile Driver","Gash","Dark Shackles","Streamline+1","Gash","Skim","Steam","Hologram","Metamorphosis","Gash","Coolheaded","Reprogram"],"special_seed":0,"relics":["Cracked Core","Golden Idol","Dream Catcher","Lantern","Fusion Hammer","Old Coin","Frozen Egg 2"],"potions_floor_usage":[33],"damage_taken":[{"damage":1.0,"enemies":"Cultist","floor":1.0,"turns":3.0},{"damage":7.0,"enemies":"Small Slimes","floor":3.0,"turns":3.0},{"damage":2.0,"enemies":"Jaw Worm","floor":5.0,"turns":3.0},{"damage":19.0,"enemies":"Exordium Thugs","floor":7.0,"turns":4.0},{"damage":5.0,"enemies":"Gremlin Nob","floor":11.0,"turns":4.0},{"damage":9.0,"enemies":"Gremlin Gang","floor":13.0,"turns":6.0},{"damage":6.0,"enemies":"3 Louse","floor":14.0,"turns":3.0},{"damage":0.0,"enemies":"Slime Boss","floor":16.0,"turns":4.0},{"damage":11.0,"enemies":"2 Thieves","floor":18.0,"turns":5.0},{"damage":12.0,"enemies":"Shell Parasite","floor":21.0,"turns":4.0},{"damage":4.0,"enemies":"Centurion and Healer","floor":22.0,"turns":5.0},{"damage":30.0,"enemies":"Snake Plant","floor":24.0,"turns":4.0},{"damage":30.0,"enemies":"Book of Stabbing","floor":28.0,"turns":3.0},{"damage":0.0,"enemies":"Shelled Parasite and Fungi","floor":31.0,"turns":6.0},{"damage":79,"enemies":"Automaton","floor":33,"turns":6}],"seed_played":"1112417210014755223","potions_obtained":[{"floor":3.0,"key":"Strength Potion"},{"floor":7.0,"key":"Dexterity Potion"},{"floor":11.0,"key":"FearPotion"},{"floor":13.0,"key":"Swift Potion"},{"floor":21.0,"key":"Dexterity Potion"},{"floor":28.0,"key":"GamblersBrew"}],"is_trial":false,"path_per_floor":["M","?","M","?","M","R","M","?","T","R","?","R","M","M","R","B",null,"M","$","?","M","M","R","M","?","T","R","E","R","$","M","R","B"],"character_chosen":"DEFECT","items_purchased":["Gash","Dark Shackles","Metamorphosis","Gash"],"campfire_rested":6,"item_purchase_floors":[19,19,30,30],"current_hp_per_floor":[63,39,32,32,30,30,11,11,11,32,27,27,18,12,33,33,62,51,51,51,39,35,56,26,26,26,47,17,38,38,38,59,0],"gold":149,"neow_bonus":"THREE_RARE_CARDS","is_prod":false,"is_daily":false,"chose_seed":false,"campfire_upgraded":2,"win_rate":0,"timestamp":1572393539,"path_taken":["M","?","M","?","M","R","M","?","T","R","?","R","?","M","R","BOSS","M","$","?","M","?","R","M","?","T","R","E","R","$","M","R","BOSS"],"build_version":"2019-07-17","purchased_purges":2,"victory":false,"max_hp_per_floor":[71,71,71,71,71,71,71,71,71,71,71,71,71,71,71,71,71,71,71,71,71,71,71,71,71,71,71,71,71,71,71,71,71],"card_choices":[{"not_picked":["Meteor Strike","Machine Learning"],"picked":"All For One","floor":0.0},{"not_picked":["Hologram","Force Field"],"picked":"Gash","floor":1.0},{"not_picked":["Lockon","Rebound"],"picked":"Glacier","floor":3.0},{"not_picked":["Go for the Eyes","Cold Snap"],"picked":"Gash","floor":5.0},{"not_picked":["Genetic Algorithm","Cold Snap"],"picked":"Defragment","floor":7.0},{"not_picked":["Cold Snap","Redo"],"picked":"Leap","floor":10.0},{"not_picked":["Leap","Scrape"],"picked":"Rebound","floor":13.0},{"not_picked":["Turbo","Darkness"],"picked":"Loop","floor":14.0},{"not_picked":["Ball Lightning","Compile Driver"],"picked":"Rebound","floor":15.0},{"not_picked":["Reboot","Rainbow"],"picked":"All For One","floor":16.0},{"not_picked":["Go for the Eyes","Streamline"],"picked":"Compile Driver","floor":18.0},{"not_picked":["BootSequence","Go for the Eyes","Darkness"],"picked":"SKIP","floor":21.0},{"not_picked":["Heatsinks","Ball Lightning","Scrape"],"picked":"SKIP","floor":22.0},{"not_picked":["Leap","White Noise"],"picked":"Streamline+1","floor":23.0},{"not_picked":["Aggregate","Steam","Rainbow"],"picked":"SKIP","floor":24.0},{"not_picked":["Heatsinks","Go for the Eyes"],"picked":"Skim","floor":27.0},{"not_picked":["Leap","Conserve Battery"],"picked":"Steam","floor":28.0},{"not_picked":["Ball Lightning","Conserve Battery"],"picked":"Hologram","floor":29.0},{"not_picked":["Leap","FTL"],"picked":"Coolheaded","floor":31.0},{"not_picked":["Beam Cell","Cold Snap+1"],"picked":"Reprogram","floor":32.0}],"player_experience":691622,"relics_obtained":[{"floor":9.0,"key":"Dream Catcher"},{"floor":11.0,"key":"Lantern"},{"floor":26.0,"key":"Old Coin"},{"floor":28.0,"key":"Frozen Egg 2"}],"event_choices":[{"damage_healed":0.0,"max_hp_gain":0.0,"max_hp_loss":0.0,"gold_gain":0.0,"event_name":"Golden Idol","player_choice":"Take Damage","floor":2.0,"gold_loss":0.0,"damage_taken":24.0,"relics_obtained":["Golden Idol"]},{"damage_healed":0.0,"max_hp_gain":0.0,"max_hp_loss":0.0,"gold_gain":0.0,"event_name":"Liars Game","player_choice":"Ignored","floor":4.0,"gold_loss":0.0,"damage_taken":0.0},{"damage_healed":0.0,"max_hp_gain":0.0,"max_hp_loss":0.0,"gold_gain":0.0,"event_name":"Scrap Ooze","player_choice":"Fled","floor":8.0,"gold_loss":0.0,"damage_taken":0.0},{"damage_healed":0.0,"max_hp_gain":0.0,"max_hp_loss":0.0,"gold_gain":0.0,"event_name":"Dead Adventurer","player_choice":"Searched \u00271\u0027 times","floor":11.0,"gold_loss":0.0,"damage_taken":0.0},{"damage_healed":0.0,"max_hp_gain":0.0,"max_hp_loss":0.0,"gold_gain":50.0,"event_name":"Golden Shrine","player_choice":"Pray","floor":20.0,"gold_loss":0.0,"damage_taken":0.0},{"damage_healed":0.0,"max_hp_gain":0.0,"max_hp_loss":0.0,"gold_gain":0.0,"event_name":"Duplicator","player_choice":"Copied","floor":25.0,"gold_loss":0.0,"damage_taken":0.0,"cards_obtained":["Gash"]}],"is_beta":false,"boss_relics":[{"not_picked":["Snecko Eye","Busted Crown"],"picked":"Fusion Hammer"}],"items_purged_floors":[19,30],"is_endless":false,"potions_floor_spawned":[3,7,11,13,21,28],"killed_by":"Automaton","ascension_level":17}