{"gold_per_floor":[117,117,7,7,23,52,67,67,91,120,136,171,171,171,171,171],"floor_reached":16,"playtime":764,"items_purged":[],"score":265,"play_id":"dcf453ee-1bce-4542-a66e-b709b4ceb076","local_time":"20191030141446","is_ascension_mode":true,"campfire_choices":[{"data":"Barrage","floor":8,"key":"SMITH"},{"floor":15,"key":"REST"}],"neow_cost":"NONE","seed_source_timestamp":1748204065199700,"circlet_count":0,"master_deck":["AscendersBane","Strike_B","Strike_B","Defend_B","Defend_B","Defend_B","Defend_B+1","Zap+1","Dualcast","Ball Lightning+1","Conserve Battery+1","Barrage+1","Genetic Algorithm","Glacier","Gash","Compile Driver+1","Rebound"],"relics":["Cracked Core","NeowsBlessing","War Paint","Potion Belt","Whetstone","Unceasing Top","Ancient Tea Set"],"potions_floor_usage":[10],"damage_taken":[{"damage":0,"enemies":"Small Slimes","floor":1,"turns":1},{"damage":0,"enemies":"Jaw Worm","floor":5,"turns":1},{"damage":0,"enemies":"Gremlin Nob","floor":6,"turns":1},{"damage":0,"enemies":"Cultist","floor":7,"turns":4},{"damage":6,"enemies":"3 Sentries","floor":10,"turns":9},{"damage":4,"enemies":"3 Louse","floor":11,"turns":3},{"damage":6,"enemies":"Lagavulin","floor":12,"turns":6},{"damage":28,"enemies":"Slime Boss","floor":16,"turns":9}],"seed_played":"1297285323164136354","potions_obtained":[{"floor":6,"key":"Block Potion"},{"floor":10,"key":"SmokeBomb"}],"is_trial":false,"path_per_floor":["M","?","$","?","M","E","M","R","T","E","M","E","?","?","R","B"],"character_chosen":"DEFECT","items_purchased":["Conserve Battery","Barrage"],"campfire_rested":1,"item_purchase_floors":[3,3],"current_hp_per_floor":[64,64,64,64,64,64,64,64,64,58,54,48,13,6,27,0],"gold":171,"neow_bonus":"THREE_ENEMY_KILL","is_prod":false,"is_daily":false,"chose_seed":false,"campfire_upgraded":1,"win_rate":0,"timestamp":1572459286,"path_taken":["M","?","$","?","M","E","?","R","T","E","M","E","?","?","R","BOSS"],"build_version":"2019-07-17","purchased_purges":0,"victory":false,"max_hp_per_floor":[71,71,71,71,71,71,71,71,71,71,71,71,71,71,71,71],"card_choices":[{"not_picked":["Streamline","Force Field"],"picked":"Ball Lightning","floor":1},{"not_picked":["Hologram","Rebound"],"picked":"Genetic Algorithm","floor":5},{"not_picked":["Consume","Steam"],"picked":"Glacier","floor":6},{"not_picked":["Ball Lightning","Reinforced Body"],"picked":"Gash","floor":7},{"not_picked":["Ball Lightning","Skim"],"picked":"Compile Driver","floor":10},{"not_picked":["Turbo","Steam Power","Redo"],"picked":"SKIP","floor":11},{"not_picked":["Redo","Multi-Cast"],"picked":"Rebound","floor":12}],"player_experience":707535,"relics_obtained":[{"floor":6,"key":"War Paint"},{"floor":9,"key":"Potion Belt"},{"floor":10,"key":"Whetstone"},{"floor":12,"key":"Unceasing Top"}],"event_choices":[{"damage_healed":0,"gold_gain":0,"player_choice":"Grow","damage_taken":0,"max_hp_gain":0,"max_hp_loss":0,"event_name":"Living Wall","floor":2,"gold_loss":0,"cards_upgraded":["Zap"]},{"cards_removed":["Strike_B"],"damage_healed":0,"gold_gain":0,"player_choice":"Card Removal","damage_taken":0,"max_hp_gain":0,"max_hp_loss":0,"event_name":"Wheel of Change","floor":4,"gold_loss":0},{"damage_healed":0,"gold_gain":0,"player_choice":"Success","damage_taken":35,"relics_obtained":["Ancient Tea Set"],"max_hp_gain":0,"max_hp_loss":0,"event_name":"Scrap Ooze","floor":13,"gold_loss":0},{"cards_removed":["Strike_B"],"damage_healed":0,"gold_gain":0,"player_choice":"Card Removal","damage_taken":7,"max_hp_gain":0,"max_hp_loss":0,"event_name":"Golden Wing","floor":14,"gold_loss":0}],"is_beta":false,"boss_relics":[],"items_purged_floors":[],"is_endless":false,"potions_floor_spawned":[6,10],"killed_by":"Slime Boss","ascension_level":17}