{"gold_per_floor":[114,131,131,56,56,82,82,109,109,124,124,142,161,161,161,258,258,277,277,277,277,57,57,75,88,88,99,99,109,109,30,30,132,132,142,46,58,69,69,69,69,169,195,209,227,24,0,0,0,0],"floor_reached":50,"playtime":6287,"items_purged":[],"score":475,"play_id":"5ceb564d-2306-4fb3-b1f4-3b73afdcfd1f","local_time":"20190306024646","is_ascension_mode":false,"campfire_choices":[{"data":"Footwork","floor":7,"key":"SMITH"},{"floor":11,"key":"REST"},{"floor":15,"key":"REST"},{"floor":28,"key":"REST"},{"floor":30,"key":"REST"},{"data":"Choke","floor":32,"key":"SMITH"},{"data":"Outmaneuver","floor":40,"key":"SMITH"},{"floor":49,"key":"REST"}],"neow_cost":"NONE","seed_source_timestamp":275114843064862,"circlet_count":0,"master_deck":["Defend_G+1","Defend_G+1","Defend_G+1","Defend_G+1","Defend_G+1","Strike_G+1","Strike_G+1","Strike_G+1","Strike_G+1","Survivor","Neutralize","Backflip+1","Underhanded Strike","Footwork+1","Backflip","Flying Knee","Corpse Explosion","Quick Slash+1","Outmaneuver+1","Choke+1","Well Laid Plans+1","After Image+1","Escape Plan","Infinite Blades+1","Dagger Spray","Outmaneuver","Blade Dance","Calculated Gamble+1","RitualDagger","Deflect","Necronomicurse","Deadly Poison","Terror+1","Wraith Form v2+1","Poisoned Stab+1","Deflect","Caltrops+1","Noxious Fumes+1","Deflect+1","Backstab","Backstab","Tools of the Trade+1"],"relics":["Ring of the Serpent","Frozen Egg 2","Sundial","Oddly Smooth Stone","Orrery","Medical Kit","Necronomicon","Regal Pillow","Ancient Tea Set","Tough Bandages","Lantern","Strange Spoon","Red Mask"],"potions_floor_usage":[16,16,27,33,33,50,50],"damage_taken":[{"damage":4,"enemies":"2 Louse","floor":1,"turns":3},{"damage":1,"enemies":"Jaw Worm","floor":2,"turns":5},{"damage":14,"enemies":"3 Sentries","floor":6,"turns":14},{"damage":19,"enemies":"Lagavulin","floor":8,"turns":9},{"damage":0,"enemies":"Small Slimes","floor":10,"turns":3},{"damage":9,"enemies":"Exordium Wildlife","floor":12,"turns":5},{"damage":0,"enemies":"Blue Slaver","floor":13,"turns":4},{"damage":18,"enemies":"Slime Boss","floor":16,"turns":11},{"damage":26,"enemies":"2 Thieves","floor":18,"turns":3},{"damage":2,"enemies":"Shell Parasite","floor":24,"turns":4},{"damage":27,"enemies":"Cultist and Chosen","floor":25,"turns":8},{"damage":2,"enemies":"Shelled Parasite and Fungi","floor":27,"turns":6},{"damage":17,"enemies":"Sentry and Sphere","floor":29,"turns":5},{"damage":6,"enemies":"Collector","floor":33,"turns":8},{"damage":2,"enemies":"Orb Walker","floor":35,"turns":5},{"damage":1,"enemies":"3 Darklings","floor":37,"turns":4},{"damage":17,"enemies":"Spire Growth","floor":38,"turns":6},{"damage":1,"enemies":"Mind Bloom Boss Battle","floor":42,"turns":7},{"damage":7,"enemies":"Writhing Mass","floor":44,"turns":5},{"damage":17,"enemies":"Jaw Worm Horde","floor":45,"turns":3},{"damage":87,"enemies":"Time Eater","floor":50,"turns":14}],"seed_played":"-3511842552331557819","potions_obtained":[{"floor":0,"key":"GamblersBrew"},{"floor":0,"key":"Regen Potion"},{"floor":0,"key":"GhostInAJar"},{"floor":10,"key":"FairyPotion"},{"floor":24,"key":"GhostInAJar"},{"floor":29,"key":"Ancient Potion"},{"floor":33,"key":"Fruit Juice"},{"floor":35,"key":"SneckoOil"},{"floor":37,"key":"Energy Potion"},{"floor":45,"key":"SkillPotion"}],"is_trial":false,"path_per_floor":["M","M","?","$","?","E","R","E","T","M","R","M","M","?","R","B",null,"M","?","?","?","$","?","M","M","T","M","R","M","R","?","R","B",null,"M","$","M","M","$","R","?","?","T","M","M","$","?","?","R","B"],"character_chosen":"THE_SILENT","items_purchased":["Backflip","Flying Knee","Deflect","Medical Kit","Deflect","Caltrops+1","Strange Spoon"],"campfire_rested":5,"item_purchase_floors":[4,4,22,22,36,36,46],"current_hp_per_floor":[66,65,65,65,65,51,51,32,32,32,53,44,44,30,51,47,70,44,44,38,61,61,45,43,16,16,14,50,33,69,69,69,68,75,73,73,72,55,55,55,55,54,54,47,30,30,30,30,66,0],"gold":0,"neow_bonus":"THREE_SMALL_POTIONS","is_prod":false,"is_daily":false,"chose_seed":false,"campfire_upgraded":3,"win_rate":0.0,"timestamp":1551869206,"path_taken":["M","M","?","$","?","E","R","E","T","M","R","M","M","?","R","BOSS","M","?","?","?","$","?","?","M","T","M","R","M","R","?","R","BOSS","M","$","M","?","$","R","?","?","T","M","M","$","?","?","R","BOSS"],"build_version":"2019-01-23","purchased_purges":0,"victory":false,"max_hp_per_floor":[70,70,70,70,70,70,70,70,70,70,70,70,70,70,70,70,70,70,70,70,70,70,70,70,70,70,70,70,70,70,70,70,75,75,75,75,75,75,75,75,71,71,71,71,71,71,71,71,71,71],"card_choices":[{"not_picked":["Heel Hook","Acrobatics"],"picked":"Backflip","floor":1},{"not_picked":["Distraction","Bane"],"picked":"Underhanded Strike","floor":2},{"not_picked":["Finisher","Endless Agony"],"picked":"Corpse Explosion","floor":6},{"not_picked":["Bane","Backflip"],"picked":"Quick Slash","floor":8},{"not_picked":["Footwork+1","Poisoned Stab"],"picked":"Outmaneuver","floor":10},{"not_picked":["Endless Agony","Bane"],"picked":"Choke","floor":12},{"not_picked":["Acrobatics","Quick Slash"],"picked":"Well Laid Plans+1","floor":13},{"not_picked":["Unload","Phantasmal Killer"],"picked":"After Image+1","floor":16},{"not_picked":["Slice","PiercingWail"],"picked":"Escape Plan","floor":17},{"not_picked":["Caltrops+1","Poisoned Stab"],"picked":"Infinite Blades+1","floor":17},{"not_picked":["Dagger Throw","Outmaneuver"],"picked":"Dagger Spray","floor":17},{"not_picked":["Expertise","Quick Slash"],"picked":"Outmaneuver","floor":17},{"not_picked":["Quick Slash","Flying Knee"],"picked":"Blade Dance","floor":17},{"not_picked":["Quick Slash+1","Eviscerate+1"],"picked":"Calculated Gamble+1","floor":18},{"not_picked":["Prepared","Footwork+1"],"picked":"Deadly Poison","floor":24},{"not_picked":["Well Laid Plans+1","Acrobatics","Expertise"],"picked":"SKIP","floor":25},{"not_picked":["Prepared","Flying Knee","Heel Hook"],"picked":"SKIP","floor":27},{"not_picked":["Escape Plan+1","Well Laid Plans+1"],"picked":"Terror+1","floor":29},{"not_picked":["Corpse Explosion","Malaise"],"picked":"Wraith Form v2+1","floor":33},{"not_picked":["Escape Plan+1","Tactician"],"picked":"Poisoned Stab+1","floor":35},{"not_picked":["Slice+1","Outmaneuver"],"picked":"Noxious Fumes+1","floor":37},{"not_picked":["Slice+1","Flying Knee"],"picked":"Deflect+1","floor":38},{"not_picked":["Slice+1","Dodge and Roll"],"picked":"Backstab","floor":42},{"not_picked":["Acrobatics+1","Poisoned Stab+1"],"picked":"Backstab","floor":44},{"not_picked":["Sucker Punch","Backstab"],"picked":"Tools of the Trade+1","floor":45}],"player_experience":40656,"relics_obtained":[{"floor":6,"key":"Frozen Egg 2"},{"floor":8,"key":"Sundial"},{"floor":9,"key":"Oddly Smooth Stone"},{"floor":23,"key":"Necronomicon"},{"floor":26,"key":"Regal Pillow"},{"floor":42,"key":"Tough Bandages"},{"floor":43,"key":"Lantern"}],"event_choices":[{"damage_healed":0,"gold_gain":0,"cards_transformed":["Strike_G"],"player_choice":"Change","damage_taken":0,"max_hp_gain":0,"max_hp_loss":0,"event_name":"Living Wall","floor":3,"gold_loss":0,"cards_obtained":["Footwork"]},{"damage_healed":0,"gold_gain":0,"player_choice":"Ignored","damage_taken":0,"max_hp_gain":0,"max_hp_loss":0,"event_name":"Liars Game","floor":5,"gold_loss":0},{"damage_healed":0,"gold_gain":0,"player_choice":"Entered Light","damage_taken":14,"max_hp_gain":0,"max_hp_loss":0,"event_name":"Shining Light","floor":14,"gold_loss":0,"cards_upgraded":["Backflip","Quick Slash"]},{"damage_healed":0,"gold_gain":0,"player_choice":"Simplicity","damage_taken":0,"max_hp_gain":0,"max_hp_loss":0,"event_name":"Back to Basics","floor":19,"gold_loss":0,"cards_upgraded":["Defend_G","Defend_G","Defend_G","Defend_G","Defend_G","Strike_G","Strike_G","Strike_G","Strike_G"]},{"damage_healed":0,"gold_gain":0,"player_choice":"Joined the Cult","damage_taken":6,"max_hp_gain":0,"max_hp_loss":0,"event_name":"Nest","floor":20,"gold_loss":0,"cards_obtained":["RitualDagger"]},{"damage_healed":23,"gold_gain":0,"player_choice":"Heal","damage_taken":0,"max_hp_gain":0,"max_hp_loss":0,"event_name":"The Library","floor":21,"gold_loss":0},{"damage_healed":0,"gold_gain":0,"player_choice":"Obtained Book","damage_taken":16,"max_hp_gain":0,"max_hp_loss":0,"event_name":"Cursed Tome","floor":23,"gold_loss":0},{"damage_healed":0,"gold_gain":0,"player_choice":"Paid Gold","damage_taken":0,"relics_obtained":["Ancient Tea Set"],"max_hp_gain":0,"max_hp_loss":0,"event_name":"WeMeetAgain","floor":31,"gold_loss":79},{"damage_healed":0,"gold_gain":0,"player_choice":"Max HP","damage_taken":0,"max_hp_gain":0,"max_hp_loss":4,"event_name":"Winding Halls","floor":41,"gold_loss":0},{"damage_healed":0,"gold_gain":0,"player_choice":"Fight","damage_taken":0,"max_hp_gain":0,"max_hp_loss":0,"event_name":"MindBloom","floor":42,"gold_loss":0},{"damage_healed":0,"gold_gain":0,"player_choice":"Paid","damage_taken":0,"relics_obtained":["Red Mask"],"max_hp_gain":0,"max_hp_loss":0,"event_name":"Tomb of Lord Red Mask","floor":47,"gold_loss":24},{"damage_healed":0,"gold_gain":0,"player_choice":"Ignored","damage_taken":0,"max_hp_gain":0,"max_hp_loss":0,"event_name":"Mysterious Sphere","floor":48,"gold_loss":0}],"is_beta":false,"boss_relics":[{"not_picked":["HoveringKite","Empty Cage"],"picked":"Orrery"},{"not_picked":["Philosopher\u0027s Stone","Tiny House"],"picked":"Ring of the Serpent"}],"items_purged_floors":[],"is_endless":false,"potions_floor_spawned":[2,8,10,12,24,29,33,35,37,45],"killed_by":"Time Eater","ascension_level":0}