{"gold_per_floor":[117,77,97,112,128,128,191,36,36,57,73,100,110,124,124,229,229,240,251,54,65,85,85,111,111,136,236,270,280,37,37,37,134,134,134,147,158,207,224,257,257,284,284,0,19,30,30,40,40,40,40,40,40,40],"floor_reached":54,"playtime":3707,"items_purged":[],"score":826,"play_id":"3045b73e-99c3-479b-9a55-b039139b65e6","local_time":"20191009225410","is_ascension_mode":true,"campfire_choices":[{"data":"Bash","floor":6.0,"key":"SMITH"},{"data":"Flame Barrier","floor":15.0,"key":"SMITH"},{"data":"Armaments","floor":23.0,"key":"SMITH"},{"data":"Whirlwind","floor":25.0,"key":"SMITH"},{"data":"Rupture","floor":32.0,"key":"SMITH"},{"floor":41.0,"key":"REST"},{"floor":47.0,"key":"RECALL"},{"data":"Double Tap","floor":49.0,"key":"SMITH"},{"data":"Warcry","floor":52.0,"key":"SMITH"}],"neow_cost":"PERCENT_DAMAGE","seed_source_timestamp":0,"circlet_count":0,"master_deck":["Strike_R","Strike_R","Strike_R","Strike_R","Strike_R","Defend_R","Defend_R","Defend_R","Defend_R","Bash+1","Sever Soul","Pummel","Iron Wave","Cleave","Headbutt","Flame Barrier+1","Shrug It Off+1","Reaper","Fiend Fire","Shockwave+1","Double Tap+1","Whirlwind+1","Armaments+1","Warcry+1","Havoc+1","Power Through+1","Rupture+1","Deep Breath","Offering","Flex+1","Sentinel+1","Warcry+1","Ghostly Armor"],"special_seed":0,"relics":["Burning Blood","Pocketwatch","Tiny Chest","Orichalcum","Bronze Scales","Odd Mushroom","Happy Flower","Busted Crown","Meat on the Bone","Blue Candle","Red Skull","Bottled Tornado","Snecko Eye","Magic Flower","Vajra","Omamori","War Paint","Red Mask"],"potions_floor_usage":[54],"damage_taken":[{"damage":8.0,"enemies":"Jaw Worm","floor":1.0,"turns":4.0},{"damage":6.0,"enemies":"Cultist","floor":3.0,"turns":3.0},{"damage":3.0,"enemies":"2 Louse","floor":4.0,"turns":2.0},{"damage":17.0,"enemies":"Exordium Thugs","floor":5.0,"turns":3.0},{"damage":10.0,"enemies":"Lagavulin","floor":7.0,"turns":4.0},{"damage":25.0,"enemies":"The Mushroom Lair","floor":10.0,"turns":3.0},{"damage":2.0,"enemies":"Looter","floor":11.0,"turns":3.0},{"damage":4.0,"enemies":"Blue Slaver","floor":13.0,"turns":4.0},{"damage":3.0,"enemies":"3 Louse","floor":14.0,"turns":3.0},{"damage":4.0,"enemies":"Hexaghost","floor":16.0,"turns":9.0},{"damage":31.0,"enemies":"2 Thieves","floor":18.0,"turns":3.0},{"damage":6.0,"enemies":"Spheric Guardian","floor":19.0,"turns":3.0},{"damage":0.0,"enemies":"Snecko","floor":21.0,"turns":3.0},{"damage":10.0,"enemies":"Sentry and Sphere","floor":22.0,"turns":4.0},{"damage":15.0,"enemies":"Slavers","floor":24.0,"turns":5.0},{"damage":25.0,"enemies":"Book of Stabbing","floor":28.0,"turns":5.0},{"damage":9.0,"enemies":"Cultist and Chosen","floor":29.0,"turns":6.0},{"damage":33.0,"enemies":"Champ","floor":33.0,"turns":14.0},{"damage":0.0,"enemies":"3 Darklings","floor":35.0,"turns":2.0},{"damage":13.0,"enemies":"Orb Walker","floor":36.0,"turns":4.0},{"damage":16.0,"enemies":"Jaw Worm Horde","floor":37.0,"turns":3.0},{"damage":0.0,"enemies":"2 Orb Walkers","floor":38.0,"turns":2.0},{"damage":13.0,"enemies":"3 Darklings","floor":39.0,"turns":3.0},{"damage":41.0,"enemies":"Nemesis","floor":40.0,"turns":5.0},{"damage":58.0,"enemies":"Reptomancer","floor":42.0,"turns":6.0},{"damage":20.0,"enemies":"Writhing Mass","floor":45.0,"turns":5.0},{"damage":15.0,"enemies":"Maw","floor":46.0,"turns":7.0},{"damage":17.0,"enemies":"Sphere and 2 Shapes","floor":48.0,"turns":4.0},{"damage":72.0,"enemies":"Donu and Deca","floor":50.0,"turns":9.0},{"damage":87,"enemies":"Shield and Spear","floor":54,"turns":4}],"seed_played":"2868246709214643330","potions_obtained":[{"floor":2.0,"key":"SneckoOil"},{"floor":2.0,"key":"PowerPotion"},{"floor":2.0,"key":"AttackPotion"},{"floor":10.0,"key":"Energy Potion"},{"floor":11.0,"key":"SmokeBomb"},{"floor":18.0,"key":"Block Potion"},{"floor":24.0,"key":"GamblersBrew"},{"floor":38.0,"key":"Ancient Potion"},{"floor":39.0,"key":"SkillPotion"},{"floor":45.0,"key":"EntropicBrew"},{"floor":46.0,"key":"Poison Potion"}],"is_trial":false,"path_per_floor":["M","?","M","M","M","R","E","$","T","?","M","T","M","M","R","B",null,"M","M","$","M","M","R","E","R","T","?","E","M","$","T","R","B",null,"M","M","M","?","M","E","R","E","T","?","M","M","R","M","R","B",null,"R","$","E"],"character_chosen":"IRONCLAD","items_purchased":["Orichalcum","Double Tap","Whirlwind","Armaments","Red Skull","Deep Breath"],"campfire_rested":1,"item_purchase_floors":[8,20,20,20,30,30],"current_hp_per_floor":[54,54,54,57,46,46,42,42,42,23,27,27,29,32,32,40,80,61,61,61,73,76,76,67,67,67,67,48,53,53,53,53,45,80,80,79,69,75,71,57,80,69,69,69,58,69,69,78,78,66,80,80,80,0],"gold":40,"neow_bonus":"ONE_RARE_RELIC","is_prod":false,"is_daily":false,"chose_seed":false,"campfire_upgraded":7,"win_rate":0,"timestamp":1570686850,"path_taken":["M","?","?","M","M","R","E","$","T","?","M","?","?","M","R","BOSS","M","M","$","M","M","R","E","R","T","?","E","M","$","?","R","BOSS","M","M","M","?","M","E","R","E","T","?","M","M","R","M","R","BOSS","R","$","E"],"build_version":"2019-07-17","purchased_purges":0,"victory":false,"max_hp_per_floor":[80,80,80,80,80,80,80,80,80,80,80,80,80,80,80,80,80,80,80,80,80,80,80,80,80,80,80,80,80,80,80,80,80,80,80,80,80,80,80,80,80,80,80,80,80,80,80,80,80,80,80,80,80,80],"card_choices":[{"not_picked":["Iron Wave","Armaments"],"picked":"Sever Soul","floor":1.0},{"not_picked":["Second Wind","Evolve"],"picked":"Pummel","floor":3.0},{"not_picked":["Infernal Blade","Twin Strike"],"picked":"Iron Wave","floor":4.0},{"not_picked":["Clothesline","Anger"],"picked":"Cleave","floor":5.0},{"not_picked":["Offering","Havoc"],"picked":"Headbutt","floor":7.0},{"not_picked":["Blood for Blood","Hemokinesis"],"picked":"Flame Barrier","floor":10.0},{"not_picked":["Cleave","Clash","Wild Strike"],"picked":"SKIP","floor":11.0},{"not_picked":["Dual Wield","Headbutt"],"picked":"Shrug It Off","floor":13.0},{"not_picked":["Infernal Blade","Iron Wave"],"picked":"Reaper","floor":14.0},{"not_picked":["Impervious","Dark Embrace"],"picked":"Fiend Fire","floor":16.0},{"not_picked":[],"picked":"Shockwave+1","floor":18.0},{"not_picked":["Fire Breathing"],"picked":"SKIP","floor":19.0},{"not_picked":["Combust+1"],"picked":"SKIP","floor":21.0},{"not_picked":[],"picked":"Warcry","floor":22.0},{"not_picked":[],"picked":"Havoc+1","floor":24.0},{"not_picked":[],"picked":"Power Through+1","floor":28.0},{"not_picked":[],"picked":"Rupture","floor":29.0},{"not_picked":[],"picked":"Offering","floor":33.0},{"not_picked":["Clothesline+1"],"picked":"SKIP","floor":36.0},{"not_picked":["Combust"],"picked":"SKIP","floor":37.0},{"not_picked":[],"picked":"Flex+1","floor":39.0},{"not_picked":[],"picked":"Sentinel","floor":40.0},{"not_picked":[],"picked":"Warcry+1","floor":42.0},{"not_picked":["Clothesline"],"picked":"SKIP","floor":45.0},{"not_picked":["Clash+1"],"picked":"SKIP","floor":46.0},{"not_picked":[],"picked":"Ghostly Armor","floor":48.0}],"player_experience":305052,"relics_obtained":[{"floor":7.0,"key":"Tiny Chest"},{"floor":9.0,"key":"Bronze Scales"},{"floor":10.0,"key":"Odd Mushroom"},{"floor":12.0,"key":"Happy Flower"},{"floor":24.0,"key":"Meat on the Bone"},{"floor":28.0,"key":"Blue Candle"},{"floor":31.0,"key":"Bottled Tornado"},{"floor":38.0,"key":"Magic Flower"},{"floor":40.0,"key":"Vajra"},{"floor":42.0,"key":"Omamori"},{"floor":43.0,"key":"War Paint"}],"event_choices":[{"damage_healed":0.0,"max_hp_gain":0.0,"max_hp_loss":0.0,"gold_gain":0.0,"event_name":"The Woman in Blue","player_choice":"Bought 3 Potions","floor":2.0,"gold_loss":0.0,"damage_taken":0.0},{"damage_healed":0.0,"max_hp_gain":0.0,"max_hp_loss":0.0,"gold_gain":0.0,"event_name":"Mushrooms","player_choice":"Fought Mushrooms","floor":10.0,"gold_loss":0.0,"damage_taken":0.0},{"damage_healed":0.0,"max_hp_gain":0.0,"max_hp_loss":0.0,"gold_gain":100.0,"event_name":"Golden Shrine","player_choice":"Pray","floor":27.0,"gold_loss":0.0,"damage_taken":0.0},{"damage_healed":0.0,"max_hp_gain":0.0,"max_hp_loss":0.0,"gold_gain":0.0,"event_name":"Mysterious Sphere","player_choice":"Fight","floor":38.0,"gold_loss":0.0,"damage_taken":0.0},{"damage_healed":0.0,"max_hp_gain":0.0,"max_hp_loss":0.0,"gold_gain":0.0,"event_name":"Tomb of Lord Red Mask","player_choice":"Paid","floor":44.0,"gold_loss":284.0,"damage_taken":0.0,"relics_obtained":["Red Mask"]}],"is_beta":false,"boss_relics":[{"not_picked":["Sozu","Orrery"],"picked":"Busted Crown"},{"not_picked":["Lizard Tail","Calling Bell"],"picked":"Snecko Eye"}],"items_purged_floors":[],"is_endless":false,"potions_floor_spawned":[4,5,10,11,18,24,35,38,39,45,46],"killed_by":"Shield and Spear","ascension_level":3}