{"gold_per_floor":[117,136,86,15,26,26,60,60,86,115,130,159,159,169,169,270,270,284,284,301,301,318,318,352,352,352,352,365,381,124,155,155,250,250,260,305,319,419,130,159,159,159,159,159,159,173,201,301,301,301],"floor_reached":51,"playtime":3760,"items_purged":[],"score":1011,"play_id":"e7e4e066-5833-4565-bd39-104872930d0f","local_time":"20191011001153","is_ascension_mode":true,"campfire_choices":[{"data":"Rainbow","floor":6,"key":"SMITH"},{"data":"Creative AI","floor":13,"key":"SMITH"},{"floor":15,"key":"REST"},{"floor":23,"key":"REST"},{"floor":25,"key":"REST"},{"floor":32,"key":"REST"},{"data":"Beam Cell","floor":41,"key":"SMITH"},{"data":"Seek","floor":44,"key":"SMITH"},{"data":"Panache","floor":49,"key":"SMITH"}],"neow_cost":"TEN_PERCENT_HP_LOSS","seed_source_timestamp":114942533273100,"circlet_count":0,"master_deck":["Strike_B","Defend_B","Defend_B","Zap","Dualcast","Rainbow+1","Gash","Genetic Algorithm","Heatsinks","Doom and Gloom","Ball Lightning","Creative AI+1","Electrodynamics","Gash","Amplify","Redo","Seek+1","Leap+1","Capacitor","Fusion","Genetic Algorithm","Double Energy+1","Conserve Battery+1","Genetic Algorithm","Sweeping Beam","Compile Driver+1","BootSequence","Secret Technique","Cold Snap","Echo Form","Coolheaded+1","Hello World+1","Undo+1","Panache+1","FTL","Auto Shields","Beam Cell+1","Flash of Steel"],"relics":["Cracked Core","Happy Flower","Strawberry","Gambling Chip","Dead Branch","Nuclear Battery","Bag of Marbles","Blue Candle","Mummified Hand","Eternal Feather","Ginger","Emotion Chip","WingedGreaves","Kunai","GremlinMask","Singing Bowl"],"potions_floor_usage":[7,10,10,12,16,16,29,31,33,36,38,46,50],"damage_taken":[{"damage":5,"enemies":"Jaw Worm","floor":1,"turns":2},{"damage":0,"enemies":"Cultist","floor":2,"turns":5},{"damage":5,"enemies":"Small Slimes","floor":5,"turns":3},{"damage":11,"enemies":"Lagavulin","floor":7,"turns":5},{"damage":15,"enemies":"Gremlin Nob","floor":10,"turns":4},{"damage":3,"enemies":"2 Fungi Beasts","floor":11,"turns":2},{"damage":15,"enemies":"3 Sentries","floor":12,"turns":3},{"damage":16,"enemies":"3 Louse","floor":14,"turns":2},{"damage":16,"enemies":"The Guardian","floor":16,"turns":9},{"damage":15,"enemies":"Chosen","floor":18,"turns":4},{"damage":14,"enemies":"2 Thieves","floor":20,"turns":4},{"damage":28,"enemies":"Snecko","floor":22,"turns":5},{"damage":11,"enemies":"Slavers","floor":24,"turns":2},{"damage":10,"enemies":"Snake Plant","floor":28,"turns":4},{"damage":23,"enemies":"Shelled Parasite and Fungi","floor":29,"turns":6},{"damage":0,"enemies":"Book of Stabbing","floor":31,"turns":6},{"damage":0,"enemies":"Champ","floor":33,"turns":9},{"damage":0,"enemies":"3 Shapes","floor":35,"turns":4},{"damage":55,"enemies":"2 Orb Walkers","floor":36,"turns":6},{"damage":0,"enemies":"3 Darklings","floor":37,"turns":4},{"damage":5,"enemies":"Mind Bloom Boss Battle","floor":38,"turns":6},{"damage":0,"enemies":"Reptomancer","floor":40,"turns":6},{"damage":15,"enemies":"Jaw Worm Horde","floor":46,"turns":4},{"damage":0,"enemies":"Nemesis","floor":47,"turns":5},{"damage":15,"enemies":"Donu and Deca","floor":50,"turns":7}],"seed_played":"-6604489748484689326","potions_obtained":[{"floor":2,"key":"Block Potion"},{"floor":8,"key":"Explosive Potion"},{"floor":8,"key":"FocusPotion"},{"floor":8,"key":"Weak Potion"},{"floor":10,"key":"Strength Potion"},{"floor":14,"key":"Strength Potion"},{"floor":18,"key":"SteroidPotion"},{"floor":22,"key":"Dexterity Potion"},{"floor":28,"key":"GamblersBrew"},{"floor":33,"key":"LiquidBronze"},{"floor":35,"key":"SkillPotion"},{"floor":36,"key":"Dexterity Potion"},{"floor":38,"key":"Fire Potion"}],"is_trial":false,"path_per_floor":["M","M","?","$","M","R","E","?","T","E","M","E","R","M","R","B",null,"M","?","M","?","M","R","E","R","T","?","M","M","$","E","R","B",null,"M","?","M","?","$","E","R","?","T","R","?","M","E","?","R","B",null],"character_chosen":"DEFECT","items_purchased":["Doom and Gloom","BootSequence","Block Potion","Secret Technique","Panache","FTL","Auto Shields"],"campfire_rested":4,"item_purchase_floors":[4,30,30,30,39,39,39],"current_hp_per_floor":[63,63,63,63,58,58,47,47,54,39,36,21,21,5,27,11,75,60,60,46,46,18,40,29,51,51,51,41,18,18,18,40,40,75,75,20,20,15,15,15,36,36,36,57,57,42,44,44,65,50],"gold":301,"neow_bonus":"TRANSFORM_TWO_CARDS","is_prod":false,"is_daily":false,"chose_seed":false,"campfire_upgraded":5,"win_rate":0,"timestamp":1570777913,"path_taken":["M","M","?","?","M","R","E","?","T","E","M","E","R","?","R","BOSS","M","?","M","?","M","R","E","R","T","?","?","M","?","E","R","BOSS","M","?","M","?","$","E","R","?","T","R","?","?","E","?","R","BOSS"],"build_version":"2019-07-17","purchased_purges":0,"victory":true,"max_hp_per_floor":[68,68,68,68,68,68,68,68,75,75,75,75,75,75,75,75,75,75,75,75,75,75,75,75,75,75,75,75,75,75,75,75,75,75,75,75,75,75,75,75,75,75,75,75,75,75,77,77,77,77],"card_choices":[{"not_picked":["Redo","Glacier"],"picked":"Genetic Algorithm","floor":1},{"not_picked":["Streamline","Ball Lightning"],"picked":"Heatsinks","floor":2},{"not_picked":["Streamline","Aggregate"],"picked":"Ball Lightning","floor":5},{"not_picked":["Aggregate","Redo"],"picked":"Creative AI","floor":7},{"not_picked":["Amplify","Capacitor"],"picked":"Electrodynamics","floor":10},{"not_picked":["Stack","Sweeping Beam"],"picked":"Gash","floor":11},{"not_picked":["FTL","Redo"],"picked":"Amplify","floor":12},{"not_picked":["Force Field","Stack"],"picked":"Redo","floor":14},{"not_picked":["Thunder Strike","Creative AI"],"picked":"Seek","floor":16},{"not_picked":["Steam","Gash"],"picked":"Leap+1","floor":18},{"not_picked":["Cold Snap","Loop"],"picked":"Capacitor","floor":20},{"not_picked":["Amplify","Fusion"],"picked":"Double Energy+1","floor":22},{"not_picked":["Static Discharge","Sweeping Beam"],"picked":"Conserve Battery+1","floor":24},{"not_picked":["Steam Power","Stack"],"picked":"Sweeping Beam","floor":28},{"not_picked":["Chill","Turbo"],"picked":"Compile Driver+1","floor":29},{"not_picked":["Sweeping Beam","Stack"],"picked":"Cold Snap","floor":31},{"not_picked":["Machine Learning","Fission"],"picked":"Echo Form","floor":33},{"not_picked":["Static Discharge+1","Hologram"],"picked":"Coolheaded+1","floor":35},{"not_picked":["Conserve Battery","Redo"],"picked":"Hello World+1","floor":36},{"not_picked":["Redo","Go for the Eyes"],"picked":"Undo+1","floor":37},{"not_picked":["Steam Power","Steam+1"],"picked":"Beam Cell","floor":40},{"not_picked":["Chrysalis","Jack Of All Trades"],"picked":"Flash of Steel","floor":42},{"not_picked":["Beam Cell","Aggregate","Turbo"],"picked":"SKIP","floor":46},{"not_picked":["Steam+1","Genetic Algorithm+1","Compile Driver"],"picked":"Singing Bowl","floor":47}],"player_experience":327348,"relics_obtained":[{"floor":7,"key":"Happy Flower"},{"floor":9,"key":"Strawberry"},{"floor":10,"key":"Gambling Chip"},{"floor":12,"key":"Dead Branch"},{"floor":24,"key":"Bag of Marbles"},{"floor":26,"key":"Blue Candle"},{"floor":31,"key":"Mummified Hand"},{"floor":36,"key":"Ginger"},{"floor":38,"key":"Emotion Chip"},{"floor":40,"key":"WingedGreaves"},{"floor":43,"key":"Kunai"},{"floor":47,"key":"Singing Bowl"}],"event_choices":[{"cards_removed":["Strike_B"],"damage_healed":0,"gold_gain":0,"player_choice":"Card Removal","damage_taken":0,"max_hp_gain":0,"max_hp_loss":0,"event_name":"The Cleric","floor":3,"gold_loss":50},{"damage_healed":0,"gold_gain":0,"player_choice":"Got Potions","damage_taken":0,"max_hp_gain":0,"max_hp_loss":0,"event_name":"Lab","floor":8,"gold_loss":0},{"damage_healed":0,"gold_gain":0,"player_choice":"Ignored","damage_taken":0,"max_hp_gain":0,"max_hp_loss":0,"event_name":"Ghosts","floor":19,"gold_loss":0},{"damage_healed":0,"gold_gain":0,"cards_transformed":["Strike_B","Defend_B"],"player_choice":"Became Test Subject","damage_taken":0,"max_hp_gain":0,"max_hp_loss":0,"event_name":"Drug Dealer","floor":21,"gold_loss":0,"cards_obtained":["Fusion","Genetic Algorithm"]},{"damage_healed":0,"gold_gain":0,"player_choice":"Copied","damage_taken":0,"max_hp_gain":0,"max_hp_loss":0,"event_name":"Duplicator","floor":27,"gold_loss":0,"cards_obtained":["Genetic Algorithm"]},{"damage_healed":0,"gold_gain":0,"player_choice":"Fight","damage_taken":0,"max_hp_gain":0,"max_hp_loss":0,"event_name":"Mysterious Sphere","floor":36,"gold_loss":0},{"damage_healed":0,"gold_gain":0,"player_choice":"Fight","damage_taken":0,"max_hp_gain":0,"max_hp_loss":0,"event_name":"MindBloom","floor":38,"gold_loss":0},{"damage_healed":0,"gold_gain":0,"player_choice":"Memory 1","damage_taken":0,"max_hp_gain":0,"max_hp_loss":0,"event_name":"SensoryStone","floor":42,"gold_loss":0},{"damage_healed":0,"gold_gain":0,"player_choice":"Trade","damage_taken":0,"relics_obtained":["GremlinMask"],"max_hp_gain":0,"max_hp_loss":0,"event_name":"FaceTrader","floor":45,"gold_loss":0},{"damage_healed":0,"gold_gain":100,"player_choice":"Pray","damage_taken":0,"max_hp_gain":0,"max_hp_loss":0,"event_name":"Golden Shrine","floor":48,"gold_loss":0}],"is_beta":false,"boss_relics":[{"not_picked":["Fusion Hammer","Inserter"],"picked":"Nuclear Battery"},{"not_picked":["Philosopher\u0027s Stone","Orrery"],"picked":"Eternal Feather"}],"items_purged_floors":[],"is_endless":false,"potions_floor_spawned":[2,10,14,18,22,28,33,35,36,38],"ascension_level":3}