{"gold_per_floor":[109,124,135,310,260,285,285,296,364,383,397,428,447,464,464,563,563,576,154,167,167,219,219,253,253,277,293,310,321,354,354,354,354],"floor_reached":33,"playtime":2104,"items_purged":[],"score":381,"play_id":"906814cc-dc31-4317-bac8-5b2987ebc750","local_time":"20191007230620","is_ascension_mode":true,"campfire_choices":[{"data":"A Thousand Cuts","floor":7,"key":"SMITH"},{"data":"Neutralize","floor":15,"key":"SMITH"},{"data":"After Image","floor":23,"key":"SMITH"},{"data":"Wraith Form v2","floor":25,"key":"SMITH"},{"floor":32,"key":"REST"}],"neow_cost":"NONE","seed_source_timestamp":1807785096280300,"circlet_count":0,"master_deck":["Defend_G","Defend_G","Defend_G","Defend_G","Survivor","Neutralize+1","Deadly Poison","Dagger Throw","Leg Sweep","A Thousand Cuts+1","Crippling Poison","Flechettes","Dagger Spray","PiercingWail","Poisoned Stab","Concentrate","After Image+1","Predator","Backstab","Acrobatics","Dodge and Roll","Venomology","Caltrops","Noxious Fumes","Cloak And Dagger","Prepared","Bite","Bite","Bite+1","Bite","Bite+1","Wraith Form v2+1","Caltrops+1","Blade Dance","A Thousand Cuts","Caltrops","Catalyst"],"relics":["Ring of the Snake","NeowsBlessing","FossilizedHelix","Question Card","Lantern","Orrery","Bronze Scales","Boot","Ancient Tea Set","Whetstone","Regal Pillow","Juzu Bracelet"],"potions_floor_usage":[6,8,10,12,16,18,24,24,27,27,27,30,33,33],"damage_taken":[{"damage":0,"enemies":"Cultist","floor":1,"turns":1},{"damage":0,"enemies":"Jaw Worm","floor":2,"turns":1},{"damage":0,"enemies":"Small Slimes","floor":3,"turns":1},{"damage":10,"enemies":"Gremlin Nob","floor":6,"turns":5},{"damage":0,"enemies":"Exordium Thugs","floor":8,"turns":5},{"damage":7,"enemies":"Gremlin Gang","floor":10,"turns":3},{"damage":1,"enemies":"Blue Slaver","floor":11,"turns":4},{"damage":9,"enemies":"Lagavulin","floor":12,"turns":9},{"damage":5,"enemies":"3 Louse","floor":13,"turns":3},{"damage":0,"enemies":"Large Slime","floor":14,"turns":7},{"damage":14,"enemies":"Hexaghost","floor":16,"turns":9},{"damage":6,"enemies":"3 Byrds","floor":18,"turns":5},{"damage":4,"enemies":"Shell Parasite","floor":20,"turns":5},{"damage":30,"enemies":"Slavers","floor":24,"turns":5},{"damage":12,"enemies":"Centurion and Healer","floor":27,"turns":8},{"damage":17,"enemies":"3 Cultists","floor":28,"turns":5},{"damage":0,"enemies":"Snecko","floor":29,"turns":5},{"damage":11,"enemies":"Book of Stabbing","floor":30,"turns":6},{"damage":93,"enemies":"Champ","floor":33,"turns":12}],"seed_played":"-4212930729243740693","potions_obtained":[{"floor":1,"key":"Fire Potion"},{"floor":2,"key":"Weak Potion"},{"floor":6,"key":"Energy Potion"},{"floor":11,"key":"GhostInAJar"},{"floor":13,"key":"Strength Potion"},{"floor":16,"key":"Poison Potion"},{"floor":20,"key":"Swift Potion"},{"floor":29,"key":"GamblersBrew"}],"is_trial":false,"path_per_floor":["M","M","M","?","?","E","R","M","T","M","M","E","M","M","R","B",null,"M","$","M","?","T","R","E","R","T","M","M","M","E","?","R","B"],"character_chosen":"THE_SILENT","items_purchased":["Bronze Scales","Noxious Fumes","Boot","Cloak And Dagger"],"campfire_rested":1,"item_purchase_floors":[19,19,19,19],"current_hp_per_floor":[70,70,70,70,70,60,60,60,60,53,52,43,38,38,38,24,70,64,64,60,49,49,49,37,37,37,38,27,33,27,27,49,0],"gold":354,"neow_bonus":"THREE_ENEMY_KILL","is_prod":false,"is_daily":false,"chose_seed":false,"campfire_upgraded":4,"win_rate":0,"timestamp":1570514780,"path_taken":["M","?","M","?","?","E","R","M","T","M","M","E","M","M","R","BOSS","M","$","M","?","?","R","E","R","T","M","M","M","E","?","R","BOSS"],"build_version":"2019-07-17","purchased_purges":0,"victory":false,"max_hp_per_floor":[70,70,70,70,70,70,70,70,70,70,70,70,70,70,70,70,70,70,70,70,49,49,49,49,49,49,49,49,49,49,49,49,49],"card_choices":[{"not_picked":["Masterful Stab","Predator"],"picked":"Deadly Poison","floor":1},{"not_picked":["Outmaneuver","Bane"],"picked":"Dagger Throw","floor":2},{"not_picked":["Choke","Footwork"],"picked":"Leg Sweep","floor":3},{"not_picked":["Blade Dance","Prepared"],"picked":"A Thousand Cuts","floor":6},{"not_picked":["Dodge and Roll","Dagger Throw"],"picked":"Crippling Poison","floor":8},{"not_picked":["Eviscerate","Glass Knife","Outmaneuver"],"picked":"Flechettes","floor":10},{"not_picked":["Flying Knee","Dagger Throw","Quick Slash"],"picked":"Dagger Spray","floor":11},{"not_picked":["Deadly Poison","Dodge and Roll","Sucker Punch"],"picked":"PiercingWail","floor":12},{"not_picked":["Bane","Setup","PiercingWail"],"picked":"Poisoned Stab","floor":13},{"not_picked":["PiercingWail","Unload","Tactician"],"picked":"Concentrate","floor":14},{"not_picked":["Glass Knife","Unload","Storm of Steel"],"picked":"After Image","floor":16},{"not_picked":["Acrobatics","Quick Slash","Poisoned Stab"],"picked":"Predator","floor":17},{"not_picked":["Setup","Eviscerate","Underhanded Strike"],"picked":"Backstab","floor":17},{"not_picked":["Deadly Poison","Deflect","Grand Finale"],"picked":"Acrobatics","floor":17},{"not_picked":["Sucker Punch","Outmaneuver","Quick Slash"],"picked":"Dodge and Roll","floor":17},{"not_picked":["Finisher","Deflect","Terror"],"picked":"Venomology","floor":17},{"not_picked":["Backflip","Crippling Poison","Finisher"],"picked":"Caltrops","floor":18},{"not_picked":["Acrobatics","Cloak And Dagger","Deadly Poison"],"picked":"Prepared","floor":20},{"not_picked":["Eviscerate","Grand Finale","Deflect+1"],"picked":"Wraith Form v2","floor":24},{"not_picked":["Underhanded Strike","Quick Slash","All Out Attack"],"picked":"Caltrops+1","floor":27},{"not_picked":["Outmaneuver","Predator","Sucker Punch"],"picked":"Blade Dance","floor":28},{"not_picked":["Dodge and Roll+1","Cloak And Dagger+1","Crippling Poison"],"picked":"A Thousand Cuts","floor":29},{"not_picked":["Heel Hook","Setup","PiercingWail"],"picked":"Caltrops","floor":30}],"player_experience":299889,"relics_obtained":[{"floor":6,"key":"FossilizedHelix"},{"floor":9,"key":"Question Card"},{"floor":12,"key":"Lantern"},{"floor":22,"key":"Ancient Tea Set"},{"floor":24,"key":"Whetstone"},{"floor":26,"key":"Regal Pillow"},{"floor":30,"key":"Juzu Bracelet"}],"event_choices":[{"damage_healed":0,"gold_gain":175,"player_choice":"AGREE","damage_taken":0,"max_hp_gain":0,"max_hp_loss":0,"event_name":"Liars Game","floor":4,"gold_loss":0,"cards_obtained":["Doubt"]},{"cards_removed":["Doubt"],"damage_healed":0,"gold_gain":0,"player_choice":"Card Removal","damage_taken":0,"max_hp_gain":0,"max_hp_loss":0,"event_name":"The Cleric","floor":5,"gold_loss":50},{"damage_healed":0,"gold_gain":0,"player_choice":"Became a vampire","damage_taken":0,"max_hp_gain":0,"max_hp_loss":21,"event_name":"Vampires","floor":21,"gold_loss":0,"cards_obtained":["Bite","Bite","Bite","Bite","Bite"]},{"damage_healed":0,"gold_gain":0,"cards_transformed":["Defend_G"],"player_choice":"Transformed","damage_taken":0,"max_hp_gain":0,"max_hp_loss":0,"event_name":"Transmorgrifier","floor":31,"gold_loss":0,"cards_obtained":["Catalyst"]}],"is_beta":false,"boss_relics":[{"not_picked":["Black Star","Busted Crown"],"picked":"Orrery"}],"items_purged_floors":[],"is_endless":false,"potions_floor_spawned":[1,2,6,11,13,16,20,29],"killed_by":"Champ","ascension_level":2}