{"gold_per_floor":[118,83,83,96,115,144,144,158,235,255,255,109,109,125,125,221,221,240,254,169,189,88,88,121,121,147,180,180,207,222,235,235,235],"floor_reached":33,"playtime":3041,"items_purged":["Strike_B","Defend_B"],"score":431,"play_id":"d10ad1cb-7521-46b8-848d-dee33cc1d8ce","local_time":"20190926020608","is_ascension_mode":true,"campfire_choices":[{"data":"Defragment","floor":7,"key":"SMITH"},{"data":"Coolheaded","floor":13,"key":"SMITH"},{"data":"Steam","floor":15,"key":"SMITH"},{"data":"Chill","floor":23,"key":"SMITH"},{"floor":25,"key":"REST"},{"data":"Biased Cognition","floor":32,"key":"SMITH"}],"neow_cost":"NONE","seed_source_timestamp":1192486824924722,"circlet_count":0,"master_deck":["AscendersBane","Strike_B","Strike_B","Defend_B","Defend_B","Defend_B","Zap+1","Dualcast","Gash","Defragment+1","Steam+1","Compile Driver","Melter","Gash","Cold Snap+1","Reboot","Sunder+1","Hologram","Coolheaded+1","Seek","Chill+1","Coolheaded+1","Hologram+1","Compile Driver+1","Gash+1","Go for the Eyes+1","Biased Cognition+1","Defragment+1"],"relics":["Cracked Core","Mango","Molten Egg 2","Eternal Feather","Smiling Mask","Sundial","Ancient Tea Set","Red Mask","Gremlin Horn"],"potions_floor_usage":[6,6,16,24,29],"damage_taken":[{"damage":12,"enemies":"Jaw Worm","floor":1,"turns":3},{"damage":12,"enemies":"Small Slimes","floor":4,"turns":3},{"damage":0,"enemies":"Cultist","floor":5,"turns":3},{"damage":17,"enemies":"3 Sentries","floor":6,"turns":8},{"damage":13,"enemies":"Exordium Wildlife","floor":8,"turns":4},{"damage":7,"enemies":"Exordium Thugs","floor":10,"turns":4},{"damage":2,"enemies":"2 Fungi Beasts","floor":14,"turns":2},{"damage":6,"enemies":"Hexaghost","floor":16,"turns":9},{"damage":7,"enemies":"Chosen","floor":18,"turns":4},{"damage":3,"enemies":"Shell Parasite","floor":19,"turns":7},{"damage":12,"enemies":"Centurion and Healer","floor":21,"turns":7},{"damage":44,"enemies":"Gremlin Leader","floor":24,"turns":7},{"damage":15,"enemies":"Masked Bandits","floor":27,"turns":5},{"damage":23,"enemies":"Book of Stabbing","floor":29,"turns":7},{"damage":1,"enemies":"Shelled Parasite and Fungi","floor":30,"turns":3},{"damage":0,"enemies":"Cultist and Chosen","floor":31,"turns":4},{"damage":57,"enemies":"Automaton","floor":33,"turns":10}],"seed_played":"-3985140120389331342","potions_obtained":[{"floor":1,"key":"AttackPotion"},{"floor":4,"key":"SkillPotion"},{"floor":10,"key":"Dexterity Potion"},{"floor":21,"key":"Poison Potion"},{"floor":27,"key":"Regen Potion"}],"is_trial":false,"path_per_floor":["M","?","?","M","M","E","R","M","T","M","?","$","R","M","R","B",null,"M","M","?","M","$","R","E","R","T","?","?","E","M","M","R","B"],"character_chosen":"DEFECT","items_purchased":["Hologram","Coolheaded","Compile Driver+1"],"campfire_rested":1,"item_purchase_floors":[12,12,22],"current_hp_per_floor":[56,74,74,62,62,59,59,46,46,39,39,39,39,37,37,31,75,68,65,65,53,53,65,21,62,62,47,47,39,38,38,53,0],"gold":235,"neow_bonus":"UPGRADE_CARD","is_prod":false,"is_daily":false,"chose_seed":false,"campfire_upgraded":5,"win_rate":0,"timestamp":1569477968,"path_taken":["M","?","?","M","M","E","R","M","T","?","?","?","R","M","R","BOSS","M","M","?","M","$","R","E","R","T","?","?","E","M","M","R","BOSS"],"build_version":"2019-07-17","purchased_purges":2,"victory":false,"max_hp_per_floor":[75,75,75,75,75,89,89,89,89,89,89,89,89,89,89,89,89,89,89,89,89,89,89,89,89,89,89,89,89,89,89,89,89],"card_choices":[{"not_picked":["Force Field","Doom and Gloom"],"picked":"Gash","floor":1},{"not_picked":["Redo","Lockon"],"picked":"Steam","floor":4},{"not_picked":["Beam Cell","Go for the Eyes"],"picked":"Compile Driver","floor":5},{"not_picked":["Fission","Capacitor"],"picked":"Melter","floor":6},{"not_picked":["Force Field","Cold Snap"],"picked":"Gash","floor":8},{"not_picked":["Hello World","Turbo"],"picked":"Cold Snap+1","floor":10},{"not_picked":["Hello World","Sweeping Beam+1","Beam Cell+1"],"picked":"SKIP","floor":14},{"not_picked":["Buffer","Core Surge+1"],"picked":"Seek","floor":16},{"not_picked":["Melter+1","Leap+1"],"picked":"Chill","floor":18},{"not_picked":["Leap+1","Beam Cell+1"],"picked":"Coolheaded+1","floor":19},{"not_picked":["Conserve Battery","Compile Driver+1"],"picked":"Hologram+1","floor":21},{"not_picked":["Creative AI","Beam Cell+1"],"picked":"Gash+1","floor":24},{"not_picked":["White Noise","Leap"],"picked":"Go for the Eyes+1","floor":27},{"not_picked":["Leap+1","Rebound+1"],"picked":"Biased Cognition","floor":29},{"not_picked":["Conserve Battery+1","Stack+1","Beam Cell+1"],"picked":"SKIP","floor":30},{"not_picked":["Loop","Coolheaded+1"],"picked":"Defragment+1","floor":31}],"player_experience":420308,"relics_obtained":[{"floor":6,"key":"Mango"},{"floor":9,"key":"Molten Egg 2"},{"floor":24,"key":"Sundial"},{"floor":26,"key":"Ancient Tea Set"},{"floor":27,"key":"Red Mask"},{"floor":29,"key":"Gremlin Horn"}],"event_choices":[{"damage_healed":18,"gold_gain":0,"player_choice":"Healed","damage_taken":0,"max_hp_gain":0,"max_hp_loss":0,"event_name":"The Cleric","floor":2,"gold_loss":35},{"damage_healed":0,"gold_gain":0,"cards_transformed":["Strike_B"],"player_choice":"Transformed","damage_taken":0,"max_hp_gain":0,"max_hp_loss":0,"event_name":"Transmorgrifier","floor":3,"gold_loss":0,"cards_obtained":["Defragment"]},{"damage_healed":0,"gold_gain":0,"player_choice":"2 cards matched","damage_taken":0,"max_hp_gain":0,"max_hp_loss":0,"event_name":"Match and Keep!","floor":11,"gold_loss":0,"cards_obtained":["Reboot","Sunder"]},{"damage_healed":0,"gold_gain":0,"player_choice":"Obtained Relic","damage_taken":0,"relics_obtained":["Smiling Mask"],"max_hp_gain":0,"max_hp_loss":0,"event_name":"Addict","floor":20,"gold_loss":85},{"damage_healed":0,"gold_gain":0,"player_choice":"Fought Bandits","damage_taken":0,"max_hp_gain":0,"max_hp_loss":0,"event_name":"Masked Bandits","floor":27,"gold_loss":0},{"damage_healed":0,"gold_gain":0,"player_choice":"Ignored","damage_taken":0,"max_hp_gain":0,"max_hp_loss":0,"event_name":"Ghosts","floor":28,"gold_loss":0}],"is_beta":false,"boss_relics":[{"not_picked":["White Beast Statue","Runic Dome"],"picked":"Eternal Feather"}],"items_purged_floors":[12,22],"is_endless":false,"potions_floor_spawned":[1,4,10,21,27],"killed_by":"Automaton","ascension_level":10}