{"gold_per_floor":[115,115,130,149,203,203,235,249,249,249,277,293,293],"floor_reached":13,"playtime":572,"items_purged":[],"score":128,"play_id":"42ec0e04-8c2d-43cb-bcb2-a57a65069e11","local_time":"20190926145230","is_ascension_mode":true,"campfire_choices":[{"data":"Ball Lightning","floor":6,"key":"SMITH"}],"neow_cost":"NONE","seed_source_timestamp":1240969995544269,"circlet_count":0,"master_deck":["AscendersBane","Strike_B","Strike_B","Strike_B","Strike_B","Defend_B","Defend_B","Defend_B","Defend_B","Zap","Dualcast","Capacitor","Melter","Ball Lightning+1","Sweeping Beam","Leap","Genetic Algorithm","Steam","Undo"],"relics":["Cracked Core","NeowsBlessing","Kunai","Bottled Tornado","Symbiotic Virus","Odd Mushroom"],"potions_floor_usage":[7,11,13],"damage_taken":[{"damage":0,"enemies":"Small Slimes","floor":1,"turns":1},{"damage":0,"enemies":"Cultist","floor":3,"turns":1},{"damage":0,"enemies":"Jaw Worm","floor":4,"turns":1},{"damage":30,"enemies":"Lagavulin","floor":7,"turns":5},{"damage":8,"enemies":"Large Slime","floor":8,"turns":5},{"damage":14,"enemies":"The Mushroom Lair","floor":11,"turns":5},{"damage":0,"enemies":"Looter","floor":12,"turns":2},{"damage":0,"enemies":"Blue Slaver","floor":13,"turns":1}],"seed_played":"7940148827174052606","potions_obtained":[{"floor":4,"key":"Strength Potion"},{"floor":8,"key":"SkillPotion"},{"floor":11,"key":"Weak Potion"}],"is_trial":false,"path_per_floor":["M","?","M","M","?","R","E","M","T","?","?","M","M"],"character_chosen":"DEFECT","items_purchased":[],"campfire_rested":0,"item_purchase_floors":[],"current_hp_per_floor":[68,68,68,68,68,68,38,30,30,18,4,4,4],"gold":293,"neow_bonus":"THREE_ENEMY_KILL","is_prod":false,"is_daily":false,"chose_seed":false,"campfire_upgraded":1,"win_rate":0,"timestamp":1569523950,"path_taken":["M","?","M","?","?","R","E","M","T","?","?","M","M"],"build_version":"2019-07-17","purchased_purges":0,"victory":false,"max_hp_per_floor":[75,75,75,75,75,75,75,75,75,75,75,75,75],"card_choices":[{"not_picked":["Beam Cell","Stack"],"picked":"Capacitor","floor":1},{"not_picked":["Steam Power","Machine Learning"],"picked":"Ball Lightning","floor":3},{"not_picked":["White Noise","Barrage"],"picked":"Sweeping Beam","floor":4},{"not_picked":["Streamline","Melter"],"picked":"Leap","floor":7},{"not_picked":["Go for the Eyes","Barrage"],"picked":"Genetic Algorithm","floor":8},{"not_picked":["Capacitor","Rebound"],"picked":"Steam","floor":11},{"not_picked":["Heatsinks","Beam Cell"],"picked":"Undo","floor":12}],"player_experience":428294,"relics_obtained":[{"floor":7,"key":"Kunai"},{"floor":9,"key":"Bottled Tornado"},{"floor":11,"key":"Odd Mushroom"}],"event_choices":[{"damage_healed":0,"gold_gain":0,"player_choice":"1 cards matched","damage_taken":0,"max_hp_gain":0,"max_hp_loss":0,"event_name":"Match and Keep!","floor":2,"gold_loss":0,"cards_obtained":["Melter"]},{"damage_healed":0,"gold_gain":54,"player_choice":"Gained Gold","damage_taken":0,"max_hp_gain":0,"max_hp_loss":0,"event_name":"Golden Wing","floor":5,"gold_loss":0},{"damage_healed":0,"gold_gain":0,"player_choice":"Success","damage_taken":12,"relics_obtained":["Symbiotic Virus"],"max_hp_gain":0,"max_hp_loss":0,"event_name":"Scrap Ooze","floor":10,"gold_loss":0},{"damage_healed":0,"gold_gain":0,"player_choice":"Fought Mushrooms","damage_taken":0,"max_hp_gain":0,"max_hp_loss":0,"event_name":"Mushrooms","floor":11,"gold_loss":0}],"is_beta":false,"boss_relics":[],"items_purged_floors":[],"is_endless":false,"potions_floor_spawned":[4,8,11],"killed_by":"Blue Slaver","ascension_level":10}