{"gold_per_floor":[365,381,381,453,60,93,93,122,173,217,229,275,305,345,357,473,485,511,556,581,593,21,21,54,54,54,68,93,93,93,108,108,206,206,224,243,115,131,353,353,353,386,386,412,126,139,139,139,139,139],"floor_reached":50,"playtime":5065,"items_purged":["Decay","Strike_R","Strike_R"],"score":700,"play_id":"4020755a-4bdf-4575-af18-a007aab7fe2e","local_time":"20190306041205","is_ascension_mode":true,"campfire_choices":[{"floor":7,"key":"REST"},{"floor":11,"key":"REST"},{"floor":15,"key":"REST"},{"floor":23,"key":"REST"},{"data":"Footwork","floor":25,"key":"SMITH"},{"data":"Inflame","floor":30,"key":"SMITH"},{"floor":32,"key":"REST"},{"data":"Entrench","floor":40,"key":"SMITH"},{"floor":49,"key":"REST"}],"neow_cost":"PERCENT_DAMAGE","seed_source_timestamp":281459889898561,"circlet_count":0,"master_deck":["Strike_R","Strike_R","Defend_R","Defend_R","Defend_R","Defend_R","Bash","Metallicize","Thunderclap","Body Slam","Inflame+1","Footwork+1","Blind","Flex","Backstab","Go for the Eyes","Immolate","Parasite","Rebound+1","Well Laid Plans","Flame Barrier","Cleave","Warcry","Shrug It Off","Juggernaut","Flying Knee","Terror","Corpse Explosion","Ball Lightning+1","Entrench+1","Double Tap","Iron Wave+1","Secret Technique","Cleave+1","Flex","Metallicize","Prepared+1","Noxious Fumes"],"relics":["Burning Blood","Paper Frog","Lantern","PrismaticShard","StoneCalendar","Dodecahedron","MawBank","Shuriken","Smiling Mask","Oddly Smooth Stone","Calling Bell","Champion Belt","Gremlin Horn","Boot","Red Mask","MutagenicStrength","Charon\u0027s Ashes","Orichalcum","Kunai","Bronze Scales","Bottled Tornado","Spirit Poop","White Beast Statue","Sundial","Letter Opener","PreservedInsect","Dream Catcher","Pen Nib"],"potions_floor_usage":[8,19,27,33,42,44,44,46,46,50],"damage_taken":[{"damage":1,"enemies":"Cultist","floor":1,"turns":3},{"damage":6,"enemies":"Jaw Worm","floor":2,"turns":4},{"damage":50,"enemies":"Lagavulin","floor":6,"turns":7},{"damage":17,"enemies":"3 Sentries","floor":8,"turns":7},{"damage":15,"enemies":"Lagavulin","floor":10,"turns":7},{"damage":19,"enemies":"3 Sentries","floor":12,"turns":7},{"damage":0,"enemies":"2 Louse","floor":13,"turns":2},{"damage":18,"enemies":"Gremlin Nob","floor":14,"turns":4},{"damage":22,"enemies":"Slime Boss","floor":16,"turns":7},{"damage":24,"enemies":"Spheric Guardian","floor":18,"turns":5},{"damage":13,"enemies":"Masked Bandits","floor":19,"turns":5},{"damage":11,"enemies":"2 Thieves","floor":20,"turns":4},{"damage":27,"enemies":"Gremlin Leader","floor":24,"turns":6},{"damage":0,"enemies":"Snake Plant","floor":27,"turns":2},{"damage":11,"enemies":"Book of Stabbing","floor":28,"turns":5},{"damage":0,"enemies":"Centurion and Healer","floor":31,"turns":6},{"damage":38,"enemies":"Collector","floor":33,"turns":8},{"damage":5,"enemies":"3 Shapes","floor":35,"turns":3},{"damage":10,"enemies":"Orb Walker","floor":36,"turns":4},{"damage":21,"enemies":"Spire Growth","floor":38,"turns":6},{"damage":16,"enemies":"Reptomancer","floor":42,"turns":6},{"damage":31,"enemies":"Giant Head","floor":44,"turns":8},{"damage":36,"enemies":"Transient","floor":46,"turns":5},{"damage":37,"enemies":"Time Eater","floor":50,"turns":3}],"seed_played":"-806803359449504259","potions_obtained":[{"floor":2,"key":"Regen Potion"},{"floor":13,"key":"Explosive Potion"},{"floor":16,"key":"SteroidPotion"},{"floor":19,"key":"EssenceOfSteel"},{"floor":24,"key":"Block Potion"},{"floor":31,"key":"Swift Potion"},{"floor":33,"key":"EssenceOfSteel"},{"floor":42,"key":"Regen Potion"},{"floor":44,"key":"Poison Potion"},{"floor":46,"key":"Ancient Potion"}],"is_trial":false,"path_per_floor":["M","M","?","T","$","E","R","E","T","E","R","E","M","E","R","B",null,"M","?","M","?","$","R","E","R","T","M","E","?","R","M","R","B",null,"M","M","$","M","?","R","?","E","T","E","$","M","?","T","R","B"],"character_chosen":"IRONCLAD","items_purchased":["Lantern","PrismaticShard","Inflame","Charon\u0027s Ashes","Cleave","Orichalcum","Warcry","Double Tap","Flex","Metallicize","Dream Catcher"],"campfire_rested":6,"item_purchase_floors":[5,5,5,22,22,22,22,37,45,45,45],"current_hp_per_floor":[61,61,61,61,61,17,41,45,45,36,60,47,53,41,65,49,80,62,55,50,50,50,74,53,53,53,59,54,54,54,60,80,48,80,80,76,76,61,61,61,61,51,51,41,41,11,11,11,35,0],"gold":139,"neow_bonus":"TWO_FIFTY_GOLD","is_prod":false,"is_daily":false,"chose_seed":false,"campfire_upgraded":3,"win_rate":0,"timestamp":1551874325,"path_taken":["M","M","?","?","$","E","R","E","T","E","R","E","M","E","R","BOSS","M","?","M","?","$","R","E","R","T","?","E","?","R","M","R","BOSS","M","?","$","M","?","R","?","E","T","E","$","M","?","?","R","BOSS"],"build_version":"2019-01-23","purchased_purges":3,"victory":false,"max_hp_per_floor":[80,80,80,80,80,80,80,80,80,80,80,80,80,80,80,80,80,80,80,80,80,80,80,80,80,80,80,80,80,80,80,80,80,80,80,80,80,80,80,80,80,80,80,80,80,80,80,80,80,80],"card_choices":[{"not_picked":["Clash","Body Slam"],"picked":"Metallicize","floor":1},{"not_picked":["Uppercut","Rupture"],"picked":"Thunderclap","floor":2},{"not_picked":["Rebound","Twin Strike"],"picked":"Footwork","floor":6},{"not_picked":["Loop","Skim"],"picked":"Blind","floor":8},{"not_picked":["Auto Shields","Streamline"],"picked":"Flex","floor":10},{"not_picked":["Sword Boomerang","Acrobatics"],"picked":"Backstab","floor":12},{"not_picked":["Eviscerate","Anger"],"picked":"Go for the Eyes","floor":13},{"not_picked":["Sucker Punch","Conserve Battery","Gash"],"picked":"SKIP","floor":14},{"not_picked":["A Thousand Cuts","Rainbow"],"picked":"Immolate","floor":16},{"not_picked":["Headbutt","Ball Lightning+1"],"picked":"Rebound+1","floor":18},{"not_picked":["Leap+1","Sucker Punch"],"picked":"Well Laid Plans","floor":19},{"not_picked":["Stack","Gash"],"picked":"Flame Barrier","floor":20},{"not_picked":["Carnage+1","Static Discharge"],"picked":"Shrug It Off","floor":24},{"not_picked":["Streamline","Pommel Strike+1"],"picked":"Juggernaut","floor":27},{"not_picked":["Chill","Blade Dance"],"picked":"Flying Knee","floor":28},{"not_picked":["Inflame+1","Storm"],"picked":"Terror","floor":31},{"not_picked":["Impervious","Offering"],"picked":"Corpse Explosion","floor":33},{"not_picked":["Sucker Punch+1","Power Through"],"picked":"Ball Lightning+1","floor":35},{"not_picked":["Clothesline","Deep Breath"],"picked":"Entrench","floor":36},{"not_picked":["Genetic Algorithm","Body Slam+1"],"picked":"Iron Wave+1","floor":38},{"not_picked":["Purity","PanicButton"],"picked":"Secret Technique","floor":41},{"not_picked":["Eviscerate+1","Compile Driver+1"],"picked":"Cleave+1","floor":42},{"not_picked":["Catalyst","Perfected Strike","Barrage"],"picked":"SKIP","floor":44},{"not_picked":["Flying Knee+1","Coolheaded+1"],"picked":"Prepared+1","floor":46},{"not_picked":["Juggernaut","Gash+1"],"picked":"Noxious Fumes","floor":49}],"player_experience":46943,"relics_obtained":[{"floor":4,"key":"Paper Frog"},{"floor":6,"key":"StoneCalendar"},{"floor":8,"key":"Dodecahedron"},{"floor":9,"key":"MawBank"},{"floor":10,"key":"Shuriken"},{"floor":12,"key":"Smiling Mask"},{"floor":14,"key":"Oddly Smooth Stone"},{"floor":17,"key":"Champion Belt"},{"floor":17,"key":"Gremlin Horn"},{"floor":17,"key":"Boot"},{"floor":19,"key":"Red Mask"},{"floor":24,"key":"Kunai"},{"floor":26,"key":"Bronze Scales"},{"floor":28,"key":"Bottled Tornado"},{"floor":42,"key":"Sundial"},{"floor":43,"key":"Letter Opener"},{"floor":44,"key":"PreservedInsect"},{"floor":48,"key":"Pen Nib"}],"event_choices":[{"damage_healed":0,"gold_gain":0,"cards_transformed":["Strike_R"],"player_choice":"Change","damage_taken":0,"max_hp_gain":0,"max_hp_loss":0,"event_name":"Living Wall","floor":3,"gold_loss":0,"cards_obtained":["Body Slam"]},{"damage_healed":0,"gold_gain":0,"player_choice":"Fought Bandits","damage_taken":0,"max_hp_gain":0,"max_hp_loss":0,"event_name":"Masked Bandits","floor":19,"gold_loss":0},{"damage_healed":0,"gold_gain":0,"player_choice":"Inject Mutagens","damage_taken":0,"relics_obtained":["MutagenicStrength"],"max_hp_gain":0,"max_hp_loss":0,"event_name":"Drug Dealer","floor":21,"gold_loss":0},{"cards_removed":["Injury"],"damage_healed":0,"gold_gain":0,"player_choice":"Offered Curse","damage_taken":0,"relics_obtained":["Spirit Poop"],"max_hp_gain":0,"max_hp_loss":0,"event_name":"Bonfire Elementals","floor":29,"gold_loss":0},{"damage_healed":0,"gold_gain":222,"player_choice":"Wore Mask","damage_taken":0,"max_hp_gain":0,"max_hp_loss":0,"event_name":"Tomb of Lord Red Mask","floor":39,"gold_loss":0},{"damage_healed":0,"gold_gain":0,"player_choice":"Memory 1","damage_taken":0,"max_hp_gain":0,"max_hp_loss":0,"event_name":"SensoryStone","floor":41,"gold_loss":0},{"damage_healed":0,"gold_gain":0,"player_choice":"Ignored","damage_taken":0,"max_hp_gain":0,"max_hp_loss":0,"event_name":"Mysterious Sphere","floor":47,"gold_loss":0}],"is_beta":false,"boss_relics":[{"not_picked":["Runic Dome","Cursed Key"],"picked":"Calling Bell"},{"not_picked":["Busted Crown","Velvet Choker"],"picked":"White Beast Statue"}],"items_purged_floors":[22,37,45],"is_endless":false,"potions_floor_spawned":[2,13,16,19,24,31,33,35,36,38,42,44,46],"killed_by":"Time Eater","ascension_level":1}