{"gold_per_floor":[118,137,137,153,40,72,91,101,101,101,101,115,148,163,163,258,258,269,286,211,7,7],"floor_reached":22,"playtime":1560,"items_purged":[],"score":218,"play_id":"6955bed8-8b8c-4b21-90b5-72e232bf0b9e","local_time":"20190906040426","is_ascension_mode":true,"campfire_choices":[{"floor":10,"key":"REST"},{"data":"Terror","floor":15,"key":"SMITH"}],"neow_cost":"NONE","seed_source_timestamp":875796625991900,"circlet_count":0,"master_deck":["Strike_G","Strike_G","Strike_G","Strike_G","Strike_G","Defend_G","Defend_G","Defend_G","Defend_G","Defend_G","Survivor","Neutralize","Injury","PiercingWail","Skewer","Dagger Throw","Dramatic Entrance","Acrobatics","Terror+1","Infinite Blades","Backflip","Cloak And Dagger","Slice","Quick Slash","A Thousand Cuts","Prepared+1","Deadly Poison"],"relics":["Calling Bell","Snake Skull","Question Card","Pocketwatch","Gremlin Horn","Kunai","Blue Candle","HoveringKite","Chemical X"],"potions_floor_usage":[6,12,13,14,22,22],"damage_taken":[{"damage":5,"enemies":"Small Slimes","floor":1,"turns":4},{"damage":14,"enemies":"Cultist","floor":2,"turns":5},{"damage":9,"enemies":"2 Louse","floor":4,"turns":3},{"damage":12,"enemies":"Gremlin Nob","floor":6,"turns":4},{"damage":9,"enemies":"Blue Slaver","floor":7,"turns":4},{"damage":0,"enemies":"2 Fungi Beasts","floor":8,"turns":3},{"damage":12,"enemies":"Large Slime","floor":12,"turns":3},{"damage":9,"enemies":"3 Sentries","floor":13,"turns":7},{"damage":1,"enemies":"Looter","floor":14,"turns":3},{"damage":15,"enemies":"The Guardian","floor":16,"turns":14},{"damage":1,"enemies":"Chosen","floor":18,"turns":4},{"damage":32,"enemies":"3 Byrds","floor":19,"turns":6},{"damage":37,"enemies":"Centurion and Healer","floor":22,"turns":6}],"seed_played":"-5276330699204525902","potions_obtained":[{"floor":4,"key":"Energy Potion"},{"floor":7,"key":"GhostInAJar"},{"floor":8,"key":"Fire Potion"},{"floor":12,"key":"Ancient Potion"},{"floor":13,"key":"Explosive Potion"},{"floor":19,"key":"Ancient Potion"}],"is_trial":false,"path_per_floor":["M","M","?","M","$","E","M","M","T","R","?","M","E","M","R","B",null,"M","M","?","$","M"],"character_chosen":"THE_SILENT","items_purchased":["Dramatic Entrance","Acrobatics","Chemical X"],"campfire_rested":1,"item_purchase_floors":[5,5,21],"current_hp_per_floor":[65,51,51,42,42,30,21,21,21,42,65,53,44,43,43,28,70,69,37,37,37,0],"gold":7,"neow_bonus":"BOSS_RELIC","is_prod":false,"is_daily":false,"chose_seed":false,"campfire_upgraded":1,"win_rate":0,"timestamp":1567767866,"path_taken":["M","M","?","?","?","E","M","M","T","R","?","M","E","M","R","BOSS","M","M","?","$","M"],"build_version":"2019-07-17","purchased_purges":0,"victory":false,"max_hp_per_floor":[70,70,70,70,70,70,70,70,70,70,70,70,70,70,70,70,70,70,70,70,70,70],"card_choices":[{"not_picked":["Flying Knee","Expertise","Flechettes"],"picked":"PiercingWail","floor":1},{"not_picked":["Poisoned Stab","Dodge and Roll","PiercingWail"],"picked":"Skewer","floor":2},{"not_picked":["Sucker Punch","Slice","Leg Sweep"],"picked":"Dagger Throw","floor":4},{"not_picked":["Dodge and Roll","Outmaneuver","Deadly Poison"],"picked":"Terror","floor":6},{"not_picked":["Deadly Poison","A Thousand Cuts","Dagger Throw"],"picked":"Infinite Blades","floor":7},{"not_picked":["Deadly Poison","Quick Slash","Skewer"],"picked":"Backflip","floor":8},{"not_picked":["Poisoned Stab","Deflect","Underhanded Strike"],"picked":"Cloak And Dagger","floor":12},{"not_picked":["Deadly Poison","Backflip","Riddle With Holes"],"picked":"Slice","floor":13},{"not_picked":["Slice","Prepared","All Out Attack"],"picked":"Quick Slash","floor":14},{"not_picked":["Unload","Night Terror","Adrenaline"],"picked":"A Thousand Cuts","floor":16},{"not_picked":["Deflect","Well Laid Plans","Backflip+1"],"picked":"Prepared+1","floor":18},{"not_picked":["Dodge and Roll+1","Backflip+1","Cloak And Dagger"],"picked":"Deadly Poison","floor":19}],"player_experience":277750,"relics_obtained":[{"floor":0,"key":"Snake Skull"},{"floor":0,"key":"Question Card"},{"floor":0,"key":"Pocketwatch"},{"floor":6,"key":"Gremlin Horn"},{"floor":9,"key":"Kunai"},{"floor":13,"key":"Blue Candle"}],"event_choices":[{"cards_removed":["Regret"],"damage_healed":0,"gold_gain":0,"player_choice":"Card Removal","damage_taken":0,"max_hp_gain":0,"max_hp_loss":0,"event_name":"Wheel of Change","floor":3,"gold_loss":0},{"damage_healed":23,"gold_gain":0,"player_choice":"Banana","damage_taken":0,"max_hp_gain":0,"max_hp_loss":0,"event_name":"Big Fish","floor":11,"gold_loss":0},{"cards_removed":["Shame"],"damage_healed":0,"gold_gain":0,"player_choice":"Gave Gold","damage_taken":0,"max_hp_gain":0,"max_hp_loss":0,"event_name":"Beggar","floor":20,"gold_loss":75}],"is_beta":false,"boss_relics":[{"not_picked":["Fusion Hammer","Lizard Tail"],"picked":"HoveringKite"}],"items_purged_floors":[],"is_endless":false,"potions_floor_spawned":[4,7,8,12,13,19],"killed_by":"Centurion and Healer","ascension_level":2}