{"gold_per_floor":[113,113,113,126,136,136,169,179,179,189,201,201,236,201,201,301,301,275,275,196,209,220,220],"floor_reached":23,"playtime":3083,"items_purged":[],"score":203,"play_id":"7027980f-3553-4011-b664-59e8166b9a9e","local_time":"20190302214246","is_ascension_mode":false,"campfire_choices":[{"data":"Strike_R","floor":6,"key":"SMITH"},{"floor":12,"key":"REST"},{"data":"Second Wind","floor":15,"key":"SMITH"}],"neow_cost":"","seed_source_timestamp":886517003127,"circlet_count":0,"master_deck":["Strike_R+1","Strike_R","Strike_R","Strike_R","Defend_R","Defend_R","Defend_R","Defend_R","Bash","Second Wind+1","Clothesline","Rupture","Iron Wave","Sever Soul","Ghostly Armor","Headbutt","Disarm","Impervious","Uppercut+1","Shrug It Off","Perfected Strike","Pommel Strike+1","Twin Strike"],"relics":["Burning Blood","Vajra","Meat on the Bone","Anchor","PreservedInsect","Runic Pyramid","Enchiridion"],"potions_floor_usage":[16,16,16,23],"damage_taken":[{"damage":15,"enemies":"Small Slimes","floor":1,"turns":6},{"damage":2,"enemies":"2 Louse","floor":4,"turns":3},{"damage":1,"enemies":"Cultist","floor":5,"turns":4},{"damage":19,"enemies":"Gremlin Nob","floor":7,"turns":5},{"damage":7,"enemies":"2 Fungi Beasts","floor":8,"turns":4},{"damage":2,"enemies":"Looter","floor":10,"turns":3},{"damage":11,"enemies":"Large Slime","floor":11,"turns":5},{"damage":21,"enemies":"Lagavulin","floor":13,"turns":5},{"damage":55,"enemies":"The Guardian","floor":16,"turns":14},{"damage":15,"enemies":"2 Thieves","floor":18,"turns":5},{"damage":0,"enemies":"Chosen","floor":21,"turns":4},{"damage":24,"enemies":"Snake Plant","floor":22,"turns":7},{"damage":70,"enemies":"Gremlin Leader","floor":23,"turns":9}],"seed_played":"-7477455099354170468","potions_obtained":[{"floor":1,"key":"SkillPotion"},{"floor":7,"key":"Dexterity Potion"},{"floor":8,"key":"Weak Potion"},{"floor":11,"key":"Strength Potion"},{"floor":13,"key":"Block Potion"},{"floor":18,"key":"Dexterity Potion"}],"is_trial":false,"path_per_floor":["M","?","?","M","M","R","E","M","T","M","M","R","E","?","R","B",null,"M","?","$","M","M","E"],"character_chosen":"IRONCLAD","items_purchased":["Shrug It Off","Perfected Strike"],"campfire_rested":1,"item_purchase_floors":[20,20],"current_hp_per_floor":[71,53,53,57,62,62,49,48,48,52,47,71,56,76,76,39,80,71,55,55,61,55,0],"gold":220,"neow_bonus":"","is_prod":false,"is_daily":false,"chose_seed":false,"campfire_upgraded":2,"win_rate":0.0,"timestamp":1551591766,"path_taken":["M","?","?","M","M","R","E","M","T","M","?","R","E","?","R","BOSS","M","?","$","M","M","E"],"build_version":"2019-01-23","purchased_purges":0,"victory":false,"max_hp_per_floor":[80,80,80,80,80,80,80,80,80,80,80,80,80,80,80,80,80,80,80,80,80,80,80],"card_choices":[{"not_picked":["Feel No Pain","Flex"],"picked":"Second Wind","floor":1},{"not_picked":["Pummel","Bloodletting"],"picked":"Clothesline","floor":4},{"not_picked":["Armaments","Thunderclap"],"picked":"Rupture","floor":5},{"not_picked":["Body Slam","Rage"],"picked":"Iron Wave","floor":7},{"not_picked":["Body Slam","Barricade"],"picked":"Sever Soul","floor":8},{"not_picked":["Flex","Uppercut"],"picked":"Ghostly Armor","floor":10},{"not_picked":["Sever Soul","Second Wind"],"picked":"Headbutt","floor":11},{"not_picked":["Perfected Strike","Barricade"],"picked":"Disarm","floor":13},{"not_picked":["Dark Embrace","Double Tap"],"picked":"Impervious","floor":16},{"not_picked":["Flex+1","Battle Trance+1"],"picked":"Uppercut+1","floor":18},{"not_picked":["Combust","Armaments"],"picked":"Pommel Strike+1","floor":21},{"not_picked":["Anger","Headbutt"],"picked":"Twin Strike","floor":22}],"player_experience":0,"relics_obtained":[{"floor":7,"key":"Meat on the Bone"},{"floor":9,"key":"Anchor"},{"floor":13,"key":"PreservedInsect"},{"floor":19,"key":"Enchiridion"}],"event_choices":[{"damage_healed":0,"gold_gain":0,"player_choice":"Success","damage_taken":18,"relics_obtained":["Vajra"],"max_hp_gain":0,"max_hp_loss":0,"event_name":"Scrap Ooze","floor":2,"gold_loss":0},{"cards_removed":["Strike_R"],"damage_healed":0,"gold_gain":0,"player_choice":"Card Removal","damage_taken":0,"max_hp_gain":0,"max_hp_loss":0,"event_name":"Wheel of Change","floor":3,"gold_loss":0},{"damage_healed":20,"gold_gain":0,"player_choice":"Healed","damage_taken":0,"max_hp_gain":0,"max_hp_loss":0,"event_name":"The Cleric","floor":14,"gold_loss":35},{"damage_healed":0,"gold_gain":0,"player_choice":"Obtained Book","damage_taken":16,"max_hp_gain":0,"max_hp_loss":0,"event_name":"Cursed Tome","floor":19,"gold_loss":0}],"is_beta":false,"boss_relics":[{"not_picked":["Astrolabe","Black Star"],"picked":"Runic Pyramid"}],"items_purged_floors":[],"is_endless":false,"potions_floor_spawned":[1,7,8,11,13,18],"killed_by":"Gremlin Leader","ascension_level":0}