{"gold_per_floor":[109,109,124,140,153,180,180,191,218,232,232,282,282,314,314,390,390,407,418,429,429,442,474,146,146,199,199,234,244,244,264,264,264],"floor_reached":33,"playtime":1795,"items_purged":["Strike_B"],"score":611,"play_id":"a0d6275b-cb43-445b-bb0f-31f83141cbdb","local_time":"20191025191422","is_ascension_mode":true,"campfire_choices":[{"data":"Streamline","floor":7,"key":"SMITH"},{"data":"Multi-Cast","floor":13,"key":"SMITH"},{"data":"Reprogram","floor":15,"key":"SMITH"},{"floor":30,"key":"REST"},{"floor":32,"key":"RECALL"}],"neow_cost":"NONE","seed_source_timestamp":1333079275417900,"circlet_count":0,"master_deck":["AscendersBane","Strike_B","Strike_B","Defend_B","Defend_B","Defend_B","Defend_B","Zap","Dualcast","Reprogram+1","Sweeping Beam","Streamline+1","Hologram","Conserve Battery","Cold Snap","Multi-Cast+1","Rebound","Electrodynamics","Ball Lightning","Genetic Algorithm","Apotheosis","Defragment","Ball Lightning","Ghostly","Ghostly","Ghostly","Compile Driver","Thunder Strike"],"relics":["Cracked Core","NeowsBlessing","Blood Vial","Potion Belt","Darkstone Periapt","Anchor","Fusion Hammer","Vajra","Dream Catcher","Mercury Hourglass"],"potions_floor_usage":[6,6,14,16,22,23,33,33],"damage_taken":[{"damage":0,"enemies":"Small Slimes","floor":1,"turns":1},{"damage":0,"enemies":"Cultist","floor":3,"turns":1},{"damage":0,"enemies":"2 Louse","floor":4,"turns":1},{"damage":5,"enemies":"Gremlin Gang","floor":5,"turns":6},{"damage":10,"enemies":"Lagavulin","floor":6,"turns":7},{"damage":3,"enemies":"Exordium Wildlife","floor":8,"turns":4},{"damage":9,"enemies":"2 Fungi Beasts","floor":10,"turns":3},{"damage":9,"enemies":"3 Sentries","floor":14,"turns":7},{"damage":0,"enemies":"Slime Boss","floor":16,"turns":7},{"damage":0,"enemies":"3 Byrds","floor":18,"turns":2},{"damage":2,"enemies":"Chosen","floor":19,"turns":4},{"damage":31,"enemies":"Snake Plant","floor":20,"turns":5},{"damage":0,"enemies":"Cultist and Chosen","floor":22,"turns":6},{"damage":19,"enemies":"Slavers","floor":23,"turns":2},{"damage":8,"enemies":"Gremlin Leader","floor":28,"turns":5},{"damage":8,"enemies":"Sentry and Sphere","floor":29,"turns":4},{"damage":0,"enemies":"3 Cultists","floor":31,"turns":3},{"damage":59,"enemies":"Champ","floor":33,"turns":8}],"seed_played":"-460554300679888677","potions_obtained":[{"floor":1,"key":"Energy Potion"},{"floor":3,"key":"SpeedPotion"},{"floor":10,"key":"LiquidBronze"},{"floor":14,"key":"FocusPotion"},{"floor":16,"key":"Fire Potion"},{"floor":19,"key":"PowerPotion"},{"floor":20,"key":"SpeedPotion"},{"floor":23,"key":"FearPotion"},{"floor":29,"key":"SpeedPotion"}],"is_trial":false,"path_per_floor":["M","?","M","M","M","E","R","M","T","M","T","?","R","E","R","B",null,"M","M","M","?","M","E","$","?","T","?","E","M","R","M","R","B"],"character_chosen":"DEFECT","items_purchased":["Apotheosis","Defragment","Ball Lightning"],"campfire_rested":1,"item_purchase_floors":[24,24,24],"current_hp_per_floor":[64,71,71,71,66,56,56,55,55,48,48,48,48,41,41,43,64,66,66,37,37,39,22,22,36,36,35,27,21,31,33,33,0],"gold":264,"neow_bonus":"THREE_ENEMY_KILL","is_prod":false,"is_daily":false,"chose_seed":false,"campfire_upgraded":3,"win_rate":0,"timestamp":1572045262,"path_taken":["M","?","M","M","?","E","R","M","T","M","?","?","R","E","R","BOSS","M","M","?","?","?","E","$","?","T","?","E","M","R","M","R","BOSS"],"build_version":"2019-07-17","purchased_purges":1,"victory":false,"max_hp_per_floor":[71,71,71,71,71,71,71,71,71,71,71,71,71,71,71,71,71,71,71,71,71,71,71,71,71,71,35,35,35,35,35,35,35],"card_choices":[{"not_picked":["Blizzard","Heatsinks"],"picked":"Reprogram","floor":1},{"not_picked":["Hologram","Cold Snap"],"picked":"Sweeping Beam","floor":3},{"not_picked":["Recycle","Hello World"],"picked":"Streamline","floor":4},{"not_picked":["White Noise","Skim"],"picked":"Hologram","floor":5},{"not_picked":["Steam","Go for the Eyes"],"picked":"Conserve Battery","floor":6},{"not_picked":["Beam Cell","Doom and Gloom"],"picked":"Cold Snap","floor":8},{"not_picked":["Storm","Blizzard"],"picked":"Multi-Cast","floor":10},{"not_picked":["Creative AI","Hologram"],"picked":"Rebound","floor":14},{"not_picked":["Rainbow","Hyperbeam"],"picked":"Electrodynamics","floor":16},{"not_picked":["Rebound","Conserve Battery"],"picked":"Ball Lightning","floor":18},{"not_picked":["Turbo","Force Field","Conserve Battery"],"picked":"SKIP","floor":19},{"not_picked":["Sweeping Beam","Rebound"],"picked":"Genetic Algorithm","floor":20},{"not_picked":["Gash","Stack","Beam Cell+1"],"picked":"SKIP","floor":22},{"not_picked":["Stack","Turbo","Sweeping Beam"],"picked":"SKIP","floor":23},{"not_picked":["Hologram","Aggregate","All For One"],"picked":"SKIP","floor":28},{"not_picked":["Redo","Reprogram","Conserve Battery"],"picked":"SKIP","floor":29},{"not_picked":["Coolheaded","Hologram"],"picked":"Compile Driver","floor":30},{"not_picked":["Genetic Algorithm","Stack"],"picked":"Thunder Strike","floor":31}],"player_experience":590511,"relics_obtained":[{"floor":6,"key":"Blood Vial"},{"floor":9,"key":"Potion Belt"},{"floor":11,"key":"Darkstone Periapt"},{"floor":14,"key":"Anchor"},{"floor":23,"key":"Vajra"},{"floor":26,"key":"Dream Catcher"},{"floor":28,"key":"Mercury Hourglass"}],"event_choices":[{"damage_healed":7,"gold_gain":0,"player_choice":"Full Heal","damage_taken":0,"max_hp_gain":0,"max_hp_loss":0,"event_name":"Wheel of Change","floor":2,"gold_loss":0},{"damage_healed":0,"gold_gain":50,"player_choice":"Pray","damage_taken":0,"max_hp_gain":0,"max_hp_loss":0,"event_name":"Golden Shrine","floor":12,"gold_loss":0},{"cards_removed":["Strike_B"],"damage_healed":0,"gold_gain":0,"player_choice":"Card Removal","damage_taken":0,"max_hp_gain":0,"max_hp_loss":0,"event_name":"Wheel of Change","floor":21,"gold_loss":0},{"damage_healed":14,"gold_gain":0,"player_choice":"Heal","damage_taken":0,"max_hp_gain":0,"max_hp_loss":0,"event_name":"The Library","floor":25,"gold_loss":0},{"damage_healed":0,"gold_gain":0,"player_choice":"Became a Ghost","damage_taken":0,"max_hp_gain":0,"max_hp_loss":36,"event_name":"Ghosts","floor":27,"gold_loss":0,"cards_obtained":["Ghostly","Ghostly","Ghostly"]}],"is_beta":false,"boss_relics":[{"not_picked":["Runic Dome","Tiny House"],"picked":"Fusion Hammer"}],"items_purged_floors":[24],"is_endless":false,"potions_floor_spawned":[1,3,10,14,16,19,20,23,29],"killed_by":"Champ","ascension_level":15}