{"gold_per_floor":[213,232,307,326,337,362,362,362,362,394,394,407,39,53,53,53],"floor_reached":16,"playtime":695,"items_purged":["Strike_B"],"score":196,"play_id":"4b099879-b1b1-4ba4-acfd-a0cd325313ee","local_time":"20191026005955","is_ascension_mode":true,"campfire_choices":[{"data":"Zap","floor":8,"key":"SMITH"},{"data":"Steam","floor":11,"key":"SMITH"},{"data":"Genetic Algorithm","floor":15,"key":"SMITH"}],"neow_cost":"NONE","seed_source_timestamp":1354910694781600,"circlet_count":0,"master_deck":["AscendersBane","Strike_B","Strike_B","Strike_B","Defend_B","Defend_B","Defend_B","Defend_B+1","Zap+1","Dualcast","Rebound","Conserve Battery+1","Coolheaded","Streamline","Reinforced Body","Steam+1","Leap","Genetic Algorithm+1","Loop"],"relics":["Cracked Core","War Paint","Singing Bowl","Calipers","Pantograph"],"potions_floor_usage":[5,16],"damage_taken":[{"damage":1,"enemies":"Cultist","floor":1,"turns":3},{"damage":2,"enemies":"Jaw Worm","floor":2,"turns":3},{"damage":0,"enemies":"Small Slimes","floor":4,"turns":3},{"damage":2,"enemies":"2 Fungi Beasts","floor":5,"turns":4},{"damage":22,"enemies":"Lagavulin","floor":6,"turns":8},{"damage":8,"enemies":"Gremlin Nob","floor":10,"turns":3},{"damage":11,"enemies":"Large Slime","floor":12,"turns":5},{"damage":11,"enemies":"Exordium Thugs","floor":14,"turns":4},{"damage":46,"enemies":"Slime Boss","floor":16,"turns":8}],"seed_played":"-3739585389956591164","potions_obtained":[{"floor":1,"key":"FairyPotion"},{"floor":5,"key":"Fruit Juice"},{"floor":10,"key":"Poison Potion"}],"is_trial":false,"path_per_floor":["M","M","?","M","M","E","?","R","T","E","R","M","$","M","R","B"],"character_chosen":"DEFECT","items_purchased":["Pantograph","Genetic Algorithm"],"campfire_rested":0,"item_purchase_floors":[13,13],"current_hp_per_floor":[63,61,50,50,53,31,31,31,31,23,23,12,12,1,1,0],"gold":53,"neow_bonus":"HUNDRED_GOLD","is_prod":false,"is_daily":false,"chose_seed":false,"campfire_upgraded":3,"win_rate":0,"timestamp":1572065995,"path_taken":["M","?","?","M","M","E","?","R","T","E","R","M","$","M","R","BOSS"],"build_version":"2019-07-17","purchased_purges":1,"victory":false,"max_hp_per_floor":[71,71,71,71,76,76,76,76,76,76,76,76,76,76,76,76],"card_choices":[{"not_picked":["Fusion","Skim"],"picked":"Rebound","floor":1},{"not_picked":["Hello World","Steam Power"],"picked":"Conserve Battery","floor":2},{"not_picked":["Double Energy","Stack"],"picked":"Coolheaded","floor":4},{"not_picked":["Redo","Compile Driver"],"picked":"Streamline","floor":5},{"not_picked":["Rebound","Beam Cell"],"picked":"Reinforced Body","floor":6},{"not_picked":["Rebound","Stack"],"picked":"Steam","floor":10},{"not_picked":["Gash","Chill"],"picked":"Leap","floor":12},{"not_picked":["Redo","Stack"],"picked":"Loop","floor":14}],"player_experience":603469,"relics_obtained":[{"floor":6,"key":"War Paint"},{"floor":9,"key":"Singing Bowl"},{"floor":10,"key":"Calipers"}],"event_choices":[{"damage_healed":0,"gold_gain":75,"player_choice":"Gather Gold","damage_taken":11,"max_hp_gain":0,"max_hp_loss":0,"event_name":"World of Goop","floor":3,"gold_loss":0},{"damage_healed":0,"gold_gain":0,"player_choice":"Ignored","damage_taken":0,"max_hp_gain":0,"max_hp_loss":0,"event_name":"Liars Game","floor":7,"gold_loss":0}],"is_beta":false,"boss_relics":[],"items_purged_floors":[13],"is_endless":false,"potions_floor_spawned":[1,5,10],"killed_by":"Slime Boss","ascension_level":15}