{"gold_per_floor":[114,124,144,144,144,174,194,194,218,251,266,266,566,566,566,639,639,656,176,191,191,191,226,226,22,102,102,102,129,148,328,328,407,407,426,284,294,294,304,329,329,356,356,356],"floor_reached":44,"playtime":2641,"items_purged":["Strike_B","Strike_B"],"score":921,"play_id":"2b5b3119-d832-4bb8-a95d-6dd9480c47d6","local_time":"20191026020212","is_ascension_mode":true,"campfire_choices":[{"data":"Self Repair","floor":8,"key":"SMITH"},{"data":"Beam Cell","floor":15,"key":"SMITH"},{"data":"Biased Cognition","floor":24,"key":"SMITH"},{"data":"Blizzard","floor":28,"key":"SMITH"},{"data":"Streamline","floor":32,"key":"SMITH"}],"neow_cost":"NONE","seed_source_timestamp":1356701644905400,"circlet_count":0,"master_deck":["AscendersBane","Strike_B+1","Defend_B","Defend_B","Defend_B","Zap+1","Dualcast","Glacier","Beam Cell+1","FTL+1","Self Repair+1","Capacitor","Blizzard+1","Biased Cognition+1","Capacitor","The Bomb","Cold Snap","Leap","Cold Snap","Streamline+1","Creative AI","Glacier","Barrage","Steam","Echo Form"],"relics":["Eternal Feather","Boot","Regal Pillow","Bag of Marbles","Blue Candle","Old Coin","Coffee Dripper","PreservedInsect","Whetstone","Membership Card","Shuriken","StoneCalendar","Lantern","Runic Pyramid","Mummified Hand","Bird Faced Urn","Ancient Tea Set"],"potions_floor_usage":[10,16,23,29,33,33],"damage_taken":[{"damage":8,"enemies":"Jaw Worm","floor":1,"turns":4},{"damage":1,"enemies":"Small Slimes","floor":2,"turns":3},{"damage":0,"enemies":"2 Louse","floor":3,"turns":5},{"damage":28,"enemies":"Gremlin Nob","floor":6,"turns":4},{"damage":6,"enemies":"Exordium Wildlife","floor":7,"turns":4},{"damage":7,"enemies":"3 Sentries","floor":10,"turns":10},{"damage":15,"enemies":"Large Slime","floor":11,"turns":6},{"damage":36,"enemies":"Slime Boss","floor":16,"turns":11},{"damage":19,"enemies":"Shell Parasite","floor":18,"turns":7},{"damage":0,"enemies":"Chosen","floor":20,"turns":6},{"damage":15,"enemies":"Gremlin Leader","floor":23,"turns":6},{"damage":16,"enemies":"Book of Stabbing","floor":29,"turns":4},{"damage":14,"enemies":"Centurion and Healer","floor":30,"turns":7},{"damage":1,"enemies":"Automaton","floor":33,"turns":11},{"damage":25,"enemies":"3 Darklings","floor":35,"turns":6},{"damage":18,"enemies":"Orb Walker","floor":37,"turns":7},{"damage":33,"enemies":"Jaw Worm Horde","floor":39,"turns":5},{"damage":7,"enemies":"Giant Head","floor":40,"turns":8},{"damage":19,"enemies":"Nemesis","floor":42,"turns":6},{"damage":21,"enemies":"Reptomancer","floor":44,"turns":1}],"seed_played":"7466705390638531782","potions_obtained":[{"floor":1,"key":"Ancient Potion"},{"floor":6,"key":"Regen Potion"},{"floor":11,"key":"Energy Potion"},{"floor":18,"key":"Poison Potion"},{"floor":20,"key":"SteroidPotion"},{"floor":23,"key":"Regen Potion"},{"floor":30,"key":"PowerPotion"}],"is_trial":false,"path_per_floor":["M","M","M","?","?","E","M","R","T","E","M","T","?","?","R","B",null,"M","$","M","?","?","E","R","$","T","?","R","E","M","?","R","B",null,"M","$","M","T","M","E","?","E","T","E"],"character_chosen":"DEFECT","items_purchased":["PreservedInsect","The Bomb","Cold Snap","Leap","Membership Card","Barrage","Ancient Potion","FocusPotion"],"campfire_rested":0,"item_purchase_floors":[19,19,19,19,25,36,36,36],"current_hp_per_floor":[56,55,55,55,55,27,21,30,30,48,43,43,43,36,45,19,58,49,49,59,59,39,24,36,36,36,36,48,54,50,29,41,50,70,55,55,47,47,24,27,27,18,18,0],"gold":356,"neow_bonus":"BOSS_RELIC","is_prod":false,"is_daily":false,"chose_seed":false,"campfire_upgraded":5,"win_rate":0,"timestamp":1572069732,"path_taken":["M","M","M","?","?","E","M","R","T","E","?","?","?","?","R","BOSS","M","$","M","?","?","E","R","?","T","?","R","E","?","?","R","BOSS","M","$","M","?","M","E","?","E","T","E"],"build_version":"2019-07-17","purchased_purges":2,"victory":false,"max_hp_per_floor":[71,71,71,71,71,71,71,71,71,71,71,71,71,71,71,71,71,71,71,71,71,76,76,76,76,76,76,76,76,76,76,76,76,76,76,76,76,76,76,76,76,76,76,76],"card_choices":[{"not_picked":["Auto Shields","Turbo"],"picked":"Glacier","floor":1},{"not_picked":["Turbo","Stack"],"picked":"Beam Cell","floor":2},{"not_picked":["Echo Form","Barrage"],"picked":"FTL","floor":3},{"not_picked":["Lockon","Redo"],"picked":"Cold Snap","floor":6},{"not_picked":["Undo","Auto Shields"],"picked":"Self Repair","floor":7},{"not_picked":["Loop","Conserve Battery"],"picked":"Capacitor","floor":10},{"not_picked":["Ball Lightning","Sweeping Beam"],"picked":"Blizzard","floor":11},{"not_picked":["Core Surge","Buffer"],"picked":"Biased Cognition","floor":16},{"not_picked":["FTL","Lockon"],"picked":"Capacitor","floor":18},{"not_picked":["Rebound","Beam Cell"],"picked":"Cold Snap","floor":20},{"not_picked":["Aggregate","Meteor Strike","Sweeping Beam"],"picked":"SKIP","floor":23},{"not_picked":["Rebound","Recycle"],"picked":"Streamline","floor":29},{"not_picked":["Lockon","Streamline","Steam Power"],"picked":"SKIP","floor":30},{"not_picked":["Reboot","Fission"],"picked":"Creative AI","floor":33},{"not_picked":["Loop","Darkness"],"picked":"Glacier","floor":35},{"not_picked":["Leap","Turbo"],"picked":"Steam","floor":37},{"not_picked":["Rebound","Redo","Storm+1"],"picked":"SKIP","floor":39},{"not_picked":["Auto Shields","Streamline+1"],"picked":"Echo Form","floor":40},{"not_picked":["Turbo","Aggregate","Streamline"],"picked":"SKIP","floor":42}],"player_experience":605236,"relics_obtained":[{"floor":6,"key":"Boot"},{"floor":9,"key":"Regal Pillow"},{"floor":10,"key":"Bag of Marbles"},{"floor":12,"key":"Blue Candle"},{"floor":23,"key":"Whetstone"},{"floor":26,"key":"Shuriken"},{"floor":29,"key":"Lantern"},{"floor":40,"key":"Mummified Hand"},{"floor":42,"key":"Bird Faced Urn"},{"floor":43,"key":"Ancient Tea Set"}],"event_choices":[{"damage_healed":0,"gold_gain":0,"player_choice":"Grow","damage_taken":0,"max_hp_gain":0,"max_hp_loss":0,"event_name":"Living Wall","floor":4,"gold_loss":0,"cards_upgraded":["Zap"]},{"damage_healed":0,"gold_gain":0,"player_choice":"Ignored","damage_taken":0,"max_hp_gain":0,"max_hp_loss":0,"event_name":"Liars Game","floor":5,"gold_loss":0},{"damage_healed":0,"gold_gain":0,"player_choice":"Searched \u00271\u0027 times","damage_taken":0,"relics_obtained":["Old Coin"],"max_hp_gain":0,"max_hp_loss":0,"event_name":"Dead Adventurer","floor":13,"gold_loss":0},{"damage_healed":0,"gold_gain":0,"player_choice":"Searched \u00271\u0027 times","damage_taken":0,"relics_obtained":["Old Coin"],"max_hp_gain":0,"max_hp_loss":0,"event_name":"Dead Adventurer","floor":13,"gold_loss":0},{"cards_removed":["Strike_B"],"damage_healed":0,"gold_gain":0,"player_choice":"Card Removal","damage_taken":7,"max_hp_gain":0,"max_hp_loss":0,"event_name":"Golden Wing","floor":14,"gold_loss":0},{"damage_healed":0,"gold_gain":0,"player_choice":"Ignored","damage_taken":0,"max_hp_gain":0,"max_hp_loss":0,"event_name":"Ghosts","floor":21,"gold_loss":0},{"damage_healed":0,"gold_gain":0,"player_choice":"Shed Blood","damage_taken":25,"max_hp_gain":5,"max_hp_loss":0,"event_name":"Forgotten Altar","floor":22,"gold_loss":0},{"cards_removed":["Cold Snap"],"damage_healed":0,"gold_gain":0,"player_choice":"Gave Card","damage_taken":0,"relics_obtained":["StoneCalendar"],"max_hp_gain":0,"max_hp_loss":0,"event_name":"WeMeetAgain","floor":27,"gold_loss":0},{"damage_healed":0,"gold_gain":180,"player_choice":"GOLD GOLD ","damage_taken":21,"max_hp_gain":0,"max_hp_loss":0,"event_name":"Knowing Skull","floor":31,"potions_obtained":[],"gold_loss":0,"cards_obtained":[]},{"cards_removed":["Defend_B"],"damage_healed":0,"gold_gain":0,"player_choice":"Purged","damage_taken":0,"max_hp_gain":0,"max_hp_loss":0,"event_name":"Purifier","floor":41,"gold_loss":0}],"is_beta":false,"boss_relics":[{"not_picked":["Lizard Tail","Calling Bell"],"picked":"Coffee Dripper"},{"not_picked":["Empty Cage","Busted Crown"],"picked":"Runic Pyramid"}],"items_purged_floors":[19,36],"is_endless":false,"potions_floor_spawned":[1,6,7,11,18,20,23,30,42],"killed_by":"Reptomancer","ascension_level":15}