{"gold_per_floor":[109,120,120,140,154,183,196,196,264,264,275,290,290,290,290,411,411,425,439,439,452,452,452,168,168,217,217,144,163,163,188,188,314,314,332,292,292,292,307,307,320,320,320,344,344,344,344,367,367,367],"floor_reached":51,"playtime":1033,"items_purged":["Strike_B"],"score":649,"play_id":"af33fe86-4a5a-4441-85f1-6078945b726e","local_time":"20191025174420","is_ascension_mode":false,"campfire_choices":[{"floor":8,"key":"REST"},{"data":"Defragment","floor":10,"key":"SMITH"},{"data":"Redo","floor":13,"key":"SMITH"},{"data":"Zap","floor":15,"key":"SMITH"},{"data":"Electrodynamics","floor":23,"key":"SMITH"},{"data":"Biased Cognition","floor":25,"key":"SMITH"},{"floor":30,"key":"REST"},{"data":"Sweeping Beam","floor":32,"key":"SMITH"},{"data":"Ball Lightning","floor":40,"key":"SMITH"},{"floor":42,"key":"REST"},{"data":"Echo Form","floor":46,"key":"SMITH"},{"floor":49,"key":"REST"}],"neow_cost":"NONE","seed_source_timestamp":1328415105912300,"circlet_count":0,"master_deck":["Strike_B+1","Strike_B+1","Defend_B+1","Defend_B+1","Defend_B+1","Defend_B+1","Zap+1","Dualcast+1","Sweeping Beam+1","Conserve Battery+1","Ball Lightning+1","Biased Cognition+1","Defragment+1","Ball Lightning+1","Redo+1","Cold Snap+1","Electrodynamics+1","Cold Snap+1","Steam+1","Rainbow+1","Sweeping Beam+1","Coolheaded+1","Ball Lightning+1","Echo Form+1","Loop"],"relics":["Cracked Core","NeowsBlessing","Juzu Bracelet","Ornamental Fan","Golden Idol","Sozu","Molten Egg 2","HandDrill","Art of War","Lizard Tail","DataDisk","Mark of the Bloom"],"potions_floor_usage":[6,16,16,16],"damage_taken":[{"damage":0,"enemies":"Cultist","floor":1,"turns":1},{"damage":0,"enemies":"2 Louse","floor":2,"turns":1},{"damage":0,"enemies":"Small Slimes","floor":4,"turns":1},{"damage":4,"enemies":"Blue Slaver","floor":5,"turns":4},{"damage":11,"enemies":"3 Sentries","floor":6,"turns":5},{"damage":38,"enemies":"Exordium Thugs","floor":7,"turns":4},{"damage":6,"enemies":"2 Fungi Beasts","floor":11,"turns":2},{"damage":8,"enemies":"Gremlin Gang","floor":12,"turns":4},{"damage":20,"enemies":"The Guardian","floor":16,"turns":6},{"damage":0,"enemies":"Spheric Guardian","floor":18,"turns":3},{"damage":25,"enemies":"2 Thieves","floor":19,"turns":3},{"damage":28,"enemies":"Snake Plant","floor":21,"turns":3},{"damage":0,"enemies":"Cultist and Chosen","floor":29,"turns":4},{"damage":1,"enemies":"3 Cultists","floor":31,"turns":3},{"damage":40,"enemies":"Collector","floor":33,"turns":8},{"damage":5,"enemies":"3 Shapes","floor":35,"turns":4},{"damage":8,"enemies":"Orb Walker","floor":39,"turns":4},{"damage":25,"enemies":"Maw","floor":41,"turns":5},{"damage":0,"enemies":"Transient","floor":44,"turns":5},{"damage":0,"enemies":"Sphere and 2 Shapes","floor":48,"turns":3},{"damage":35,"enemies":"Time Eater","floor":50,"turns":10}],"seed_played":"18506006546921659","potions_obtained":[{"floor":2,"key":"Weak Potion"},{"floor":3,"key":"SteroidPotion"},{"floor":3,"key":"FocusPotion"},{"floor":3,"key":"Fire Potion"},{"floor":11,"key":"GamblersBrew"}],"is_trial":false,"path_per_floor":["M","M","?","M","M","E","M","R","T","R","M","M","R","?","R","B",null,"M","M","?","M","T","R","$","R","T","?","$","M","R","M","R","B",null,"M","?","?","?","M","R","M","R","T","M","?","R","?","M","R","B",null],"character_chosen":"DEFECT","items_purchased":["HandDrill","Sweeping Beam+1","Coolheaded"],"campfire_rested":4,"item_purchase_floors":[24,28,28],"current_hp_per_floor":[75,75,75,75,71,60,22,44,44,44,38,30,30,30,30,10,69,69,44,67,39,39,39,39,39,39,39,39,39,59,58,58,18,69,64,64,64,64,56,56,31,51,51,51,51,51,51,51,51,16],"gold":367,"neow_bonus":"THREE_ENEMY_KILL","is_prod":false,"is_daily":false,"chose_seed":false,"campfire_upgraded":8,"win_rate":0,"timestamp":1572039860,"path_taken":["M","?","?","?","M","E","M","R","T","R","M","M","R","?","R","BOSS","M","M","?","M","?","R","$","R","T","?","$","M","R","M","R","BOSS","M","?","?","?","M","R","M","R","T","M","?","R","?","M","R","BOSS"],"build_version":"2019-07-17","purchased_purges":1,"victory":true,"max_hp_per_floor":[75,75,75,75,75,75,75,75,75,75,75,75,75,69,69,69,69,69,69,69,69,69,69,69,69,69,69,69,69,69,69,69,69,69,69,69,69,69,69,69,69,69,69,69,69,69,69,69,69,69],"card_choices":[{"not_picked":["Coolheaded","Compile Driver"],"picked":"Sweeping Beam","floor":1},{"not_picked":["Steam Power","Beam Cell"],"picked":"Conserve Battery","floor":2},{"not_picked":["Beam Cell","Compile Driver"],"picked":"Ball Lightning","floor":4},{"not_picked":["Lockon","Sweeping Beam"],"picked":"Biased Cognition","floor":5},{"not_picked":["Leap","Conserve Battery"],"picked":"Defragment","floor":6},{"not_picked":["Rip and Tear","Undo"],"picked":"Ball Lightning","floor":7},{"not_picked":["Aggregate","Scrape"],"picked":"Redo","floor":11},{"not_picked":["Steam","Go for the Eyes"],"picked":"Cold Snap","floor":12},{"not_picked":["Fission","Buffer"],"picked":"Electrodynamics","floor":16},{"not_picked":["Gash","Conserve Battery"],"picked":"Cold Snap+1","floor":18},{"not_picked":["Hologram+1","Go for the Eyes"],"picked":"Steam+1","floor":19},{"not_picked":["Stack","Hologram"],"picked":"Rainbow","floor":21},{"not_picked":["Consume","BootSequence"],"picked":"Ball Lightning+1","floor":29},{"not_picked":["Rebound+1","Beam Cell+1","Storm"],"picked":"SKIP","floor":31},{"not_picked":["Buffer","Multi-Cast"],"picked":"Echo Form","floor":33},{"not_picked":["Skim+1","Darkness+1","Turbo"],"picked":"SKIP","floor":35},{"not_picked":["Chill","Undo","Stack"],"picked":"SKIP","floor":39},{"not_picked":["Go for the Eyes+1","Conserve Battery+1","Recycle+1"],"picked":"SKIP","floor":41},{"not_picked":["Conserve Battery","Streamline+1","Beam Cell+1"],"picked":"SKIP","floor":44},{"not_picked":["Cold Snap+1","Streamline+1"],"picked":"Loop","floor":48}],"player_experience":589191,"relics_obtained":[{"floor":6,"key":"Juzu Bracelet"},{"floor":9,"key":"Ornamental Fan"},{"floor":22,"key":"Molten Egg 2"},{"floor":26,"key":"Art of War"},{"floor":43,"key":"DataDisk"}],"event_choices":[{"damage_healed":0,"gold_gain":0,"player_choice":"Got Potions","damage_taken":0,"max_hp_gain":0,"max_hp_loss":0,"event_name":"Lab","floor":3,"gold_loss":0},{"damage_healed":0,"gold_gain":0,"player_choice":"Lose Max HP","damage_taken":0,"relics_obtained":["Golden Idol"],"max_hp_gain":0,"max_hp_loss":6,"event_name":"Golden Idol","floor":14,"gold_loss":0},{"damage_healed":23,"gold_gain":0,"player_choice":"Heal","damage_taken":0,"max_hp_gain":0,"max_hp_loss":0,"event_name":"The Library","floor":20,"gold_loss":0},{"damage_healed":0,"gold_gain":0,"player_choice":"Upgraded","damage_taken":0,"max_hp_gain":0,"max_hp_loss":0,"event_name":"Upgrade Shrine","floor":27,"gold_loss":0,"cards_upgraded":["Conserve Battery"]},{"damage_healed":0,"gold_gain":0,"player_choice":"Upgraded Two","damage_taken":0,"max_hp_gain":0,"max_hp_loss":0,"event_name":"Designer","floor":36,"gold_loss":40,"cards_upgraded":["Strike_B","Dualcast"]},{"cards_removed":["Strike_B"],"damage_healed":0,"gold_gain":0,"player_choice":"Removed Attack","damage_taken":0,"max_hp_gain":0,"max_hp_loss":0,"event_name":"Falling","floor":37,"gold_loss":0},{"damage_healed":0,"gold_gain":0,"player_choice":"Upgraded","damage_taken":0,"max_hp_gain":0,"max_hp_loss":0,"event_name":"Upgrade Shrine","floor":38,"gold_loss":0,"cards_upgraded":["Ball Lightning"]},{"damage_healed":0,"gold_gain":0,"player_choice":"Ignored","damage_taken":0,"max_hp_gain":0,"max_hp_loss":0,"event_name":"Mysterious Sphere","floor":45,"gold_loss":0},{"damage_healed":0,"gold_gain":0,"player_choice":"Upgrade","damage_taken":0,"relics_obtained":["Mark of the Bloom"],"max_hp_gain":0,"max_hp_loss":0,"event_name":"MindBloom","floor":47,"gold_loss":0,"cards_upgraded":["Strike_B","Strike_B","Defend_B","Defend_B","Defend_B","Defend_B","Cold Snap","Rainbow","Coolheaded"]}],"is_beta":false,"boss_relics":[{"not_picked":["Black Star","Astrolabe"],"picked":"Sozu"},{"not_picked":["Empty Cage","Pandora\u0027s Box"],"picked":"Lizard Tail"}],"items_purged_floors":[24],"is_endless":false,"potions_floor_spawned":[2,4,5,11,29,31,33,35,48],"ascension_level":0}