{"gold_per_floor":[110,121,121,137,137,167,167,192,267,298,315,315,345,358,358,455,455,468,383,383,455,468,107,120,36,36,71,96,123,135,174,186,301,313,345,15,15,35,35,66,66,0,0,400,447,466,466,106,106,106,106,106,25,60,60],"floor_reached":55,"playtime":3484,"items_purged":["Defend_R","Strike_R","Strike_R"],"score":1008,"play_id":"6fbfaba1-572a-4441-87d9-e1f0c5ede34d","local_time":"20191010021620","is_ascension_mode":true,"campfire_choices":[{"floor":12,"key":"REST"},{"floor":15,"key":"REST"},{"floor":30,"key":"REST"},{"data":"Barricade","floor":32,"key":"SMITH"},{"data":"Entrench","floor":41,"key":"SMITH"},{"floor":47,"key":"RECALL"},{"floor":49,"key":"REST"},{"data":"Body Slam","floor":52,"key":"SMITH"}],"neow_cost":"NONE","seed_source_timestamp":36295505708000,"circlet_count":0,"master_deck":["Strike_R+1","Strike_R","Defend_R","Defend_R","Bash+1","Battle Trance","Clothesline","Whirlwind","Infernal Blade","Exhume","Feed","Feel No Pain","Warcry","Barricade+1","Metallicize","Body Slam+1","Entrench+1","Thunderclap","Metallicize","Body Slam+1","Discovery+1","Warcry+1","Second Wind+1","Reckless Charge","Bandage Up+1","Impervious+1","Shockwave+1","Armaments+1","Warcry+1","Rupture+1","Hemokinesis+1","Sword Boomerang+1","Iron Wave+1","Shrug It Off+1","True Grit+1","Thinking Ahead+1","Purity+1","Pommel Strike+1","Power Through+1","Feel No Pain+1","Body Slam+1","Bludgeon","Dark Shackles+1","Impervious+1"],"relics":["Burning Blood","NeowsBlessing","WarpedTongs","Paper Frog","Strawberry","Smiling Mask","Question Card","Incense Burner","Vajra","Orrery","Toxic Egg 2","Bottled Lightning","Bag of Marbles","Mummified Hand","MawBank","WingedGreaves","Astrolabe","Brimstone","Bottled Tornado","Red Mask","Old Coin","Magic Flower","Pen Nib","Whetstone"],"potions_floor_usage":[6,10,16,16,22,24,27,27,31,44,50,54,55],"damage_taken":[{"damage":0,"enemies":"2 Louse","floor":1,"turns":1},{"damage":0,"enemies":"Cultist","floor":2,"turns":1},{"damage":0,"enemies":"Small Slimes","floor":4,"turns":1},{"damage":29,"enemies":"Lagavulin","floor":6,"turns":6},{"damage":25,"enemies":"Gremlin Nob","floor":8,"turns":4},{"damage":16,"enemies":"3 Sentries","floor":10,"turns":7},{"damage":11,"enemies":"Blue Slaver","floor":11,"turns":4},{"damage":42,"enemies":"Lagavulin","floor":13,"turns":7},{"damage":1,"enemies":"Looter","floor":14,"turns":2},{"damage":32,"enemies":"Slime Boss","floor":16,"turns":7},{"damage":8,"enemies":"Chosen","floor":18,"turns":4},{"damage":14,"enemies":"3 Byrds","floor":22,"turns":6},{"damage":23,"enemies":"Snake Plant","floor":24,"turns":4},{"damage":77,"enemies":"Gremlin Leader","floor":27,"turns":9},{"damage":13,"enemies":"Centurion and Healer","floor":28,"turns":4},{"damage":2,"enemies":"Cultist and Chosen","floor":29,"turns":3},{"damage":20,"enemies":"Slavers","floor":31,"turns":5},{"damage":27,"enemies":"Collector","floor":33,"turns":9},{"damage":21,"enemies":"3 Shapes","floor":35,"turns":3},{"damage":9,"enemies":"Orb Walker","floor":38,"turns":3},{"damage":3,"enemies":"Nemesis","floor":40,"turns":5},{"damage":25,"enemies":"Mind Bloom Boss Battle","floor":44,"turns":5},{"damage":34,"enemies":"2 Orb Walkers","floor":45,"turns":6},{"damage":6,"enemies":"4 Shapes","floor":46,"turns":4},{"damage":46,"enemies":"Donu and Deca","floor":50,"turns":6},{"damage":75,"enemies":"Shield and Spear","floor":54,"turns":6},{"damage":55,"enemies":"The Heart","floor":55,"turns":3}],"seed_played":"-2966901734377468031","potions_obtained":[{"floor":1,"key":"SkillPotion"},{"floor":4,"key":"SpeedPotion"},{"floor":10,"key":"LiquidBronze"},{"floor":13,"key":"Strength Potion"},{"floor":14,"key":"Swift Potion"},{"floor":16,"key":"SneckoOil"},{"floor":18,"key":"Regen Potion"},{"floor":22,"key":"Energy Potion"},{"floor":29,"key":"AttackPotion"},{"floor":35,"key":"Weak Potion"},{"floor":45,"key":"Ancient Potion"},{"floor":46,"key":"Fire Potion"}],"is_trial":false,"path_per_floor":["M","M","?","M","T","E","?","E","T","E","M","R","E","M","R","B",null,"M","?","?","T","M","$","M","$","T","E","M","M","R","E","R","B",null,"M","$","?","M","?","E","R","?","T","?","?","M","R","$","R","B",null,"R","$","E","B"],"character_chosen":"IRONCLAD","items_purchased":["Discovery+1","Bag of Marbles","Warcry+1","Second Wind+1","Bandage Up+1","Shrug It Off+1","True Grit+1","Brimstone","Pen Nib","LiquidBronze","Bludgeon","Dark Shackles+1"],"campfire_rested":4,"item_purchase_floors":[23,23,23,23,25,36,36,36,48,48,48,53],"current_hp_per_floor":[80,80,80,80,80,64,64,45,45,35,30,56,24,29,56,33,94,92,92,92,92,84,84,67,67,67,20,19,23,51,43,43,28,94,82,82,77,78,78,87,87,87,87,68,50,68,68,68,99,68,108,108,108,55,0],"gold":60,"neow_bonus":"THREE_ENEMY_KILL","is_prod":false,"is_daily":false,"chose_seed":false,"campfire_upgraded":3,"win_rate":0,"timestamp":1570698980,"path_taken":["M","M","?","?","?","E","?","E","T","E","?","R","E","?","R","BOSS","M","?","?","?","M","$","M","?","T","E","?","M","R","E","R","BOSS","M","$","?","M","?","E","R","?","T","?","?","M","R","$","R","BOSS","R","$","E","BOSS"],"build_version":"2019-07-17","purchased_purges":3,"victory":false,"max_hp_per_floor":[80,80,80,80,80,87,87,87,87,87,87,87,91,91,91,94,94,94,94,94,94,94,94,94,94,94,94,94,94,94,94,94,94,94,97,97,97,101,96,96,96,96,96,96,100,104,104,104,104,108,108,108,108,112,112],"card_choices":[{"not_picked":["Bloodletting","Headbutt"],"picked":"Battle Trance","floor":1},{"not_picked":["Anger","Corruption"],"picked":"Clothesline","floor":2},{"not_picked":["Flex","Flame Barrier"],"picked":"Whirlwind","floor":4},{"not_picked":["Battle Trance","Hemokinesis"],"picked":"Infernal Blade","floor":6},{"not_picked":["Anger","Armaments"],"picked":"Exhume","floor":8},{"not_picked":["Clothesline","Twin Strike","Sword Boomerang","Inflame"],"picked":"SKIP","floor":10},{"not_picked":["Iron Wave","Reckless Charge","Sword Boomerang"],"picked":"Feed","floor":11},{"not_picked":["Shockwave","Iron Wave","Blood for Blood"],"picked":"Feel No Pain","floor":13},{"not_picked":["Twin Strike","Armaments","Perfected Strike"],"picked":"Warcry","floor":14},{"not_picked":["Limit Break","Double Tap","Bludgeon"],"picked":"Barricade","floor":16},{"not_picked":["Dropkick","True Grit","Feel No Pain"],"picked":"Metallicize","floor":17},{"not_picked":["Exhume","Anger","Twin Strike"],"picked":"Perfected Strike","floor":17},{"not_picked":["Spot Weakness","Clothesline","Flex"],"picked":"Body Slam","floor":17},{"not_picked":["Cleave","Flex","Thunderclap"],"picked":"Entrench","floor":17},{"not_picked":["Battle Trance","Pummel","Reckless Charge"],"picked":"Thunderclap","floor":17},{"not_picked":["Fire Breathing","Perfected Strike+1","Intimidate"],"picked":"Metallicize","floor":18},{"not_picked":["Sword Boomerang","Headbutt+1","Evolve+1"],"picked":"Body Slam+1","floor":22},{"not_picked":["Clothesline","Heavy Blade","Cleave"],"picked":"Reckless Charge","floor":24},{"not_picked":["Immolate","Berserk","Blood for Blood"],"picked":"Impervious+1","floor":27},{"not_picked":["Warcry+1","Reckless Charge","Havoc+1"],"picked":"Shockwave+1","floor":28},{"not_picked":["Iron Wave","Warcry+1","Twin Strike+1"],"picked":"Armaments+1","floor":29},{"not_picked":["Heavy Blade","Combust","Pommel Strike"],"picked":"Warcry+1","floor":31},{"not_picked":["Body Slam+1","Twin Strike","Sword Boomerang"],"picked":"Iron Wave+1","floor":35},{"not_picked":["Forethought+1","Dramatic Entrance","Impatience+1"],"picked":"Thinking Ahead+1","floor":37},{"not_picked":["Blind+1","Jack Of All Trades+1","Metamorphosis+1"],"picked":"Purity+1","floor":37},{"not_picked":["Perfected Strike+1","Armaments+1","Cleave"],"picked":"Pommel Strike+1","floor":38},{"not_picked":["Carnage+1","Havoc+1","Dual Wield+1"],"picked":"Power Through+1","floor":40},{"not_picked":["Infernal Blade+1","Pommel Strike+1","True Grit+1"],"picked":"Feel No Pain+1","floor":45},{"not_picked":["Iron Wave+1","Inflame+1","Headbutt"],"picked":"Body Slam+1","floor":46},{"not_picked":["True Grit+1","Twin Strike","Warcry+1"],"picked":"Impervious+1","floor":54}],"player_experience":317206,"relics_obtained":[{"floor":5,"key":"Paper Frog"},{"floor":6,"key":"Strawberry"},{"floor":8,"key":"Smiling Mask"},{"floor":9,"key":"Question Card"},{"floor":10,"key":"Incense Burner"},{"floor":13,"key":"Vajra"},{"floor":21,"key":"Bottled Lightning"},{"floor":26,"key":"Mummified Hand"},{"floor":27,"key":"MawBank"},{"floor":31,"key":"WingedGreaves"},{"floor":40,"key":"Bottled Tornado"},{"floor":44,"key":"Old Coin"},{"floor":45,"key":"Magic Flower"},{"floor":54,"key":"Whetstone"}],"event_choices":[{"damage_healed":0,"gold_gain":0,"player_choice":"Rummage","damage_taken":0,"relics_obtained":["WarpedTongs"],"max_hp_gain":0,"max_hp_loss":0,"event_name":"Accursed Blacksmith","floor":3,"gold_loss":0,"cards_obtained":["Pain"]},{"cards_removed":["Pain"],"damage_healed":0,"gold_gain":0,"player_choice":"Purged","damage_taken":0,"max_hp_gain":0,"max_hp_loss":0,"event_name":"Purifier","floor":7,"gold_loss":0},{"damage_healed":0,"gold_gain":0,"player_choice":"Obtained Relic","damage_taken":0,"relics_obtained":["Toxic Egg 2"],"max_hp_gain":0,"max_hp_loss":0,"event_name":"Addict","floor":19,"gold_loss":85},{"damage_healed":0,"gold_gain":0,"player_choice":"Ignored","damage_taken":0,"max_hp_gain":0,"max_hp_loss":0,"event_name":"Vampires","floor":20,"gold_loss":0},{"damage_healed":0,"gold_gain":0,"player_choice":"Memory 2","damage_taken":5,"max_hp_gain":0,"max_hp_loss":0,"event_name":"SensoryStone","floor":37,"gold_loss":0},{"damage_healed":0,"gold_gain":0,"player_choice":"Max HP","damage_taken":0,"max_hp_gain":0,"max_hp_loss":5,"event_name":"Winding Halls","floor":39,"gold_loss":0},{"damage_healed":0,"gold_gain":0,"player_choice":"Paid","damage_taken":0,"relics_obtained":["Red Mask"],"max_hp_gain":0,"max_hp_loss":0,"event_name":"Tomb of Lord Red Mask","floor":42,"gold_loss":66},{"damage_healed":0,"gold_gain":0,"player_choice":"Fight","damage_taken":0,"max_hp_gain":0,"max_hp_loss":0,"event_name":"MindBloom","floor":44,"gold_loss":0},{"damage_healed":0,"gold_gain":0,"player_choice":"Fight","damage_taken":0,"max_hp_gain":0,"max_hp_loss":0,"event_name":"Mysterious Sphere","floor":45,"gold_loss":0}],"is_beta":false,"boss_relics":[{"not_picked":["Mark of Pain","Fusion Hammer"],"picked":"Orrery"},{"not_picked":["Sozu","Runic Dome"],"picked":"Astrolabe"}],"items_purged_floors":[23,36,48],"is_endless":false,"potions_floor_spawned":[1,4,10,13,14,16,18,22,29,35,45,46],"killed_by":"The Heart","ascension_level":4}