{"gold_per_floor":[119,119,129,142,155,183,196,196,219,250,263,277,277,227,227,227],"floor_reached":16,"playtime":929,"items_purged":["Strike_B"],"score":188,"play_id":"bf1ff950-2f6e-4f7e-a167-639d739c4061","local_time":"20191023140335","is_ascension_mode":true,"campfire_choices":[{"data":"Redo","floor":8,"key":"SMITH"},{"floor":15,"key":"REST"}],"neow_cost":"NONE","seed_source_timestamp":1142470660696300,"circlet_count":0,"master_deck":["AscendersBane","Strike_B","Strike_B","Strike_B","Defend_B","Defend_B","Defend_B","Defend_B","Zap+1","Dualcast","Ball Lightning","Cold Snap","Static Discharge","Doom and Gloom","Leap","Redo+1","Conserve Battery","BootSequence","Glacier"],"relics":["Cracked Core","NeowsBlessing","Unceasing Top","Smiling Mask","Potion Belt","Golden Idol"],"potions_floor_usage":[6,10,12,16],"damage_taken":[{"damage":0,"enemies":"Jaw Worm","floor":1,"turns":1},{"damage":0,"enemies":"2 Louse","floor":3,"turns":1},{"damage":0,"enemies":"Cultist","floor":4,"turns":1},{"damage":16,"enemies":"Lots of Slimes","floor":5,"turns":3},{"damage":18,"enemies":"Gremlin Nob","floor":6,"turns":3},{"damage":6,"enemies":"Looter","floor":7,"turns":3},{"damage":16,"enemies":"Lagavulin","floor":10,"turns":5},{"damage":7,"enemies":"Red Slaver","floor":11,"turns":3},{"damage":0,"enemies":"Gremlin Gang","floor":12,"turns":2},{"damage":32,"enemies":"Slime Boss","floor":16,"turns":13}],"seed_played":"8822087086222683543","potions_obtained":[{"floor":1,"key":"Swift Potion"},{"floor":3,"key":"FocusPotion"},{"floor":10,"key":"SteroidPotion"},{"floor":11,"key":"Explosive Potion"}],"is_trial":false,"path_per_floor":["M","?","M","M","M","E","M","R","T","E","M","M","?","$","R","B"],"character_chosen":"DEFECT","items_purchased":[],"campfire_rested":1,"item_purchase_floors":[],"current_hp_per_floor":[68,68,68,68,52,34,28,28,28,12,5,5,5,5,25,0],"gold":227,"neow_bonus":"THREE_ENEMY_KILL","is_prod":false,"is_daily":false,"chose_seed":false,"campfire_upgraded":1,"win_rate":0,"timestamp":1571853815,"path_taken":["M","?","M","M","M","E","M","R","T","E","M","M","?","?","R","BOSS"],"build_version":"2019-07-17","purchased_purges":1,"victory":false,"max_hp_per_floor":[75,75,75,75,75,75,75,75,75,75,75,75,69,69,69,69],"card_choices":[{"not_picked":["Darkness","Coolheaded"],"picked":"Ball Lightning","floor":1},{"not_picked":["Leap","Machine Learning"],"picked":"Cold Snap","floor":3},{"not_picked":["Redo","Compile Driver"],"picked":"Static Discharge","floor":4},{"not_picked":["Chill","Hello World"],"picked":"Doom and Gloom","floor":5},{"not_picked":["Auto Shields","Rip and Tear"],"picked":"Leap","floor":6},{"not_picked":["Beam Cell","Sweeping Beam"],"picked":"Redo","floor":7},{"not_picked":["Streamline","Redo"],"picked":"Conserve Battery","floor":10},{"not_picked":["Sweeping Beam","Coolheaded"],"picked":"BootSequence","floor":11},{"not_picked":["Reprogram","Force Field"],"picked":"Glacier","floor":12}],"player_experience":529456,"relics_obtained":[{"floor":6,"key":"Unceasing Top"},{"floor":9,"key":"Smiling Mask"},{"floor":10,"key":"Potion Belt"}],"event_choices":[{"damage_healed":0,"gold_gain":0,"player_choice":"Grow","damage_taken":0,"max_hp_gain":0,"max_hp_loss":0,"event_name":"Living Wall","floor":2,"gold_loss":0,"cards_upgraded":["Zap"]},{"damage_healed":0,"gold_gain":0,"player_choice":"Lose Max HP","damage_taken":0,"relics_obtained":["Golden Idol"],"max_hp_gain":0,"max_hp_loss":6,"event_name":"Golden Idol","floor":13,"gold_loss":0}],"is_beta":false,"boss_relics":[],"items_purged_floors":[14],"is_endless":false,"potions_floor_spawned":[1,3,10,11],"killed_by":"Slime Boss","ascension_level":13}