{"gold_per_floor":[113,123,143,159,159,191,191,210,210,210,243,254,254],"floor_reached":13,"playtime":582,"items_purged":[],"score":107,"play_id":"084d00c9-fce7-45df-bd66-a305b571d697","local_time":"20190615040830","is_ascension_mode":true,"campfire_choices":[{"data":"Outmaneuver","floor":7,"key":"SMITH"}],"neow_cost":"NONE","seed_source_timestamp":258352127948253,"circlet_count":0,"master_deck":["Defend_G","Defend_G","Defend_G","Defend_G","Defend_G","Strike_G","Strike_G","Strike_G","Strike_G","Strike_G","Survivor","Neutralize","PiercingWail","Backstab","Noxious Fumes","Outmaneuver+1","Deadly Poison","Cloak And Dagger","Well Laid Plans","Accuracy"],"relics":["Ring of the Snake","Bronze Scales","Sundial","Letter Opener","Ornamental Fan","Torii"],"potions_floor_usage":[6,13],"damage_taken":[{"damage":1,"enemies":"Cultist","floor":1,"turns":4},{"damage":0,"enemies":"Jaw Worm","floor":2,"turns":3},{"damage":0,"enemies":"2 Louse","floor":3,"turns":2},{"damage":3,"enemies":"Red Slaver","floor":4,"turns":3},{"damage":21,"enemies":"Gremlin Nob","floor":6,"turns":5},{"damage":0,"enemies":"Exordium Wildlife","floor":8,"turns":2},{"damage":28,"enemies":"3 Sentries","floor":11,"turns":7},{"damage":0,"enemies":"3 Louse","floor":12,"turns":3},{"damage":22,"enemies":"Gremlin Nob","floor":13,"turns":5}],"seed_played":"4782759697708653221","potions_obtained":[{"floor":1,"key":"Block Potion"},{"floor":8,"key":"GhostInAJar"},{"floor":12,"key":"Energy Potion"}],"is_trial":false,"path_per_floor":["M","M","M","M","?","E","R","M","T","T","E","M","E"],"character_chosen":"THE_SILENT","items_purchased":[],"campfire_rested":0,"item_purchase_floors":[],"current_hp_per_floor":[69,69,69,66,71,50,50,50,50,50,22,22,0],"gold":254,"neow_bonus":"RANDOM_COMMON_RELIC","is_prod":false,"is_daily":false,"chose_seed":false,"campfire_upgraded":1,"win_rate":0,"timestamp":1560596910,"path_taken":["M","M","M","M","?","E","R","M","T","?","E","M","E"],"build_version":"2019-01-23","purchased_purges":0,"victory":false,"max_hp_per_floor":[70,70,70,70,75,75,75,75,75,75,75,75,75],"card_choices":[{"not_picked":["Crippling Poison","Heel Hook"],"picked":"PiercingWail","floor":1},{"not_picked":["Deadly Poison","Backflip"],"picked":"Backstab","floor":2},{"not_picked":["Well Laid Plans","Escape Plan"],"picked":"Noxious Fumes","floor":3},{"not_picked":["Bane","Poisoned Stab"],"picked":"Outmaneuver","floor":4},{"not_picked":["Tactician","Dagger Throw"],"picked":"Deadly Poison","floor":6},{"not_picked":["Flechettes","Reflex"],"picked":"Cloak And Dagger","floor":8},{"not_picked":["Choke","Calculated Gamble"],"picked":"Well Laid Plans","floor":11},{"not_picked":["Cloak And Dagger","Die Die Die"],"picked":"Accuracy","floor":12}],"player_experience":179842,"relics_obtained":[{"floor":6,"key":"Sundial"},{"floor":9,"key":"Letter Opener"},{"floor":10,"key":"Ornamental Fan"},{"floor":11,"key":"Torii"}],"event_choices":[{"damage_healed":0,"gold_gain":0,"player_choice":"Donut","damage_taken":0,"max_hp_gain":5,"max_hp_loss":0,"event_name":"Big Fish","floor":5,"gold_loss":0}],"is_beta":false,"boss_relics":[],"items_purged_floors":[],"is_endless":false,"potions_floor_spawned":[1,8,12],"killed_by":"Gremlin Nob","ascension_level":2}