{"gold_per_floor":[110,126,126,143,143,178,178,207,231,231,231,246,246,276,276,276],"floor_reached":16,"playtime":880,"items_purged":[],"score":198,"play_id":"eb6d8096-c607-4bfa-a7ff-c463006cff61","local_time":"20191023130959","is_ascension_mode":true,"campfire_choices":[{"data":"Rebound","floor":7,"key":"SMITH"},{"floor":11,"key":"REST"},{"data":"Leap","floor":15,"key":"SMITH"}],"neow_cost":"NONE","seed_source_timestamp":1139304780295400,"circlet_count":0,"master_deck":["AscendersBane","Strike_B","Strike_B+1","Strike_B","Defend_B","Defend_B+1","Defend_B","Defend_B","Zap","Dualcast","Rebound+1","White Noise","Conserve Battery+1","Auto Shields","Go for the Eyes+1","Streamline","Decay","Leap+1"],"relics":["Cracked Core","Bronze Scales","Art of War","Whetstone","War Paint","Mercury Hourglass"],"potions_floor_usage":[8,10,14],"damage_taken":[{"damage":0,"enemies":"2 Louse","floor":1,"turns":2},{"damage":10,"enemies":"Small Slimes","floor":2,"turns":3},{"damage":1,"enemies":"Cultist","floor":4,"turns":3},{"damage":28,"enemies":"3 Sentries","floor":6,"turns":7},{"damage":7,"enemies":"Lagavulin","floor":8,"turns":6},{"damage":0,"enemies":"Exordium Thugs","floor":10,"turns":1},{"damage":0,"enemies":"3 Louse","floor":12,"turns":3},{"damage":14,"enemies":"Gremlin Nob","floor":14,"turns":4},{"damage":23,"enemies":"The Guardian","floor":16,"turns":4}],"seed_played":"1293562792862883997","potions_obtained":[{"floor":2,"key":"SmokeBomb"},{"floor":6,"key":"Strength Potion"},{"floor":12,"key":"Ancient Potion"}],"is_trial":false,"path_per_floor":["M","M","?","M","?","E","R","E","T","M","R","M","?","E","R","B"],"character_chosen":"DEFECT","items_purchased":[],"campfire_rested":1,"item_purchase_floors":[],"current_hp_per_floor":[68,58,51,50,50,22,22,15,15,15,37,37,37,23,23,0],"gold":276,"neow_bonus":"RANDOM_COMMON_RELIC","is_prod":false,"is_daily":false,"chose_seed":false,"campfire_upgraded":2,"win_rate":0,"timestamp":1571850599,"path_taken":["M","M","?","M","?","E","R","E","T","M","R","M","?","E","R","BOSS"],"build_version":"2019-07-17","purchased_purges":0,"victory":false,"max_hp_per_floor":[75,75,75,75,75,75,75,75,75,75,75,75,75,75,75,75],"card_choices":[{"not_picked":["Stack","Heatsinks"],"picked":"Rebound","floor":1},{"not_picked":["Lockon","Tempest"],"picked":"White Noise","floor":2},{"not_picked":["Turbo","Cold Snap"],"picked":"Conserve Battery","floor":4},{"not_picked":["White Noise","Ball Lightning"],"picked":"Auto Shields","floor":6},{"not_picked":["Hyperbeam","Scrape"],"picked":"Go for the Eyes","floor":8},{"not_picked":["Reprogram","Stack"],"picked":"Streamline","floor":12},{"not_picked":["Storm","Compile Driver"],"picked":"Leap","floor":14}],"player_experience":527997,"relics_obtained":[{"floor":6,"key":"Art of War"},{"floor":8,"key":"Whetstone"},{"floor":9,"key":"War Paint"},{"floor":14,"key":"Mercury Hourglass"}],"event_choices":[{"cards_removed":["Strike_B"],"damage_healed":0,"gold_gain":0,"player_choice":"Card Removal","damage_taken":7,"max_hp_gain":0,"max_hp_loss":0,"event_name":"Golden Wing","floor":3,"gold_loss":0},{"damage_healed":0,"gold_gain":0,"player_choice":"Ignored","damage_taken":0,"max_hp_gain":0,"max_hp_loss":0,"event_name":"Liars Game","floor":5,"gold_loss":0},{"damage_healed":0,"gold_gain":0,"player_choice":"Cursed","damage_taken":0,"max_hp_gain":0,"max_hp_loss":0,"event_name":"Wheel of Change","floor":13,"gold_loss":0,"cards_obtained":["Decay"]}],"is_beta":false,"boss_relics":[],"items_purged_floors":[],"is_endless":false,"potions_floor_spawned":[2,6,10,12],"killed_by":"The Guardian","ascension_level":13}