{"gold_per_floor":[110,123,123,123,137,162,162,172,172,200,217,4,4,4,4,99,99,109,127,127],"floor_reached":20,"playtime":1344,"items_purged":[],"score":202,"play_id":"6e354fc9-ae4c-48e5-a3c4-29214fc2cb24","local_time":"20190605004807","is_ascension_mode":true,"campfire_choices":[{"floor":7,"key":"REST"},{"floor":13,"key":"REST"},{"floor":15,"key":"REST"}],"neow_cost":"NONE","seed_source_timestamp":1653831652384478,"circlet_count":0,"master_deck":["Strike_R","Strike_R","Strike_R","Defend_R","Defend_R","Defend_R","Bash","Limit Break+1","Heavy Blade","Pommel Strike+1","Flame Barrier","Rampage","Disarm","Ghostly Armor","Intimidate","Dual Wield","Armaments","Dark Embrace","Perfected Strike","Feel No Pain","Berserk","Battle Trance+1","Cleave"],"relics":["Burning Blood","Dream Catcher","Omamori","Question Card","Eternal Feather"],"potions_floor_usage":[10,16,16,16,18,19,20],"damage_taken":[{"damage":10,"enemies":"2 Louse","floor":1,"turns":3},{"damage":0,"enemies":"Small Slimes","floor":2,"turns":3},{"damage":0,"enemies":"Jaw Worm","floor":5,"turns":3},{"damage":44,"enemies":"Lagavulin","floor":6,"turns":7},{"damage":13,"enemies":"3 Louse","floor":8,"turns":4},{"damage":20,"enemies":"Gremlin Nob","floor":10,"turns":4},{"damage":22,"enemies":"Lots of Slimes","floor":11,"turns":5},{"damage":51,"enemies":"The Guardian","floor":16,"turns":12},{"damage":41,"enemies":"3 Byrds","floor":18,"turns":3},{"damage":30,"enemies":"Chosen","floor":19,"turns":6},{"damage":22,"enemies":"Centurion and Healer","floor":20,"turns":4}],"seed_played":"1003712455164234687","potions_obtained":[{"floor":6,"key":"SteroidPotion"},{"floor":8,"key":"Block Potion"},{"floor":11,"key":"Block Potion"},{"floor":16,"key":"Explosive Potion"},{"floor":18,"key":"Block Potion"},{"floor":19,"key":"Explosive Potion"}],"is_trial":false,"path_per_floor":["M","M","?","?","M","E","R","M","T","E","M","$","R","?","R","B",null,"M","M","M"],"character_chosen":"IRONCLAD","items_purchased":["BloodPotion","Dark Embrace"],"campfire_rested":3,"item_purchase_floors":[12,12],"current_hp_per_floor":[76,80,64,64,70,32,56,49,49,35,19,19,43,43,67,30,80,45,21,0],"gold":127,"neow_bonus":"TRANSFORM_CARD","is_prod":false,"is_daily":false,"chose_seed":false,"campfire_upgraded":0,"win_rate":0,"timestamp":1559720887,"path_taken":["M","M","?","?","M","E","R","M","T","E","M","?","R","?","R","BOSS","M","?","M"],"build_version":"2019-01-23","purchased_purges":0,"victory":false,"max_hp_per_floor":[80,80,80,80,80,80,80,80,80,80,80,80,80,80,80,80,80,80,80,80],"card_choices":[{"not_picked":["Havoc","Sentinel"],"picked":"Heavy Blade","floor":1},{"not_picked":["Heavy Blade","Combust"],"picked":"Pommel Strike","floor":2},{"not_picked":["Shockwave","Evolve"],"picked":"Rampage","floor":5},{"not_picked":["Second Wind","Carnage"],"picked":"Disarm","floor":6},{"not_picked":["Metallicize","Heavy Blade"],"picked":"Ghostly Armor","floor":7},{"not_picked":["Anger","Rage"],"picked":"Intimidate","floor":8},{"not_picked":["Rampage","Sentinel"],"picked":"Dual Wield","floor":10},{"not_picked":["Headbutt","Anger","Corruption"],"picked":"Armaments","floor":11},{"not_picked":["Combust","Second Wind","Flex"],"picked":"Perfected Strike","floor":13},{"not_picked":["Thunderclap","Cleave","Shockwave"],"picked":"Feel No Pain","floor":15},{"not_picked":["Feed","Reaper","Fiend Fire"],"picked":"Berserk","floor":16},{"not_picked":["Heavy Blade+1","Iron Wave","Body Slam"],"picked":"Battle Trance+1","floor":18},{"not_picked":["Pommel Strike","Headbutt","Sentinel"],"picked":"Cleave","floor":19}],"player_experience":159376,"relics_obtained":[{"floor":6,"key":"Dream Catcher"},{"floor":9,"key":"Omamori"},{"floor":10,"key":"Question Card"}],"event_choices":[{"damage_healed":0,"gold_gain":0,"player_choice":"Entered Light","damage_taken":16,"max_hp_gain":0,"max_hp_loss":0,"event_name":"Shining Light","floor":3,"gold_loss":0,"cards_upgraded":["Pommel Strike","Limit Break"]},{"damage_healed":0,"gold_gain":0,"cards_transformed":["Strike_R"],"player_choice":"Change","damage_taken":0,"max_hp_gain":0,"max_hp_loss":0,"event_name":"Living Wall","floor":4,"gold_loss":0,"cards_obtained":["Flame Barrier"]},{"cards_removed":["Defend_R"],"damage_healed":0,"gold_gain":0,"player_choice":"Purged","damage_taken":0,"max_hp_gain":0,"max_hp_loss":0,"event_name":"Purifier","floor":14,"gold_loss":0}],"is_beta":false,"boss_relics":[{"not_picked":["Sozu","Tiny House"],"picked":"Eternal Feather"}],"items_purged_floors":[],"is_endless":false,"potions_floor_spawned":[6,8,11,16,18,19],"killed_by":"Centurion and Healer","ascension_level":2}