{"gold_per_floor":[109,29,44,44,63,90,90,120,144,99,110,145,1,15,15,118,118,128,128,128],"floor_reached":20,"playtime":904,"items_purged":[],"score":211,"play_id":"63dbc67c-7642-432f-a5f1-e2923e7ea202","local_time":"20190521020408","is_ascension_mode":true,"campfire_choices":[{"floor":7,"key":"REST"},{"floor":15,"key":"REST"}],"neow_cost":"NONE","seed_source_timestamp":362826374571307,"circlet_count":0,"master_deck":["Defend_G","Defend_G","Defend_G","Defend_G","Defend_G","Strike_G","Strike_G","Strike_G","Strike_G","Strike_G","Survivor","Neutralize","Quick Slash","Escape Plan","Dagger Spray","Dagger Throw","Unload","Backstab","A Thousand Cuts","Footwork","Corpse Explosion","Cloak And Dagger","Envenom","Flying Knee"],"relics":["Ring of the Snake","NeowsBlessing","Boot","PreservedInsect","Bag of Preparation","Art of War","Eternal Feather","Nloth\u0027s Gift"],"potions_floor_usage":[6,6,8,16,16],"damage_taken":[{"damage":0,"enemies":"2 Louse","floor":1,"turns":1},{"damage":0,"enemies":"Cultist","floor":3,"turns":1},{"damage":0,"enemies":"Jaw Worm","floor":5,"turns":1},{"damage":27,"enemies":"Lagavulin","floor":6,"turns":6},{"damage":14,"enemies":"Gremlin Nob","floor":8,"turns":3},{"damage":15,"enemies":"Exordium Wildlife","floor":11,"turns":3},{"damage":9,"enemies":"3 Sentries","floor":12,"turns":4},{"damage":0,"enemies":"3 Louse","floor":14,"turns":1},{"damage":24,"enemies":"Hexaghost","floor":16,"turns":13},{"damage":33,"enemies":"Spheric Guardian","floor":18,"turns":5},{"damage":42,"enemies":"Shell Parasite","floor":20,"turns":6}],"seed_played":"-1356251555749017503","potions_obtained":[{"floor":3,"key":"SkillPotion"},{"floor":4,"key":"Fruit Juice"},{"floor":4,"key":"FearPotion"},{"floor":11,"key":"SkillPotion"},{"floor":12,"key":"Weak Potion"},{"floor":16,"key":"Strength Potion"}],"is_trial":false,"path_per_floor":["M","$","M","?","M","E","R","E","T","?","M","E","$","M","R","B",null,"M","?","M"],"character_chosen":"THE_SILENT","items_purchased":["Escape Plan","Dagger Spray","Art of War"],"campfire_rested":2,"item_purchase_floors":[2,2,13],"current_hp_per_floor":[70,70,70,70,70,48,70,56,56,56,41,32,32,32,54,30,75,42,42,0],"gold":128,"neow_bonus":"THREE_ENEMY_KILL","is_prod":false,"is_daily":false,"chose_seed":false,"campfire_upgraded":0,"win_rate":0,"timestamp":1558429448,"path_taken":["M","$","M","?","?","E","R","E","T","?","M","E","?","M","R","BOSS","M","?","?"],"build_version":"2019-01-23","purchased_purges":0,"victory":false,"max_hp_per_floor":[70,70,70,70,70,75,75,75,75,75,75,75,75,75,75,75,75,75,75,75],"card_choices":[{"not_picked":["Prepared","Acrobatics"],"picked":"Quick Slash","floor":1},{"not_picked":["PiercingWail","Deadly Poison"],"picked":"Dagger Throw","floor":3},{"not_picked":["Footwork","Cloak And Dagger"],"picked":"Unload","floor":5},{"not_picked":["Blade Dance","Quick Slash"],"picked":"Backstab","floor":6},{"not_picked":["Doppelganger","Outmaneuver"],"picked":"A Thousand Cuts","floor":8},{"not_picked":["Tactician","Dagger Throw"],"picked":"Footwork","floor":11},{"not_picked":["Cloak And Dagger","Sucker Punch"],"picked":"Corpse Explosion","floor":12},{"not_picked":["Poisoned Stab","Tactician"],"picked":"Cloak And Dagger","floor":14},{"not_picked":["Doppelganger","Malaise"],"picked":"Envenom","floor":16},{"not_picked":["Backflip","Slice+1"],"picked":"Flying Knee","floor":18}],"player_experience":154855,"relics_obtained":[{"floor":6,"key":"Boot"},{"floor":8,"key":"PreservedInsect"},{"floor":9,"key":"Bag of Preparation"},{"floor":12,"key":"Paper Crane"}],"event_choices":[{"damage_healed":0,"gold_gain":0,"player_choice":"Got Potions","damage_taken":0,"max_hp_gain":0,"max_hp_loss":0,"event_name":"Lab","floor":4,"gold_loss":0},{"damage_healed":0,"gold_gain":0,"player_choice":"Left Gold","damage_taken":0,"max_hp_gain":0,"max_hp_loss":0,"event_name":"World of Goop","floor":10,"gold_loss":45},{"damage_healed":0,"gold_gain":0,"player_choice":"Traded Relic","damage_taken":0,"relics_obtained":["Nloth\u0027s Gift"],"max_hp_gain":0,"max_hp_loss":0,"event_name":"N\u0027loth","floor":19,"relics_lost":["Paper Crane"],"gold_loss":0}],"is_beta":false,"boss_relics":[{"not_picked":["Snecko Eye","Coffee Dripper"],"picked":"Eternal Feather"}],"items_purged_floors":[],"is_endless":false,"potions_floor_spawned":[3,11,12,16],"killed_by":"Shell Parasite","ascension_level":2}