{"gold_per_floor":[109,7,182,196,146,146,171,182,482,510,526,539,564,564,564,662,662,678,593,141,156,156,156,190,190],"floor_reached":25,"playtime":1388,"items_purged":[],"score":268,"play_id":"2e353bb7-630f-4e94-aada-b52660f1a3f5","local_time":"20190521003423","is_ascension_mode":true,"campfire_choices":[{"data":"Bash","floor":6,"key":"SMITH"},{"floor":15,"key":"REST"},{"floor":23,"key":"REST"}],"neow_cost":"NONE","seed_source_timestamp":356956870750276,"circlet_count":0,"master_deck":["Strike_R","Strike_R","Strike_R","Strike_R","Strike_R","Defend_R","Defend_R","Defend_R","Defend_R","Bash+1","Shrug It Off","Reckless Charge","True Grit","Sentinel","Feed","Pommel Strike","Reaper","Iron Wave","Inflame","Impervious+1","Barricade","Heavy Blade+1","Flex","Armaments","Cleave","Rupture","Thunderclap","Decay","Evolve"],"relics":["Burning Blood","NeowsBlessing","Turnip","Old Coin","Blue Candle","Blood Vial","Runic Cube","Boot","Potion Belt","Red Mask"],"potions_floor_usage":[12,13,16,16,21,21,24,24,24,24,25],"damage_taken":[{"damage":0,"enemies":"2 Louse","floor":1,"turns":1},{"damage":0,"enemies":"Small Slimes","floor":4,"turns":1},{"damage":0,"enemies":"Lagavulin","floor":7,"turns":1},{"damage":4,"enemies":"Jaw Worm","floor":8,"turns":2},{"damage":32,"enemies":"3 Sentries","floor":10,"turns":11},{"damage":22,"enemies":"Exordium Wildlife","floor":11,"turns":4},{"damage":8,"enemies":"Large Slime","floor":12,"turns":6},{"damage":23,"enemies":"Lagavulin","floor":13,"turns":6},{"damage":38,"enemies":"The Guardian","floor":16,"turns":12},{"damage":46,"enemies":"Shell Parasite","floor":18,"turns":9},{"damage":20,"enemies":"Spheric Guardian","floor":21,"turns":5},{"damage":32,"enemies":"Masked Bandits","floor":24,"turns":6},{"damage":54,"enemies":"Slavers","floor":25,"turns":4}],"seed_played":"2191375635733047368","potions_obtained":[{"floor":1,"key":"GamblersBrew"},{"floor":8,"key":"EssenceOfSteel"},{"floor":10,"key":"FearPotion"},{"floor":13,"key":"Weak Potion"},{"floor":21,"key":"Strength Potion"}],"is_trial":false,"path_per_floor":["M","$","?","M","?","R","E","M","T","E","M","M","E","?","R","B",null,"M","?","$","M","?","R","?","E"],"character_chosen":"IRONCLAD","items_purchased":["Reckless Charge","True Grit","Flex","Armaments","Cleave","Potion Belt","EntropicBrew","Rupture"],"campfire_rested":2,"item_purchase_floors":[2,2,20,20,20,20,20,20],"current_hp_per_floor":[80,80,80,80,80,80,80,80,80,57,49,55,44,44,68,47,83,43,43,43,31,31,55,34,0],"gold":190,"neow_bonus":"THREE_ENEMY_KILL","is_prod":false,"is_daily":false,"chose_seed":false,"campfire_upgraded":1,"win_rate":0,"timestamp":1558424063,"path_taken":["M","$","?","M","?","R","E","M","T","E","M","M","E","?","R","BOSS","M","?","$","M","?","R","?","E"],"build_version":"2019-01-23","purchased_purges":0,"victory":false,"max_hp_per_floor":[80,80,80,80,80,80,80,80,80,83,83,83,83,83,83,83,83,83,83,83,83,83,83,86,86],"card_choices":[{"not_picked":["Carnage","Body Slam"],"picked":"Shrug It Off","floor":1},{"not_picked":["True Grit","Havoc"],"picked":"Sentinel","floor":4},{"not_picked":["Sword Boomerang","Shockwave"],"picked":"Feed","floor":7},{"not_picked":["Carnage","Heavy Blade"],"picked":"Pommel Strike","floor":8},{"not_picked":["Perfected Strike","Twin Strike"],"picked":"Reaper","floor":10},{"not_picked":["Body Slam","Clothesline"],"picked":"Iron Wave","floor":11},{"not_picked":["Headbutt","Body Slam"],"picked":"Inflame","floor":12},{"not_picked":["Body Slam","Dropkick"],"picked":"Impervious","floor":13},{"not_picked":["Demon Form","Immolate"],"picked":"Barricade","floor":16},{"not_picked":["Clash","Havoc+1"],"picked":"Heavy Blade+1","floor":18},{"not_picked":["Heavy Blade","Havoc"],"picked":"Thunderclap","floor":21},{"not_picked":["Anger","Heavy Blade"],"picked":"Evolve","floor":24}],"player_experience":149051,"relics_obtained":[{"floor":7,"key":"Turnip"},{"floor":9,"key":"Old Coin"},{"floor":10,"key":"Blue Candle"},{"floor":13,"key":"Blood Vial"},{"floor":24,"key":"Red Mask"}],"event_choices":[{"damage_healed":0,"gold_gain":175,"player_choice":"AGREE","damage_taken":0,"max_hp_gain":0,"max_hp_loss":0,"event_name":"Liars Game","floor":3,"gold_loss":0,"cards_obtained":["Doubt"]},{"cards_removed":["Doubt"],"damage_healed":0,"gold_gain":0,"player_choice":"Card Removal","damage_taken":0,"max_hp_gain":0,"max_hp_loss":0,"event_name":"The Cleric","floor":5,"gold_loss":50},{"damage_healed":0,"gold_gain":0,"player_choice":"Grow","damage_taken":0,"max_hp_gain":0,"max_hp_loss":0,"event_name":"Living Wall","floor":14,"gold_loss":0,"cards_upgraded":["Impervious"]},{"damage_healed":0,"gold_gain":0,"player_choice":"Obtained Relic","damage_taken":0,"relics_obtained":["Boot"],"max_hp_gain":0,"max_hp_loss":0,"event_name":"Addict","floor":19,"gold_loss":85},{"damage_healed":0,"gold_gain":0,"player_choice":"Smashed Altar","damage_taken":0,"max_hp_gain":0,"max_hp_loss":0,"event_name":"Forgotten Altar","floor":22,"gold_loss":0,"cards_obtained":["Decay"]},{"damage_healed":0,"gold_gain":0,"player_choice":"Fought Bandits","damage_taken":0,"max_hp_gain":0,"max_hp_loss":0,"event_name":"Masked Bandits","floor":24,"gold_loss":0}],"is_beta":false,"boss_relics":[{"not_picked":["Runic Pyramid","Coffee Dripper"],"picked":"Runic Cube"}],"items_purged_floors":[],"is_endless":false,"potions_floor_spawned":[1,8,10,13,21],"killed_by":"Slavers","ascension_level":2}