{"gold_per_floor":[218,22,22,22,33,33,68,68,121,166,178,203,215,240,252,366,378,402,432,444,456,479,491],"floor_reached":23,"playtime":953,"items_purged":[],"score":219,"play_id":"a41494e6-8857-4742-9095-fcd0684d63ae","local_time":"20191010230048","is_ascension_mode":true,"campfire_choices":[{"data":"Neutralize","floor":6,"key":"SMITH"},{"data":"Sucker Punch","floor":8,"key":"SMITH"},{"data":"Noxious Fumes","floor":11,"key":"SMITH"},{"data":"Terror","floor":15,"key":"SMITH"}],"neow_cost":"NONE","seed_source_timestamp":113496715766200,"circlet_count":0,"master_deck":["Strike_G","Strike_G","Strike_G","Strike_G","Defend_G","Defend_G","Defend_G","Defend_G","Defend_G","Survivor","Neutralize+1","Backflip","Sucker Punch+1","Noxious Fumes+1","Terror+1","Heel Hook","Dagger Throw","Envenom","PiercingWail+1","Quick Slash+1","Necronomicurse","Decay","Calculated Gamble+1"],"relics":["Ring of the Snake","Medical Kit","Vajra","Paper Crane","MawBank","PreservedInsect","Eternal Feather","Necronomicon"],"potions_floor_usage":[7,19,23,23,23],"damage_taken":[{"damage":2,"enemies":"2 Louse","floor":1,"turns":2},{"damage":0,"enemies":"Jaw Worm","floor":5,"turns":3},{"damage":6,"enemies":"Gremlin Nob","floor":7,"turns":4},{"damage":2,"enemies":"Lagavulin","floor":10,"turns":8},{"damage":1,"enemies":"Small Slimes","floor":12,"turns":3},{"damage":5,"enemies":"Exordium Wildlife","floor":14,"turns":4},{"damage":10,"enemies":"The Guardian","floor":16,"turns":10},{"damage":22,"enemies":"Spheric Guardian","floor":18,"turns":7},{"damage":0,"enemies":"3 Byrds","floor":19,"turns":4},{"damage":6,"enemies":"Snake Plant","floor":22,"turns":4},{"damage":33,"enemies":"Slavers","floor":23,"turns":3}],"seed_played":"4290363402843535197","potions_obtained":[{"floor":5,"key":"SteroidPotion"},{"floor":10,"key":"FearPotion"},{"floor":14,"key":"LiquidBronze"},{"floor":19,"key":"EntropicBrew"}],"is_trial":false,"path_per_floor":["M","$","?","T","M","R","E","R","T","E","R","M","?","M","R","B",null,"M","M","?","?","M","E"],"character_chosen":"THE_SILENT","items_purchased":["Medical Kit"],"campfire_rested":0,"item_purchase_floors":[2],"current_hp_per_floor":[68,68,73,73,73,73,67,67,67,65,65,64,64,59,59,49,75,53,53,37,37,31,0],"gold":491,"neow_bonus":"HUNDRED_GOLD","is_prod":false,"is_daily":false,"chose_seed":false,"campfire_upgraded":4,"win_rate":0,"timestamp":1570773648,"path_taken":["M","$","?","?","M","R","E","R","T","E","R","M","?","M","R","BOSS","M","?","?","?","M","E"],"build_version":"2019-07-17","purchased_purges":0,"victory":false,"max_hp_per_floor":[70,70,75,75,75,75,75,75,75,75,75,75,75,75,75,75,75,75,75,75,75,75,75],"card_choices":[{"not_picked":["Underhanded Strike","Flying Knee"],"picked":"Backflip","floor":1},{"not_picked":["Deadly Poison","Poisoned Stab"],"picked":"Sucker Punch","floor":5},{"not_picked":["Dagger Spray","Grand Finale"],"picked":"Noxious Fumes","floor":7},{"not_picked":["Quick Slash","Cloak And Dagger"],"picked":"Terror","floor":10},{"not_picked":["Reflex","Backflip"],"picked":"Heel Hook","floor":12},{"not_picked":["Setup","Bane"],"picked":"Dagger Throw","floor":14},{"not_picked":["Phantasmal Killer","Tools of the Trade"],"picked":"Envenom","floor":16},{"not_picked":["Acrobatics","Caltrops"],"picked":"PiercingWail+1","floor":18},{"not_picked":["Sucker Punch","Outmaneuver"],"picked":"Quick Slash+1","floor":19},{"not_picked":["Predator","Bane"],"picked":"Calculated Gamble+1","floor":22}],"player_experience":325924,"relics_obtained":[{"floor":4,"key":"Vajra"},{"floor":7,"key":"Paper Crane"},{"floor":9,"key":"MawBank"},{"floor":10,"key":"PreservedInsect"},{"floor":20,"key":"Necronomicon"}],"event_choices":[{"damage_healed":0,"gold_gain":0,"player_choice":"Donut","damage_taken":0,"max_hp_gain":5,"max_hp_loss":0,"event_name":"Big Fish","floor":3,"gold_loss":0},{"cards_removed":["Strike_G"],"damage_healed":0,"gold_gain":0,"player_choice":"Purged","damage_taken":0,"max_hp_gain":0,"max_hp_loss":0,"event_name":"Purifier","floor":13,"gold_loss":0},{"damage_healed":0,"gold_gain":0,"player_choice":"Obtained Book","damage_taken":16,"max_hp_gain":0,"max_hp_loss":0,"event_name":"Cursed Tome","floor":20,"gold_loss":0},{"damage_healed":0,"gold_gain":0,"player_choice":"Smashed Altar","damage_taken":0,"max_hp_gain":0,"max_hp_loss":0,"event_name":"Forgotten Altar","floor":21,"gold_loss":0,"cards_obtained":["Decay"]}],"is_beta":false,"boss_relics":[{"not_picked":["Coffee Dripper","Runic Pyramid"],"picked":"Eternal Feather"}],"items_purged_floors":[],"is_endless":false,"potions_floor_spawned":[5,10,14,19],"killed_by":"Slavers","ascension_level":2}