{"gold_per_floor":[20,37,56,69,69,69,95,95,121,121,121,148,159,186,186,260,260,277,277,295,307,324,357,357,388,388,388,399,430,497,513,513,585,635,653,703,283,294,362,362,389,389,389,389,439,456,473,499,499,499,499,499,47,72,72],"floor_reached":55,"playtime":4805,"items_purged":["Defend_B","Defend_B"],"score":1416,"play_id":"d76230a9-fc03-4bbc-ad2d-7f9cb9b15e81","local_time":"20191026052922","is_ascension_mode":true,"campfire_choices":[{"data":"Beam Cell","floor":6,"key":"SMITH"},{"floor":8,"key":"REST"},{"floor":11,"key":"REST"},{"data":"Zap","floor":15,"key":"SMITH"},{"data":"Echo Form","floor":24,"key":"SMITH"},{"data":"Defragment","floor":27,"key":"SMITH"},{"data":"Hologram","floor":32,"key":"SMITH"},{"data":"Barrage","floor":40,"key":"SMITH"},{"floor":42,"key":"REST"},{"floor":44,"key":"RECALL"},{"floor":49,"key":"REST"},{"floor":52,"key":"REST"}],"neow_cost":"NO_GOLD","seed_source_timestamp":1366967029162900,"circlet_count":0,"master_deck":["AscendersBane","Defend_B+1","Defend_B","Zap+1","Dualcast","BootSequence","Chill","Cold Snap","Cold Snap","Beam Cell+1","Glacier","Cold Snap","Ball Lightning","Melter","Ball Lightning","Echo Form+1","Hologram+1","Defragment+1","Reprogram","Barrage+1","Core Surge","Core Surge","Go for the Eyes","Barrage+1","Steam+1","Core Surge+1","Buffer"],"relics":["Cracked Core","Anchor","Oddly Smooth Stone","Pen Nib","PreservedInsect","Strawberry","Happy Flower","Runic Pyramid","SsserpentHead","Smiling Mask","Blue Candle","Sundial","Toxic Egg 2","Tiny House","Art of War","Blood Vial","Molten Egg 2","Bottled Tornado","Bronze Scales","Bottled Lightning"],"potions_floor_usage":[16,23,25,29,50,54,55],"damage_taken":[{"damage":1,"enemies":"Jaw Worm","floor":1,"turns":4},{"damage":0,"enemies":"Cultist","floor":2,"turns":4},{"damage":0,"enemies":"Small Slimes","floor":3,"turns":3},{"damage":21,"enemies":"Exordium Thugs","floor":4,"turns":4},{"damage":7,"enemies":"Lagavulin","floor":7,"turns":12},{"damage":0,"enemies":"3 Sentries","floor":12,"turns":6},{"damage":0,"enemies":"Lots of Slimes","floor":13,"turns":4},{"damage":1,"enemies":"Lagavulin","floor":14,"turns":5},{"damage":24,"enemies":"Hexaghost","floor":16,"turns":8},{"damage":0,"enemies":"Spheric Guardian","floor":18,"turns":3},{"damage":0,"enemies":"2 Thieves","floor":20,"turns":4},{"damage":0,"enemies":"3 Cultists","floor":21,"turns":5},{"damage":0,"enemies":"Centurion and Healer","floor":22,"turns":6},{"damage":11,"enemies":"Slavers","floor":23,"turns":4},{"damage":0,"enemies":"Gremlin Leader","floor":25,"turns":4},{"damage":1,"enemies":"Shelled Parasite and Fungi","floor":28,"turns":5},{"damage":10,"enemies":"Slavers","floor":29,"turns":5},{"damage":8,"enemies":"Snake Plant","floor":30,"turns":4},{"damage":0,"enemies":"Centurion and Healer","floor":31,"turns":5},{"damage":36,"enemies":"Automaton","floor":33,"turns":17},{"damage":10,"enemies":"3 Darklings","floor":35,"turns":6},{"damage":0,"enemies":"Orb Walker","floor":38,"turns":4},{"damage":5,"enemies":"Maw","floor":39,"turns":7},{"damage":51,"enemies":"Reptomancer","floor":41,"turns":6},{"damage":17,"enemies":"Writhing Mass","floor":46,"turns":8},{"damage":0,"enemies":"4 Shapes","floor":47,"turns":6},{"damage":8,"enemies":"Nemesis","floor":48,"turns":7},{"damage":62,"enemies":"Time Eater","floor":50,"turns":12},{"damage":75,"enemies":"Shield and Spear","floor":54,"turns":9},{"damage":11,"enemies":"The Heart","floor":55,"turns":2}],"seed_played":"-367286683250900531","potions_obtained":[{"floor":7,"key":"Explosive Potion"},{"floor":12,"key":"Fire Potion"},{"floor":13,"key":"LiquidBronze"},{"floor":16,"key":"PowerPotion"},{"floor":21,"key":"Strength Potion"},{"floor":28,"key":"Block Potion"},{"floor":31,"key":"FairyPotion"},{"floor":33,"key":"SteroidPotion"}],"is_trial":false,"path_per_floor":["M","M","M","M","?","R","E","R","T","?","R","E","M","E","R","B",null,"M","?","M","M","M","E","R","E","T","R","M","E","M","M","R","B",null,"M","?","$","M","M","R","E","R","T","R","?","M","M","E","R","B",null,"R","$","E","B"],"character_chosen":"DEFECT","items_purchased":["Art of War","Blood Vial","Barrage","Steam+1","Bronze Scales","Buffer","Strength Potion","SkillPotion"],"campfire_rested":5,"item_purchase_floors":[37,37,37,37,53,53,53,53],"current_hp_per_floor":[63,63,63,42,24,24,17,38,38,38,59,66,66,65,65,41,69,69,69,69,69,69,58,58,58,58,58,57,47,39,39,39,3,64,54,54,54,56,53,53,4,28,28,28,28,13,15,9,33,7,64,83,83,8,0],"gold":72,"neow_bonus":"TRANSFORM_TWO_CARDS","is_prod":false,"is_daily":false,"chose_seed":false,"campfire_upgraded":6,"win_rate":0,"timestamp":1572082162,"path_taken":["M","M","M","M","?","R","E","R","T","?","R","E","?","E","R","BOSS","M","?","M","M","M","E","R","E","T","R","M","E","?","M","R","BOSS","M","?","$","M","?","R","E","R","T","R","?","M","M","E","R","BOSS","R","$","E","BOSS"],"build_version":"2019-07-17","purchased_purges":2,"victory":false,"max_hp_per_floor":[71,71,71,71,71,71,71,71,71,71,71,78,78,78,78,78,78,78,78,78,78,78,78,78,78,78,78,78,78,78,78,78,78,83,83,83,83,83,83,83,83,83,83,83,83,83,83,83,83,83,83,83,83,83,83],"card_choices":[{"not_picked":["Sweeping Beam","Defragment"],"picked":"Cold Snap","floor":1},{"not_picked":["Reprogram","Coolheaded"],"picked":"Cold Snap","floor":2},{"not_picked":["Compile Driver","Scrape"],"picked":"Beam Cell","floor":3},{"not_picked":["Turbo","Force Field"],"picked":"Glacier","floor":4},{"not_picked":["Heatsinks","Undo"],"picked":"Cold Snap","floor":7},{"not_picked":["Reinforced Body","Darkness"],"picked":"Ball Lightning","floor":12},{"not_picked":["Gash","Redo"],"picked":"Melter","floor":13},{"not_picked":["Sunder","Rip and Tear"],"picked":"Ball Lightning","floor":14},{"not_picked":["Fission","Rainbow"],"picked":"Echo Form","floor":16},{"not_picked":["Rip and Tear","Turbo","Doom and Gloom"],"picked":"SKIP","floor":18},{"not_picked":["Reinforced Body","Melter","Recycle"],"picked":"SKIP","floor":20},{"not_picked":["Compile Driver","BootSequence"],"picked":"Hologram","floor":21},{"not_picked":["Genetic Algorithm","Conserve Battery"],"picked":"Defragment","floor":22},{"not_picked":["Chaos","Heatsinks+1","Compile Driver"],"picked":"SKIP","floor":23},{"not_picked":["Reinforced Body","Storm","Redo+1"],"picked":"SKIP","floor":25},{"not_picked":["Aggregate","Gash"],"picked":"Reprogram","floor":28},{"not_picked":["Doom and Gloom","Leap","Melter+1"],"picked":"SKIP","floor":29},{"not_picked":["Fusion+1","FTL"],"picked":"Barrage+1","floor":30},{"not_picked":["Rebound","Steam+1"],"picked":"Core Surge","floor":31},{"not_picked":["Creative AI","Hyperbeam"],"picked":"Core Surge","floor":33},{"not_picked":["Ball Lightning","Streamline"],"picked":"Go for the Eyes","floor":34},{"not_picked":["Rebound","Hello World","Gash"],"picked":"SKIP","floor":35},{"not_picked":["Stack+1","Leap+1","Tempest+1"],"picked":"SKIP","floor":38},{"not_picked":["Tempest+1","Leap+1","Heatsinks+1"],"picked":"SKIP","floor":39},{"not_picked":["Streamline","Sunder"],"picked":"Core Surge","floor":41},{"not_picked":["Cold Snap+1","Force Field+1","White Noise+1"],"picked":"SKIP","floor":46},{"not_picked":["Cold Snap+1","Compile Driver+1","Ball Lightning+1"],"picked":"SKIP","floor":47},{"not_picked":["Turbo+1","Reinforced Body+1","Gash+1"],"picked":"SKIP","floor":48},{"not_picked":["Conserve Battery+1","Reinforced Body+1","Hologram+1"],"picked":"SKIP","floor":54}],"player_experience":611299,"relics_obtained":[{"floor":7,"key":"Oddly Smooth Stone"},{"floor":9,"key":"Pen Nib"},{"floor":12,"key":"Strawberry"},{"floor":14,"key":"Happy Flower"},{"floor":23,"key":"Smiling Mask"},{"floor":25,"key":"Blue Candle"},{"floor":26,"key":"Sundial"},{"floor":29,"key":"Toxic Egg 2"},{"floor":41,"key":"Molten Egg 2"},{"floor":48,"key":"Bottled Tornado"},{"floor":54,"key":"Bottled Lightning"}],"event_choices":[{"damage_healed":0,"gold_gain":0,"player_choice":"Success","damage_taken":18,"relics_obtained":["Anchor"],"max_hp_gain":0,"max_hp_loss":0,"event_name":"Scrap Ooze","floor":5,"gold_loss":0},{"damage_healed":0,"gold_gain":0,"player_choice":"Gave Potion","damage_taken":0,"relics_obtained":["PreservedInsect"],"max_hp_gain":0,"max_hp_loss":0,"event_name":"WeMeetAgain","floor":10,"gold_loss":0},{"damage_healed":0,"gold_gain":0,"player_choice":"Trade","damage_taken":0,"relics_obtained":["SsserpentHead"],"max_hp_gain":0,"max_hp_loss":0,"event_name":"FaceTrader","floor":19,"gold_loss":0},{"cards_removed":["Strike_B"],"damage_healed":0,"gold_gain":0,"player_choice":"Offered Basic","damage_taken":0,"max_hp_gain":0,"max_hp_loss":0,"event_name":"Bonfire Elementals","floor":36,"gold_loss":0},{"cards_removed":["Strike_B"],"damage_healed":0,"gold_gain":0,"player_choice":"Purged","damage_taken":0,"max_hp_gain":0,"max_hp_loss":0,"event_name":"Purifier","floor":45,"gold_loss":0}],"is_beta":false,"boss_relics":[{"not_picked":["Calling Bell","FrozenCore"],"picked":"Runic Pyramid"},{"not_picked":["Coffee Dripper","Snecko Eye"],"picked":"Tiny House"}],"items_purged_floors":[37,53],"is_endless":false,"potions_floor_spawned":[7,12,13,16,18,21,22,28,31,33,39,41,48],"killed_by":"The Heart","ascension_level":15}