{"gold_per_floor":[109,120,138,153,103,129,129,158,211,223,251,1,18,18,18,122,122,138,138,157,47,60,94,104,137,137,147,147,160,160,172,172,268,268,285,340,1339,1339,384,384,31,31],"floor_reached":42,"playtime":2096,"items_purged":["Normality"],"score":577,"play_id":"96ae0c61-7f87-4b03-b22d-9b148442b4d6","local_time":"20190906030104","is_ascension_mode":true,"campfire_choices":[{"floor":7,"key":"REST"},{"floor":15,"key":"RECALL"},{"floor":28,"key":"REST"},{"floor":32,"key":"REST"},{"floor":40,"key":"REST"}],"neow_cost":"NONE","seed_source_timestamp":871458331021500,"circlet_count":0,"master_deck":["Strike_R+1","Strike_R+1","Strike_R+1","Strike_R+1","Strike_R+1","Defend_R+1","Defend_R+1","Defend_R+1","Bash","Cleave","Pommel Strike","Thunderclap","Exhume","Perfected Strike","Infernal Blade","Fire Breathing","Havoc","Rampage","Wild Strike","Searing Blow","Double Tap","Pommel Strike+1","Pain","True Grit","Feel No Pain","Dual Wield","Infernal Blade+1","Warcry","Havoc","Ghostly Armor","Pummel","Anger","Barricade","Havoc+1","Body Slam+1","Normality","Discovery","Dark Shackles","Shrug It Off"],"relics":["Burning Blood","Incense Burner","Mercury Hourglass","Bronze Scales","Orichalcum","Brimstone","Busted Crown","WarpedTongs","Ice Cream","Self Forming Clay","Runic Pyramid","Torii","MealTicket","Bottled Lightning","WingedGreaves","Lee\u0027s Waffle","Happy Flower"],"potions_floor_usage":[13,16,16,23,25,27,27,33,36],"damage_taken":[{"damage":1,"enemies":"Cultist","floor":1,"turns":3},{"damage":9,"enemies":"Jaw Worm","floor":2,"turns":3},{"damage":6,"enemies":"Small Slimes","floor":3,"turns":3},{"damage":6,"enemies":"2 Fungi Beasts","floor":4,"turns":2},{"damage":40,"enemies":"Gremlin Nob","floor":6,"turns":5},{"damage":25,"enemies":"Lagavulin","floor":8,"turns":5},{"damage":0,"enemies":"Exordium Wildlife","floor":10,"turns":1},{"damage":42,"enemies":"Gremlin Nob","floor":11,"turns":4},{"damage":0,"enemies":"3 Louse","floor":13,"turns":1},{"damage":63,"enemies":"The Guardian","floor":16,"turns":7},{"damage":7,"enemies":"Spheric Guardian","floor":18,"turns":3},{"damage":10,"enemies":"3 Byrds","floor":20,"turns":2},{"damage":30,"enemies":"Shelled Parasite and Fungi","floor":22,"turns":2},{"damage":10,"enemies":"Book of Stabbing","floor":23,"turns":2},{"damage":8,"enemies":"Chosen and Byrds","floor":24,"turns":3},{"damage":25,"enemies":"Gremlin Leader","floor":25,"turns":2},{"damage":22,"enemies":"Centurion and Healer","floor":27,"turns":3},{"damage":10,"enemies":"3 Cultists","floor":29,"turns":3},{"damage":8,"enemies":"Sentry and Sphere","floor":31,"turns":3},{"damage":16,"enemies":"Collector","floor":33,"turns":6},{"damage":37,"enemies":"3 Darklings","floor":35,"turns":4},{"damage":45,"enemies":"2 Orb Walkers","floor":36,"turns":4},{"damage":107,"enemies":"Giant Head","floor":42,"turns":8}],"seed_played":"5339818029437202066","potions_obtained":[{"floor":1,"key":"BloodPotion"},{"floor":3,"key":"GamblersBrew"},{"floor":8,"key":"Weak Potion"},{"floor":10,"key":"Explosive Potion"},{"floor":16,"key":"FearPotion"},{"floor":23,"key":"Strength Potion"},{"floor":24,"key":"BloodPotion"},{"floor":25,"key":"Explosive Potion"},{"floor":27,"key":"EssenceOfSteel"},{"floor":35,"key":"Dexterity Potion"}],"is_trial":false,"path_per_floor":["M","M","M","M","?","E","R","E","T","M","E","$","M","?","R","B",null,"M","?","M","$","M","E","M","E","T","M","R","M","?","M","R","B",null,"M","?","?","?","$","R","$","E"],"character_chosen":"IRONCLAD","items_purchased":["Brimstone","Wild Strike","Feel No Pain","Dual Wield","Dark Shackles","Shrug It Off","MealTicket","Bottled Lightning","WingedGreaves","Lee\u0027s Waffle","Happy Flower"],"campfire_rested":4,"item_purchase_floors":[12,12,21,21,39,39,39,39,39,41,41],"current_hp_per_floor":[80,77,77,77,77,43,67,48,48,54,18,18,24,50,50,13,80,79,79,75,75,51,47,45,26,26,30,54,50,50,48,72,62,80,49,10,10,10,10,34,87,0],"gold":31,"neow_bonus":"THREE_CARDS","is_prod":false,"is_daily":false,"chose_seed":false,"campfire_upgraded":0,"win_rate":0,"timestamp":1567764064,"path_taken":["M","M","M","M","?","E","R","E","T","M","E","$","M","?","R","BOSS","M","?","?","$","?","E","M","E","T","M","R","M","?","M","R","BOSS","M","?","?","?","?","R","$","E"],"build_version":"2019-07-17","purchased_purges":1,"victory":false,"max_hp_per_floor":[80,80,80,80,80,80,80,80,80,80,80,80,80,80,80,80,80,80,80,80,80,80,80,80,80,80,80,80,80,80,80,80,80,80,80,80,80,80,80,80,87,87],"card_choices":[{"not_picked":["Clothesline","Warcry"],"picked":"Cleave","floor":0},{"not_picked":["Sentinel","Cleave"],"picked":"Pommel Strike","floor":1},{"not_picked":["Pommel Strike","Sword Boomerang"],"picked":"Thunderclap","floor":2},{"not_picked":["Anger","Sword Boomerang"],"picked":"Exhume","floor":3},{"not_picked":["True Grit","Sever Soul"],"picked":"Perfected Strike","floor":4},{"not_picked":["Thunderclap","Twin Strike"],"picked":"Infernal Blade","floor":6},{"not_picked":["Hemokinesis","Exhume"],"picked":"Fire Breathing","floor":8},{"not_picked":["Heavy Blade","Body Slam"],"picked":"Havoc","floor":10},{"not_picked":["Armaments","Havoc"],"picked":"Rampage","floor":11},{"not_picked":["Exhume","Corruption"],"picked":"Searing Blow","floor":13},{"not_picked":["Dark Embrace","Bludgeon"],"picked":"Double Tap","floor":16},{"not_picked":[],"picked":"Pommel Strike+1","floor":18},{"not_picked":[],"picked":"True Grit","floor":20},{"not_picked":[],"picked":"Infernal Blade+1","floor":22},{"not_picked":[],"picked":"Warcry","floor":23},{"not_picked":["Havoc"],"picked":"SKIP","floor":24},{"not_picked":[],"picked":"Havoc","floor":25},{"not_picked":[],"picked":"Ghostly Armor","floor":27},{"not_picked":[],"picked":"Pummel","floor":29},{"not_picked":[],"picked":"Anger","floor":31},{"not_picked":[],"picked":"Barricade","floor":33},{"not_picked":[],"picked":"Havoc+1","floor":35},{"not_picked":[],"picked":"Body Slam+1","floor":36},{"not_picked":[],"picked":"Discovery","floor":38}],"player_experience":273454,"relics_obtained":[{"floor":6,"key":"Incense Burner"},{"floor":8,"key":"Mercury Hourglass"},{"floor":9,"key":"Bronze Scales"},{"floor":11,"key":"Orichalcum"},{"floor":23,"key":"Ice Cream"},{"floor":25,"key":"Self Forming Clay"},{"floor":36,"key":"Torii"}],"event_choices":[{"cards_removed":["Defend_R"],"damage_healed":0,"gold_gain":0,"player_choice":"Card Removal","damage_taken":0,"max_hp_gain":0,"max_hp_loss":0,"event_name":"The Cleric","floor":5,"gold_loss":50},{"damage_healed":26,"gold_gain":0,"player_choice":"Banana","damage_taken":0,"max_hp_gain":0,"max_hp_loss":0,"event_name":"Big Fish","floor":14,"gold_loss":0},{"damage_healed":0,"gold_gain":0,"player_choice":"Rummage","damage_taken":0,"relics_obtained":["WarpedTongs"],"max_hp_gain":0,"max_hp_loss":0,"event_name":"Accursed Blacksmith","floor":19,"gold_loss":0,"cards_obtained":["Pain"]},{"damage_healed":0,"gold_gain":0,"player_choice":"Simplicity","damage_taken":0,"max_hp_gain":0,"max_hp_loss":0,"event_name":"Back to Basics","floor":30,"gold_loss":0,"cards_upgraded":["Strike_R","Strike_R","Strike_R","Strike_R","Strike_R","Defend_R","Defend_R","Defend_R"]},{"damage_healed":0,"gold_gain":0,"player_choice":"Fight","damage_taken":0,"max_hp_gain":0,"max_hp_loss":0,"event_name":"Mysterious Sphere","floor":36,"gold_loss":0},{"damage_healed":0,"gold_gain":999,"player_choice":"Gold","damage_taken":0,"max_hp_gain":0,"max_hp_loss":0,"event_name":"MindBloom","floor":37,"gold_loss":0,"cards_obtained":["Normality","Normality"]},{"damage_healed":0,"gold_gain":0,"player_choice":"Memory 1","damage_taken":0,"max_hp_gain":0,"max_hp_loss":0,"event_name":"SensoryStone","floor":38,"gold_loss":0}],"is_beta":false,"boss_relics":[{"not_picked":["Snecko Eye","Tiny House"],"picked":"Busted Crown"},{"not_picked":["Pandora\u0027s Box","Runic Dome"],"picked":"Runic Pyramid"}],"items_purged_floors":[39],"is_endless":false,"potions_floor_spawned":[1,3,8,10,16,23,24,25,27,35],"killed_by":"Giant Head","ascension_level":3}