{"gold_per_floor":[118,118,128,147,158,158,185,185,211,223,235,267,267,284,284,358,358,376,376,388,401,415,444,444,463,463,463,463,463,146,161,161,161],"floor_reached":33,"playtime":1919,"items_purged":["Defend_B"],"score":492,"play_id":"a0774ddb-43b9-4273-b0c0-e430d9c0bb7f","local_time":"20191025203039","is_ascension_mode":true,"campfire_choices":[{"data":"Zap","floor":6.0,"key":"SMITH"},{"data":"Dualcast","floor":8.0,"key":"SMITH"},{"data":"Beam Cell","floor":13.0,"key":"SMITH"},{"data":"Barrage","floor":15.0,"key":"SMITH"},{"floor":24.0,"key":"REST"},{"floor":29,"key":"REST"},{"data":"Biased Cognition","floor":32,"key":"SMITH"}],"neow_cost":"NONE","seed_source_timestamp":0,"circlet_count":0,"master_deck":["AscendersBane","Strike_B","Strike_B","Strike_B","Strike_B","Defend_B","Defend_B","Defend_B","Zap+1","Dualcast+1","Undo","Ball Lightning","Cold Snap","Coolheaded","Cold Snap","Sweeping Beam","Hologram","Beam Cell+1","Barrage+1","Biased Cognition+1","Defragment","Barrage+1","Go for the Eyes","Ghostly","Ghostly","Ghostly","Steam"],"special_seed":0,"relics":["Cracked Core","NeowsBlessing","Omamori","Bag of Marbles","Orichalcum","Inserter","Symbiotic Virus","Happy Flower","Necronomicon","PreservedInsect"],"potions_floor_usage":[30,33],"damage_taken":[{"damage":0.0,"enemies":"Jaw Worm","floor":1.0,"turns":1.0},{"damage":0.0,"enemies":"2 Louse","floor":3.0,"turns":1.0},{"damage":0.0,"enemies":"Small Slimes","floor":4.0,"turns":1.0},{"damage":0.0,"enemies":"2 Fungi Beasts","floor":5.0,"turns":3.0},{"damage":2.0,"enemies":"Lagavulin","floor":7.0,"turns":6.0},{"damage":3.0,"enemies":"Blue Slaver","floor":10.0,"turns":3.0},{"damage":0.0,"enemies":"Red Slaver","floor":11.0,"turns":4.0},{"damage":6.0,"enemies":"3 Sentries","floor":12.0,"turns":6.0},{"damage":3.0,"enemies":"Looter","floor":14.0,"turns":2.0},{"damage":22.0,"enemies":"Slime Boss","floor":16.0,"turns":9.0},{"damage":0.0,"enemies":"Chosen","floor":18.0,"turns":3.0},{"damage":0.0,"enemies":"Shell Parasite","floor":20.0,"turns":5.0},{"damage":0.0,"enemies":"Snecko","floor":21.0,"turns":4.0},{"damage":0.0,"enemies":"Snake Plant","floor":22.0,"turns":3.0},{"damage":35.0,"enemies":"Gremlin Leader","floor":23.0,"turns":7.0},{"damage":5.0,"enemies":"Centurion and Healer","floor":25.0,"turns":5.0},{"damage":0,"enemies":"Chosen and Byrds","floor":31,"turns":4},{"damage":32,"enemies":"Automaton","floor":33,"turns":6}],"seed_played":"5863883793323952173","potions_obtained":[{"floor":1.0,"key":"EntropicBrew"},{"floor":5.0,"key":"FocusPotion"},{"floor":7.0,"key":"Energy Potion"},{"floor":10.0,"key":"Fire Potion"},{"floor":14.0,"key":"Fruit Juice"},{"floor":21.0,"key":"GamblersBrew"},{"floor":23.0,"key":"FearPotion"},{"floor":25,"key":"GamblersBrew"}],"is_trial":false,"path_per_floor":["M","?","M","M","M","R","E","R","T","M","M","E","R","M","R","B",null,"M","?","M","M","M","E","R","M","T","?","?","R","$","M","R","B"],"character_chosen":"DEFECT","items_purchased":["Fruit Juice","PreservedInsect"],"campfire_rested":2,"item_purchase_floors":[30,30],"current_hp_per_floor":[64,64,64,64,64,64,62,62,62,59,59,53,53,55,55,33,65,65,43,43,43,43,8,32,27,27,6,6,18,23,23,23,0],"gold":161,"neow_bonus":"THREE_ENEMY_KILL","is_prod":false,"is_daily":false,"chose_seed":false,"campfire_upgraded":5,"win_rate":0,"timestamp":1572049839,"path_taken":["M","?","M","M","M","R","E","R","T","M","M","E","R","M","R","BOSS","M","?","M","M","M","E","R","M","T","?","?","R","$","M","R","BOSS"],"build_version":"2019-07-17","purchased_purges":1,"victory":false,"max_hp_per_floor":[71,71,71,71,71,71,71,71,71,71,71,71,71,76,76,76,76,76,81,81,81,81,81,81,81,81,81,40,40,45,45,45,45],"card_choices":[{"not_picked":["Steam","Gash"],"picked":"Undo","floor":1.0},{"not_picked":["Steam","Seek"],"picked":"Ball Lightning","floor":3.0},{"not_picked":["Streamline","FTL"],"picked":"Cold Snap","floor":4.0},{"not_picked":["Lockon","Leap"],"picked":"Coolheaded","floor":5.0},{"not_picked":["Hyperbeam","Rip and Tear"],"picked":"Cold Snap","floor":7.0},{"not_picked":["Coolheaded","Turbo"],"picked":"Sweeping Beam","floor":10.0},{"not_picked":["Steam","Redo"],"picked":"Hologram","floor":11.0},{"not_picked":["Compile Driver","Consume"],"picked":"Beam Cell","floor":12.0},{"not_picked":["Seek","Coolheaded"],"picked":"Barrage","floor":14.0},{"not_picked":["Buffer","Machine Learning"],"picked":"Biased Cognition","floor":16.0},{"not_picked":["Barrage","Streamline"],"picked":"Defragment","floor":18.0},{"not_picked":["Double Energy","Sunder","Redo"],"picked":"SKIP","floor":20.0},{"not_picked":["Double Energy","Leap","Hologram"],"picked":"SKIP","floor":21.0},{"not_picked":["Steam Power","Coolheaded+1"],"picked":"Barrage+1","floor":22.0},{"not_picked":["Multi-Cast","Beam Cell"],"picked":"Go for the Eyes","floor":23.0},{"not_picked":["Genetic Algorithm","Beam Cell","Undo"],"picked":"SKIP","floor":25},{"not_picked":["Reinforced Body","Turbo"],"picked":"Steam","floor":31}],"player_experience":593817,"relics_obtained":[{"floor":7.0,"key":"Omamori"},{"floor":9.0,"key":"Bag of Marbles"},{"floor":12.0,"key":"Orichalcum"},{"floor":23.0,"key":"Symbiotic Virus"},{"floor":26,"key":"Happy Flower"},{"floor":27,"key":"Necronomicon"}],"event_choices":[{"damage_healed":0.0,"max_hp_gain":0.0,"max_hp_loss":0.0,"gold_gain":0.0,"event_name":"The Cleric","player_choice":"Leave","floor":2.0,"gold_loss":0.0,"damage_taken":0.0},{"damage_healed":0.0,"max_hp_gain":5.0,"max_hp_loss":0.0,"gold_gain":0.0,"event_name":"Forgotten Altar","player_choice":"Shed Blood","floor":19.0,"gold_loss":0.0,"damage_taken":27.0},{"damage_healed":0,"gold_gain":0,"player_choice":"Obtained Book","damage_taken":21,"max_hp_gain":0,"max_hp_loss":0,"event_name":"Cursed Tome","floor":27,"gold_loss":0},{"damage_healed":0,"gold_gain":0,"player_choice":"Became a Ghost","damage_taken":0,"max_hp_gain":0,"max_hp_loss":41,"event_name":"Ghosts","floor":28,"gold_loss":0,"cards_obtained":["Ghostly","Ghostly","Ghostly"]}],"is_beta":false,"boss_relics":[{"not_picked":["Cursed Key","Lizard Tail"],"picked":"Inserter"}],"items_purged_floors":[30],"is_endless":false,"potions_floor_spawned":[1,5,7,10,14,18,21,23,25],"killed_by":"Automaton","ascension_level":15}