{"gold_per_floor":[118,135,135,135,147,172,172,172,172,172,247,326,351,55,55,55],"floor_reached":16,"playtime":526,"items_purged":[],"score":143,"play_id":"646ef18a-5723-416c-8877-015aa6c3ebcb","local_time":"20191010010022","is_ascension_mode":true,"campfire_choices":[{"data":"Bash","floor":7,"key":"SMITH"},{"floor":15,"key":"REST"}],"neow_cost":"NONE","seed_source_timestamp":34698313177000,"circlet_count":0,"master_deck":["Strike_R","Strike_R","Strike_R","Strike_R","Strike_R","Defend_R","Defend_R","Defend_R","Bash+1","Shrug It Off","Rage","Perfected Strike","Parasite","Injury","Carnage","Warcry+1","Finesse+1"],"relics":["Burning Blood","NeowsBlessing","Darkstone Periapt","Toxic Egg 2","Golden Idol","Charon\u0027s Ashes","Medical Kit"],"potions_floor_usage":[12,16],"damage_taken":[{"damage":0,"enemies":"Jaw Worm","floor":1,"turns":1},{"damage":0,"enemies":"Small Slimes","floor":2,"turns":1},{"damage":0,"enemies":"Cultist","floor":5,"turns":1},{"damage":65,"enemies":"3 Sentries","floor":6,"turns":13},{"damage":31,"enemies":"3 Sentries","floor":12,"turns":10},{"damage":10,"enemies":"Exordium Thugs","floor":13,"turns":4},{"damage":47,"enemies":"Hexaghost","floor":16,"turns":9}],"seed_played":"-1364706942975563867","potions_obtained":[{"floor":2,"key":"Dexterity Potion"},{"floor":13,"key":"LiquidBronze"}],"is_trial":false,"path_per_floor":["M","M","?","?","M","E","R","?","T","?","?","?","M","$","R","B"],"character_chosen":"IRONCLAD","items_purchased":["Finesse+1","Medical Kit"],"campfire_rested":1,"item_purchase_floors":[14,14],"current_hp_per_floor":[80,80,85,78,84,25,25,52,52,58,47,22,18,18,47,0],"gold":55,"neow_bonus":"THREE_ENEMY_KILL","is_prod":false,"is_daily":false,"chose_seed":false,"campfire_upgraded":1,"win_rate":0,"timestamp":1570694422,"path_taken":["M","M","?","?","M","E","R","?","T","?","?","?","M","$","R","BOSS"],"build_version":"2019-07-17","purchased_purges":0,"victory":false,"max_hp_per_floor":[80,80,85,85,85,85,85,91,91,97,97,97,97,97,97,97],"card_choices":[{"not_picked":["Seeing Red","Havoc"],"picked":"Shrug It Off","floor":1},{"not_picked":["Blood for Blood","Flex","Hemokinesis"],"picked":"SKIP","floor":2},{"not_picked":["Body Slam","Uppercut"],"picked":"Rage","floor":5},{"not_picked":["Shrug It Off","Evolve"],"picked":"Perfected Strike","floor":6},{"not_picked":["Rage+1","Twin Strike"],"picked":"Carnage","floor":12},{"not_picked":["Flex+1","Body Slam"],"picked":"Warcry+1","floor":13}],"player_experience":315641,"relics_obtained":[{"floor":6,"key":"Darkstone Periapt"},{"floor":9,"key":"Toxic Egg 2"},{"floor":12,"key":"Charon\u0027s Ashes"}],"event_choices":[{"damage_healed":0,"gold_gain":0,"player_choice":"Donut","damage_taken":0,"max_hp_gain":5,"max_hp_loss":0,"event_name":"Big Fish","floor":3,"gold_loss":0},{"cards_removed":["Defend_R"],"damage_healed":0,"gold_gain":0,"player_choice":"Card Removal","damage_taken":7,"max_hp_gain":0,"max_hp_loss":0,"event_name":"Golden Wing","floor":4,"gold_loss":0},{"damage_healed":21,"gold_gain":0,"player_choice":"Healed and dodged fight","damage_taken":0,"max_hp_gain":0,"max_hp_loss":0,"event_name":"Mushrooms","floor":8,"gold_loss":0,"cards_obtained":["Parasite"]},{"damage_healed":0,"gold_gain":0,"player_choice":"Take Wound","damage_taken":0,"relics_obtained":["Golden Idol"],"max_hp_gain":0,"max_hp_loss":0,"event_name":"Golden Idol","floor":10,"gold_loss":0,"cards_obtained":["Injury"]},{"damage_healed":0,"gold_gain":75,"player_choice":"Gather Gold","damage_taken":11,"max_hp_gain":0,"max_hp_loss":0,"event_name":"World of Goop","floor":11,"gold_loss":0},{"damage_healed":0,"gold_gain":0,"player_choice":"Searched \u00271\u0027 times","damage_taken":0,"max_hp_gain":0,"max_hp_loss":0,"event_name":"Dead Adventurer","floor":12,"gold_loss":0}],"is_beta":false,"boss_relics":[],"items_purged_floors":[],"is_endless":false,"potions_floor_spawned":[2,13],"killed_by":"Hexaghost","ascension_level":4}