{"gold_per_floor":[114,129,149,13,30,60,72,72,72,72,37,50,50,50,50,50],"floor_reached":16,"playtime":896,"items_purged":[],"score":128,"play_id":"f6a8c462-53fb-47dc-8891-d7e0db935e8e","local_time":"20191026004810","is_ascension_mode":true,"campfire_choices":[{"data":"Bash","floor":8,"key":"SMITH"},{"data":"Feed","floor":13,"key":"SMITH"},{"data":"Enlightenment","floor":15,"key":"SMITH"}],"neow_cost":"NONE","seed_source_timestamp":3136192440600,"circlet_count":0,"master_deck":["Strike_R","Strike_R","Strike_R","Strike_R","Strike_R","Defend_R+1","Defend_R","Defend_R+1","Defend_R","Bash+1","Power Through","Shrug It Off","Dropkick","Enlightenment+1","Shrug It Off","Burning Pact","Feed+1","Warcry"],"relics":["Burning Blood","The Courier","Ancient Tea Set","Golden Idol"],"potions_floor_usage":[6,16],"damage_taken":[{"damage":9,"enemies":"Jaw Worm","floor":1,"turns":5},{"damage":4,"enemies":"Small Slimes","floor":2,"turns":3},{"damage":0,"enemies":"Cultist","floor":3,"turns":3},{"damage":5,"enemies":"Red Slaver","floor":5,"turns":3},{"damage":44,"enemies":"3 Sentries","floor":6,"turns":11},{"damage":16,"enemies":"3 Louse","floor":7,"turns":5},{"damage":3,"enemies":"Looter","floor":12,"turns":5},{"damage":44,"enemies":"Hexaghost","floor":16,"turns":11}],"seed_played":"4856447727959155567","potions_obtained":[{"floor":2,"key":"Weak Potion"},{"floor":5,"key":"Explosive Potion"}],"is_trial":false,"path_per_floor":["M","M","M","$","M","E","M","R","T","?","?","M","R","?","R","B"],"character_chosen":"IRONCLAD","items_purchased":["Enlightenment","Shrug It Off"],"campfire_rested":0,"item_purchase_floors":[4,4],"current_hp_per_floor":[77,79,80,80,80,42,32,32,32,16,36,42,42,42,42,0],"gold":50,"neow_bonus":"THREE_CARDS","is_prod":false,"is_daily":false,"chose_seed":false,"campfire_upgraded":3,"win_rate":0,"timestamp":1572076090,"path_taken":["M","M","M","$","M","E","M","R","T","?","?","M","R","?","R","BOSS"],"build_version":"2019-07-17","purchased_purges":0,"victory":false,"max_hp_per_floor":[80,80,80,80,80,80,80,80,80,80,80,83,83,77,77,77],"card_choices":[{"not_picked":["Havoc","Rage"],"picked":"Power Through","floor":0},{"not_picked":["Entrench","Perfected Strike"],"picked":"Shrug It Off","floor":1},{"not_picked":["Rage","Ghostly Armor"],"picked":"Dropkick","floor":2},{"not_picked":["Entrench","Havoc","Sword Boomerang"],"picked":"SKIP","floor":3},{"not_picked":["Warcry","Fire Breathing"],"picked":"Burning Pact","floor":5},{"not_picked":["Clash","Searing Blow","Infernal Blade"],"picked":"SKIP","floor":6},{"not_picked":["Uppercut","Flex"],"picked":"Feed","floor":7},{"not_picked":["Armaments","Ghostly Armor"],"picked":"Warcry","floor":12}],"player_experience":352320,"relics_obtained":[{"floor":6,"key":"The Courier"},{"floor":9,"key":"Ancient Tea Set"}],"event_choices":[{"damage_healed":0,"gold_gain":0,"player_choice":"Entered Light","damage_taken":16,"max_hp_gain":0,"max_hp_loss":0,"event_name":"Shining Light","floor":10,"gold_loss":0,"cards_upgraded":["Defend_R","Defend_R"]},{"damage_healed":20,"gold_gain":0,"player_choice":"Healed","damage_taken":0,"max_hp_gain":0,"max_hp_loss":0,"event_name":"The Cleric","floor":11,"gold_loss":35},{"damage_healed":0,"gold_gain":0,"player_choice":"Lose Max HP","damage_taken":0,"relics_obtained":["Golden Idol"],"max_hp_gain":0,"max_hp_loss":6,"event_name":"Golden Idol","floor":14,"gold_loss":0}],"is_beta":false,"boss_relics":[],"items_purged_floors":[],"is_endless":false,"potions_floor_spawned":[2,5],"killed_by":"Hexaghost","ascension_level":5}