{"gold_per_floor":[109,109,129,153,153,153,174,174],"floor_reached":8,"playtime":371,"items_purged":[],"score":55,"play_id":"17cce87c-8942-4e35-b4a1-8d575985caa2","local_time":"20190903010028","is_ascension_mode":true,"campfire_choices":[{"data":"Berserk","floor":6,"key":"SMITH"}],"neow_cost":"NONE","seed_source_timestamp":606748167833600,"circlet_count":0,"master_deck":["Strike_R+1","Strike_R","Strike_R","Strike_R","Strike_R","Defend_R+1","Defend_R","Defend_R","Defend_R","Bash","Burning Pact","Berserk+1","Dropkick","Anger"],"relics":["Burning Blood","Golden Idol"],"potions_floor_usage":[3,7,7,8],"damage_taken":[{"damage":1,"enemies":"Cultist","floor":1,"turns":3},{"damage":15,"enemies":"2 Louse","floor":3,"turns":3},{"damage":7,"enemies":"Small Slimes","floor":4,"turns":4},{"damage":22,"enemies":"Gremlin Gang","floor":7,"turns":5},{"damage":41,"enemies":"3 Sentries","floor":8,"turns":7}],"seed_played":"-433682742258497899","potions_obtained":[{"floor":0,"key":"Weak Potion"},{"floor":0,"key":"Strength Potion"},{"floor":0,"key":"BloodPotion"},{"floor":4,"key":"GamblersBrew"}],"is_trial":false,"path_per_floor":["M","?","M","M","?","R","M","E"],"character_chosen":"IRONCLAD","items_purchased":[],"campfire_rested":0,"item_purchase_floors":[],"current_hp_per_floor":[80,60,71,70,54,54,38,0],"gold":174,"neow_bonus":"THREE_SMALL_POTIONS","is_prod":false,"is_daily":false,"chose_seed":false,"campfire_upgraded":1,"win_rate":0,"timestamp":1567497628,"path_taken":["M","?","M","M","?","R","M","E"],"build_version":"2019-07-17","purchased_purges":0,"victory":false,"max_hp_per_floor":[80,80,80,80,80,80,80,80],"card_choices":[{"not_picked":["Clothesline","Feel No Pain"],"picked":"Burning Pact","floor":1},{"not_picked":["Perfected Strike","Fire Breathing"],"picked":"Berserk","floor":3},{"not_picked":["Anger","Clothesline"],"picked":"Dropkick","floor":4},{"not_picked":["Flex","True Grit"],"picked":"Anger","floor":7}],"player_experience":260384,"relics_obtained":[],"event_choices":[{"damage_healed":0,"gold_gain":0,"player_choice":"Take Damage","damage_taken":20,"relics_obtained":["Golden Idol"],"max_hp_gain":0,"max_hp_loss":0,"event_name":"Golden Idol","floor":2,"gold_loss":0},{"damage_healed":0,"gold_gain":0,"player_choice":"Entered Light","damage_taken":16,"max_hp_gain":0,"max_hp_loss":0,"event_name":"Shining Light","floor":5,"gold_loss":0,"cards_upgraded":["Defend_R","Strike_R"]}],"is_beta":false,"boss_relics":[],"items_purged_floors":[],"is_endless":false,"potions_floor_spawned":[4],"killed_by":"3 Sentries","ascension_level":3}