{"gold_per_floor":[115,91,266,277,242,573,587,587,587,587,587,587,587,603,603,705,705,722,722,722,722,734,734,746,776,776,491,491,509,63,63],"floor_reached":31,"playtime":1603,"items_purged":[],"score":304,"play_id":"a498bb26-b486-4efc-b836-725d3c3b3cf9","local_time":"20190521014853","is_ascension_mode":true,"campfire_choices":[{"floor":11,"key":"REST"},{"data":"Terror","floor":13,"key":"SMITH"},{"floor":15,"key":"REST"},{"data":"Well Laid Plans","floor":23,"key":"SMITH"},{"floor":28,"key":"REST"}],"neow_cost":"NONE","seed_source_timestamp":361212388109865,"circlet_count":0,"master_deck":["Defend_G","Defend_G","Defend_G","Defend_G","Defend_G","Strike_G","Strike_G","Strike_G","Strike_G","Strike_G","Survivor","Neutralize","Well Laid Plans+1","Flying Knee","Blade Dance","Terror+1","Deflect","Grand Finale","Choke","Outmaneuver","Leg Sweep+1","Prepared","A Thousand Cuts","Burst","Escape Plan","Slice","Dodge and Roll"],"relics":["Ring of the Snake","Oddly Smooth Stone","Old Coin","Dead Branch","Orichalcum","Vajra","WristBlade","Centennial Puzzle","Mercury Hourglass","Blue Candle","Gremlin Horn","Strange Spoon"],"potions_floor_usage":[16,24,31],"damage_taken":[{"damage":7,"enemies":"Jaw Worm","floor":1,"turns":6},{"damage":6,"enemies":"Small Slimes","floor":4,"turns":4},{"damage":30,"enemies":"3 Sentries","floor":6,"turns":14},{"damage":5,"enemies":"2 Louse","floor":7,"turns":2},{"damage":3,"enemies":"Exordium Thugs","floor":14,"turns":4},{"damage":15,"enemies":"Hexaghost","floor":16,"turns":9},{"damage":1,"enemies":"Chosen","floor":18,"turns":4},{"damage":9,"enemies":"Shell Parasite","floor":22,"turns":3},{"damage":18,"enemies":"Snake Plant","floor":24,"turns":3},{"damage":0,"enemies":"Gremlin Leader","floor":25,"turns":6},{"damage":18,"enemies":"Chosen and Byrds","floor":29,"turns":7},{"damage":50,"enemies":"Book of Stabbing","floor":31,"turns":5}],"seed_played":"2475885242290273216","potions_obtained":[{"floor":1,"key":"SpeedPotion"},{"floor":14,"key":"SteroidPotion"},{"floor":16,"key":"Ancient Potion"},{"floor":24,"key":"Strength Potion"},{"floor":25,"key":"Ancient Potion"}],"is_trial":false,"path_per_floor":["M","?","?","M","?","E","M","?","T","?","R","T","R","M","R","B",null,"M","?","T","?","M","R","M","E","T","$","R","M","$","E"],"character_chosen":"THE_SILENT","items_purchased":["Burst","Escape Plan","Slice","Gremlin Horn","Strange Spoon"],"campfire_rested":3,"item_purchase_floors":[27,27,27,30,30],"current_hp_per_floor":[63,63,63,57,70,40,35,35,35,28,49,49,49,46,67,52,70,69,69,69,69,60,60,42,42,42,42,63,45,45,0],"gold":63,"neow_bonus":"RANDOM_COMMON_RELIC","is_prod":false,"is_daily":false,"chose_seed":false,"campfire_upgraded":2,"win_rate":0,"timestamp":1558428533,"path_taken":["M","?","?","M","?","E","M","?","T","?","R","?","R","M","R","BOSS","M","?","?","?","?","R","?","E","T","?","R","M","$","E"],"build_version":"2019-01-23","purchased_purges":0,"victory":false,"max_hp_per_floor":[70,70,70,70,70,70,70,70,70,70,70,70,70,70,70,70,70,70,70,70,70,70,70,70,70,70,70,70,70,70,70],"card_choices":[{"not_picked":["Backstab","Underhanded Strike"],"picked":"Well Laid Plans","floor":1},{"not_picked":["Leg Sweep","Backflip"],"picked":"Flying Knee","floor":4},{"not_picked":["Deadly Poison","Expertise"],"picked":"Blade Dance","floor":6},{"not_picked":["Underhanded Strike","Prepared"],"picked":"Terror","floor":7},{"not_picked":["PiercingWail","Flying Knee"],"picked":"Deflect","floor":14},{"not_picked":["Venomology","A Thousand Cuts"],"picked":"Grand Finale","floor":16},{"not_picked":["Cloak And Dagger","Underhanded Strike"],"picked":"Choke","floor":18},{"not_picked":["Deflect+1","Sucker Punch"],"picked":"Leg Sweep+1","floor":22},{"not_picked":["Sucker Punch","Blade Dance"],"picked":"Prepared","floor":24},{"not_picked":["PiercingWail+1","Backflip+1"],"picked":"A Thousand Cuts","floor":25},{"not_picked":["Bane","Terror"],"picked":"Dodge and Roll","floor":29}],"player_experience":153252,"relics_obtained":[{"floor":6,"key":"Old Coin"},{"floor":9,"key":"Dead Branch"},{"floor":12,"key":"Vajra"},{"floor":20,"key":"Centennial Puzzle"},{"floor":25,"key":"Mercury Hourglass"},{"floor":26,"key":"Blue Candle"}],"event_choices":[{"damage_healed":0,"gold_gain":0,"player_choice":"Left Gold","damage_taken":0,"max_hp_gain":0,"max_hp_loss":0,"event_name":"World of Goop","floor":2,"gold_loss":24},{"damage_healed":0,"gold_gain":175,"player_choice":"AGREE","damage_taken":0,"max_hp_gain":0,"max_hp_loss":0,"event_name":"Liars Game","floor":3,"gold_loss":0,"cards_obtained":["Doubt"]},{"damage_healed":17,"gold_gain":0,"player_choice":"Healed","damage_taken":0,"max_hp_gain":0,"max_hp_loss":0,"event_name":"The Cleric","floor":5,"gold_loss":35},{"damage_healed":0,"gold_gain":0,"player_choice":"Ignored","damage_taken":0,"max_hp_gain":0,"max_hp_loss":0,"event_name":"Golden Wing","floor":8,"gold_loss":0},{"damage_healed":0,"gold_gain":0,"player_choice":"Success","damage_taken":7,"relics_obtained":["Orichalcum"],"max_hp_gain":0,"max_hp_loss":0,"event_name":"Scrap Ooze","floor":10,"gold_loss":0},{"damage_healed":0,"gold_gain":0,"player_choice":"Read","damage_taken":0,"max_hp_gain":0,"max_hp_loss":0,"event_name":"The Library","floor":19,"gold_loss":0,"cards_obtained":["Outmaneuver"]},{"cards_removed":["Doubt"],"damage_healed":0,"gold_gain":0,"player_choice":"Purged","damage_taken":0,"max_hp_gain":0,"max_hp_loss":0,"event_name":"Purifier","floor":21,"gold_loss":0}],"is_beta":false,"boss_relics":[{"not_picked":["White Beast Statue","Cursed Key"],"picked":"WristBlade"}],"items_purged_floors":[],"is_endless":false,"potions_floor_spawned":[1,14,16,24,25],"killed_by":"Book of Stabbing","ascension_level":2}