{"gold_per_floor":[16,28,39,57,68,68,101,120,144,169,169,188,204,225,225,327,327,337,356,162,162,162,193,193,219,242,242,274,294,304,333,333,434,434,449,462,68,84,104,104,104,130,130,147,177,193,206,224,224,224],"floor_reached":51,"playtime":2832,"items_purged":[],"score":958,"play_id":"d3fedd58-f623-428f-8699-3e28931c0f12","local_time":"20190725003858","is_ascension_mode":true,"campfire_choices":[{"data":"Armaments","floor":6,"key":"SMITH"},{"floor":15,"key":"REST"},{"floor":24,"key":"REST"},{"floor":27,"key":"REST"},{"floor":32,"key":"REST"},{"floor":40,"key":"REST"},{"floor":49,"key":"REST"}],"neow_cost":"NO_GOLD","seed_source_timestamp":1217459265606620,"circlet_count":0,"master_deck":["Strike_R","Strike_R","Strike_R","Strike_R","Strike_R","Defend_R","Defend_R","Defend_R","Bash","Carnage","Iron Wave","Thunderclap","Armaments+1","Seeing Red","Rampage","Pommel Strike","Dropkick","Cleave","Power Through","Body Slam","Heavy Blade","Feed","Twin Strike","Wild Strike","Shrug It Off","Necronomicurse","Entrench","Clothesline+1","Spot Weakness","Reckless Charge","Bludgeon","Perfected Strike+1","Perfected Strike","Metallicize","Immolate","Flame Barrier","Headbutt","Inflame","Shockwave","Fire Breathing+1","Burning Pact+1","Anger+1","Seeing Red","Sentinel","Clash+1","Whirlwind+1","Parasite","Metallicize+1","Flex+1"],"relics":["Burning Blood","Bronze Scales","Dream Catcher","Smiling Mask","Blood Vial","Odd Mushroom","Fusion Hammer","Centennial Puzzle","Necronomicon","Bag of Preparation","Matryoshka","Mummified Hand","Boot","Singing Bowl","Potion Belt","White Beast Statue","Nunchaku","Bag of Marbles","Ancient Tea Set","Juzu Bracelet","Question Card","Incense Burner"],"potions_floor_usage":[7,7,10,12,23,28,29,38,39,42,50,50,50,50],"damage_taken":[{"damage":1,"enemies":"Cultist","floor":1,"turns":3},{"damage":8,"enemies":"Small Slimes","floor":2,"turns":3},{"damage":2,"enemies":"Jaw Worm","floor":3,"turns":3},{"damage":14,"enemies":"Large Slime","floor":4,"turns":4},{"damage":12,"enemies":"Looter","floor":5,"turns":3},{"damage":18,"enemies":"Lagavulin","floor":7,"turns":5},{"damage":13,"enemies":"Red Slaver","floor":8,"turns":3},{"damage":8,"enemies":"Gremlin Nob","floor":10,"turns":3},{"damage":7,"enemies":"2 Fungi Beasts","floor":12,"turns":2},{"damage":7,"enemies":"Exordium Wildlife","floor":13,"turns":3},{"damage":15,"enemies":"The Mushroom Lair","floor":14,"turns":3},{"damage":61,"enemies":"The Guardian","floor":16,"turns":12},{"damage":0,"enemies":"Chosen","floor":18,"turns":4},{"damage":28,"enemies":"2 Thieves","floor":19,"turns":3},{"damage":34,"enemies":"Book of Stabbing","floor":23,"turns":4},{"damage":29,"enemies":"Gremlin Leader","floor":25,"turns":6},{"damage":13,"enemies":"Book of Stabbing","floor":28,"turns":4},{"damage":0,"enemies":"3 Cultists","floor":29,"turns":3},{"damage":4,"enemies":"Chosen and Byrds","floor":30,"turns":3},{"damage":3,"enemies":"Gremlin Leader","floor":31,"turns":3},{"damage":19,"enemies":"Collector","floor":33,"turns":5},{"damage":0,"enemies":"Orb Walker","floor":35,"turns":2},{"damage":27,"enemies":"3 Shapes","floor":36,"turns":2},{"damage":60,"enemies":"Writhing Mass","floor":38,"turns":3},{"damage":42,"enemies":"3 Darklings","floor":39,"turns":4},{"damage":6,"enemies":"Nemesis","floor":42,"turns":4},{"damage":2,"enemies":"Maw","floor":44,"turns":4},{"damage":0,"enemies":"Reptomancer","floor":45,"turns":2},{"damage":0,"enemies":"Jaw Worm Horde","floor":46,"turns":1},{"damage":0,"enemies":"Transient","floor":47,"turns":5},{"damage":9,"enemies":"Writhing Mass","floor":48,"turns":3},{"damage":32,"enemies":"Donu and Deca","floor":50,"turns":3}],"seed_played":"-6993109767878681629","potions_obtained":[{"floor":2,"key":"Block Potion"},{"floor":3,"key":"Poison Potion"},{"floor":5,"key":"FearPotion"},{"floor":10,"key":"Explosive Potion"},{"floor":12,"key":"Regen Potion"},{"floor":13,"key":"SneckoOil"},{"floor":18,"key":"Ancient Potion"},{"floor":23,"key":"FairyPotion"},{"floor":25,"key":"Block Potion"},{"floor":28,"key":"SkillPotion"},{"floor":30,"key":"LiquidBronze"},{"floor":35,"key":"BloodPotion"},{"floor":36,"key":"Dexterity Potion"},{"floor":38,"key":"GamblersBrew"},{"floor":39,"key":"Dexterity Potion"},{"floor":42,"key":"Dexterity Potion"},{"floor":47,"key":"PowerPotion"}],"is_trial":false,"path_per_floor":["M","M","M","M","M","R","E","M","T","E","?","M","M","?","R","B",null,"M","M","$","?","?","E","R","E","T","R","E","M","M","E","R","B",null,"M","M","$","M","M","R","T","E","T","M","E","M","M","M","R","B",null],"character_chosen":"IRONCLAD","items_purchased":["Centennial Puzzle","Shrug It Off","Inflame","Nunchaku","Shockwave"],"campfire_rested":6,"item_purchase_floors":[20,20,37,37,37],"current_hp_per_floor":[96,94,96,88,82,82,70,63,63,61,61,62,63,56,84,31,96,99,80,80,64,64,47,77,56,56,86,81,89,97,102,106,93,106,106,88,88,66,32,65,65,67,67,73,81,89,99,98,114,88],"gold":224,"neow_bonus":"TWENTY_PERCENT_HP_BONUS","is_prod":false,"is_daily":false,"chose_seed":false,"campfire_upgraded":1,"win_rate":0,"timestamp":1564040338,"path_taken":["M","M","?","M","M","R","E","M","T","E","?","?","M","?","R","BOSS","M","M","$","?","?","E","R","E","T","R","E","M","M","E","R","BOSS","M","M","$","M","M","R","?","E","T","M","E","M","M","M","R","BOSS"],"build_version":"2019-07-17","purchased_purges":0,"victory":true,"max_hp_per_floor":[96,96,96,96,96,96,96,96,96,96,96,96,96,96,96,96,96,99,102,102,102,102,102,102,102,102,102,102,102,106,106,106,106,106,106,109,109,112,112,112,112,112,112,112,112,112,114,114,114,114],"card_choices":[{"not_picked":["Anger","Combust"],"picked":"Carnage","floor":1},{"not_picked":["Clash","Wild Strike"],"picked":"Iron Wave","floor":2},{"not_picked":["Sentinel","Iron Wave"],"picked":"Thunderclap","floor":3},{"not_picked":["Evolve","Thunderclap"],"picked":"Armaments","floor":4},{"not_picked":["Headbutt","Demon Form"],"picked":"Seeing Red","floor":5},{"not_picked":["Warcry","Entrench"],"picked":"Rampage","floor":7},{"not_picked":["Intimidate","Iron Wave"],"picked":"Pommel Strike","floor":8},{"not_picked":["Inflame","Pommel Strike"],"picked":"Dropkick","floor":10},{"not_picked":["Perfected Strike","Heavy Blade"],"picked":"Cleave","floor":12},{"not_picked":["Warcry","Ghostly Armor"],"picked":"Power Through","floor":13},{"not_picked":["Sever Soul","Dropkick"],"picked":"Body Slam","floor":14},{"not_picked":["Wild Strike","Body Slam"],"picked":"Heavy Blade","floor":15},{"not_picked":["Impervious","Brutality"],"picked":"Feed","floor":16},{"not_picked":["Clash","Dropkick+1"],"picked":"Twin Strike","floor":18},{"not_picked":["Seeing Red","Cleave"],"picked":"Wild Strike","floor":19},{"not_picked":["Sword Boomerang","Clash"],"picked":"Entrench","floor":23},{"not_picked":["Havoc","Shrug It Off"],"picked":"Clothesline+1","floor":24},{"not_picked":["Power Through","Clothesline","Shrug It Off"],"picked":"SKIP","floor":25},{"not_picked":["Iron Wave","Sentinel+1"],"picked":"Spot Weakness","floor":27},{"not_picked":["Pommel Strike","Dropkick"],"picked":"Reckless Charge","floor":28},{"not_picked":["Armaments","Dropkick"],"picked":"Bludgeon","floor":29},{"not_picked":["Iron Wave","Reckless Charge+1"],"picked":"Perfected Strike+1","floor":30},{"not_picked":["Sentinel+1","Hemokinesis"],"picked":"Perfected Strike","floor":31},{"not_picked":["Cleave+1","Iron Wave+1"],"picked":"Metallicize","floor":32},{"not_picked":["Exhume","Fiend Fire"],"picked":"Immolate","floor":33},{"not_picked":["Carnage","Evolve+1"],"picked":"Flame Barrier","floor":35},{"not_picked":["Fire Breathing","Bloodletting+1"],"picked":"Headbutt","floor":36},{"not_picked":["Wild Strike","Evolve"],"picked":"Fire Breathing+1","floor":38},{"not_picked":["Havoc","Headbutt+1"],"picked":"Burning Pact+1","floor":39},{"not_picked":["Perfected Strike+1","Twin Strike"],"picked":"Anger+1","floor":40},{"not_picked":["Spot Weakness+1","Pommel Strike"],"picked":"Seeing Red","floor":42},{"not_picked":["Body Slam+1","Power Through","Shrug It Off+1"],"picked":"Sentinel","floor":44},{"not_picked":["Perfected Strike","Iron Wave+1","Headbutt"],"picked":"Clash+1","floor":45},{"not_picked":["Second Wind","Metallicize+1","Thunderclap+1"],"picked":"Whirlwind+1","floor":46},{"not_picked":["Twin Strike","True Grit+1","Clash+1","Heavy Blade+1"],"picked":"Singing Bowl","floor":47},{"not_picked":["Body Slam+1","Immolate","Iron Wave"],"picked":"Metallicize+1","floor":48},{"not_picked":["Twin Strike+1","Shrug It Off+1","Cleave"],"picked":"Flex+1","floor":49}],"player_experience":218437,"relics_obtained":[{"floor":7,"key":"Bronze Scales"},{"floor":9,"key":"Dream Catcher"},{"floor":10,"key":"Smiling Mask"},{"floor":11,"key":"Blood Vial"},{"floor":14,"key":"Odd Mushroom"},{"floor":21,"key":"Necronomicon"},{"floor":23,"key":"Bag of Preparation"},{"floor":25,"key":"Matryoshka"},{"floor":26,"key":"Mummified Hand"},{"floor":26,"key":"Boot"},{"floor":28,"key":"Singing Bowl"},{"floor":31,"key":"Potion Belt"},{"floor":41,"key":"Bag of Marbles"},{"floor":41,"key":"Ancient Tea Set"},{"floor":42,"key":"Juzu Bracelet"},{"floor":43,"key":"Question Card"},{"floor":45,"key":"Incense Burner"}],"event_choices":[{"damage_healed":0,"gold_gain":0,"player_choice":"Relic","damage_taken":0,"max_hp_gain":0,"max_hp_loss":0,"event_name":"Wheel of Change","floor":11,"gold_loss":0},{"damage_healed":0,"gold_gain":0,"player_choice":"Fought Mushrooms","damage_taken":0,"max_hp_gain":0,"max_hp_loss":0,"event_name":"Mushrooms","floor":14,"gold_loss":0},{"damage_healed":0,"gold_gain":0,"player_choice":"Obtained Book","damage_taken":16,"max_hp_gain":0,"max_hp_loss":0,"event_name":"Cursed Tome","floor":21,"gold_loss":0},{"cards_removed":["Defend_R"],"damage_healed":0,"gold_gain":0,"player_choice":"Card Removal","damage_taken":0,"max_hp_gain":0,"max_hp_loss":0,"event_name":"Wheel of Change","floor":22,"gold_loss":0}],"is_beta":false,"boss_relics":[{"not_picked":["Runic Cube","Velvet Choker"],"picked":"Fusion Hammer"},{"not_picked":["Mark of Pain","Black Blood"],"picked":"White Beast Statue"}],"items_purged_floors":[],"is_endless":false,"potions_floor_spawned":[2,3,5,10,12,13,18,23,25,28,30,35,36,38,39,42,44,45,46,47,48],"ascension_level":2}