{"gold_per_floor":[109,124,135,155,126,126,158,39,39,39,4,4,34,34,34,107,107,127,127,137,153,153,153],"floor_reached":23,"playtime":990,"items_purged":[],"score":368,"play_id":"d1d9dddc-c835-47e2-867e-8864ab3625aa","local_time":"20191030152514","is_ascension_mode":true,"campfire_choices":[{"data":"Streamline","floor":6,"key":"SMITH"},{"data":"Genetic Algorithm","floor":10,"key":"SMITH"},{"data":"Glacier","floor":15,"key":"SMITH"}],"neow_cost":"NONE","seed_source_timestamp":1752205784276500,"circlet_count":0,"master_deck":["AscendersBane","Strike_B+1","Strike_B+1","Strike_B+1","Strike_B+1","Defend_B+1","Defend_B+1","Defend_B+1","Defend_B+1","Zap","Dualcast","Sweeping Beam","Streamline+1","Doom and Gloom","Undo+1","Cold Snap","Genetic Algorithm+1","Glacier+1","Self Repair","Cold Snap","Core Surge","Steam Power","Hologram+1","Self Repair+1"],"relics":["Philosopher\u0027s Stone","Symbiotic Virus","Ornamental Fan","Juzu Bracelet","Question Card","Fusion Hammer"],"potions_floor_usage":[7,16,23],"damage_taken":[{"damage":5,"enemies":"Small Slimes","floor":1,"turns":4},{"damage":2,"enemies":"2 Louse","floor":2,"turns":2},{"damage":0,"enemies":"Cultist","floor":3,"turns":2},{"damage":7,"enemies":"Looter","floor":4,"turns":2},{"damage":22,"enemies":"Lagavulin","floor":7,"turns":5},{"damage":12,"enemies":"Gremlin Nob","floor":13,"turns":4},{"damage":12,"enemies":"The Guardian","floor":16,"turns":13},{"damage":0,"enemies":"Chosen","floor":18,"turns":4},{"damage":14,"enemies":"Shell Parasite","floor":20,"turns":7},{"damage":27,"enemies":"Snake Plant","floor":21,"turns":4},{"damage":10,"enemies":"Book of Stabbing","floor":23,"turns":4}],"seed_played":"8849620740904260379","potions_obtained":[{"floor":1,"key":"SkillPotion"},{"floor":7,"key":"AttackPotion"},{"floor":13,"key":"SpeedPotion"},{"floor":16,"key":"SkillPotion"}],"is_trial":false,"path_per_floor":["M","M","M","M","$","R","E","$","T","R","?","?","E","?","R","B",null,"M","?","M","M","?","E"],"character_chosen":"DEFECT","items_purchased":["Cold Snap","Glacier","Self Repair"],"campfire_rested":0,"item_purchase_floors":[5,8,8],"current_hp_per_floor":[59,57,57,50,50,50,28,28,28,28,45,45,40,19,19,14,57,57,37,30,10,10,0],"gold":153,"neow_bonus":"BOSS_RELIC","is_prod":false,"is_daily":false,"chose_seed":false,"campfire_upgraded":3,"win_rate":0,"timestamp":1572463514,"path_taken":["M","M","M","M","$","R","E","$","T","R","?","?","E","?","R","BOSS","M","?","M","M","?","E"],"build_version":"2019-07-17","purchased_purges":0,"victory":false,"max_hp_per_floor":[71,71,71,71,71,71,71,71,71,71,71,71,71,71,71,71,71,71,76,76,76,76,76],"card_choices":[{"not_picked":["Coolheaded","Defragment"],"picked":"Sweeping Beam","floor":1},{"not_picked":["Rip and Tear","Steam"],"picked":"Streamline","floor":2},{"not_picked":["Redo","Gash"],"picked":"Doom and Gloom","floor":3},{"not_picked":["Double Energy","Auto Shields"],"picked":"Undo","floor":4},{"not_picked":["Skim","Reprogram"],"picked":"Genetic Algorithm","floor":7},{"not_picked":["Lockon","Ball Lightning"],"picked":"Cold Snap","floor":13},{"not_picked":["Hyperbeam","Amplify","Fission"],"picked":"Core Surge","floor":16},{"not_picked":["Beam Cell","Barrage","Go for the Eyes"],"picked":"Steam Power","floor":18},{"not_picked":["Conserve Battery","Sweeping Beam","Leap"],"picked":"Hologram+1","floor":20},{"not_picked":["Scrape","Darkness","All For One"],"picked":"Self Repair+1","floor":21}],"player_experience":711474,"relics_obtained":[{"floor":7,"key":"Symbiotic Virus"},{"floor":9,"key":"Ornamental Fan"},{"floor":13,"key":"Question Card"}],"event_choices":[{"damage_healed":17,"gold_gain":0,"player_choice":"Healed","damage_taken":0,"max_hp_gain":0,"max_hp_loss":0,"event_name":"The Cleric","floor":11,"gold_loss":35},{"damage_healed":0,"gold_gain":0,"player_choice":"Gave Potion","damage_taken":0,"relics_obtained":["Juzu Bracelet"],"max_hp_gain":0,"max_hp_loss":0,"event_name":"WeMeetAgain","floor":12,"gold_loss":0},{"damage_healed":0,"gold_gain":0,"player_choice":"Entered Light","damage_taken":21,"max_hp_gain":0,"max_hp_loss":0,"event_name":"Shining Light","floor":14,"gold_loss":0,"cards_upgraded":["Undo","Strike_B"]},{"damage_healed":0,"gold_gain":0,"player_choice":"Shed Blood","damage_taken":25,"max_hp_gain":5,"max_hp_loss":0,"event_name":"Forgotten Altar","floor":19,"gold_loss":0},{"damage_healed":0,"gold_gain":0,"player_choice":"Simplicity","damage_taken":0,"max_hp_gain":0,"max_hp_loss":0,"event_name":"Back to Basics","floor":22,"gold_loss":0,"cards_upgraded":["Strike_B","Strike_B","Strike_B","Defend_B","Defend_B","Defend_B","Defend_B"]}],"is_beta":false,"boss_relics":[{"not_picked":["White Beast Statue","Ectoplasm"],"picked":"Fusion Hammer"}],"items_purged_floors":[],"is_endless":false,"potions_floor_spawned":[1,7,13,16],"killed_by":"Book of Stabbing","ascension_level":17}