{"gold_per_floor":[210,224,224,30,46,73,73,73,96,96,107,142,142,56,56,160,160,175,200,200,214,101,128,181,91,91,111,111,124,157,87,87,185,185,201,218,268,268,268,297,194,210,235,457,472,472,499,512,512,512,512,512,16,50,50],"floor_reached":55,"playtime":5794,"items_purged":["Strike_R"],"score":857,"play_id":"13833e6e-945d-4450-abcb-c6ec1a529520","local_time":"20191030021151","is_ascension_mode":true,"campfire_choices":[{"data":"Body Slam","floor":7,"key":"SMITH"},{"floor":10,"key":"REST"},{"data":"Body Slam","floor":13,"key":"SMITH"},{"data":"Bash","floor":15,"key":"SMITH"},{"floor":28,"key":"REST"},{"data":"Entrench","floor":32,"key":"SMITH"},{"floor":46,"key":"REST"},{"floor":49,"key":"RECALL"},{"data":"Power Through","floor":52,"key":"SMITH"}],"neow_cost":"NONE","seed_source_timestamp":348857238634500,"circlet_count":0,"master_deck":["Strike_R","Strike_R+1","Defend_R","Defend_R+1","Defend_R+1","Defend_R","Bash+1","Body Slam+1","Flame Barrier","Reaper","Body Slam+1","Warcry","Ghostly Armor","Headbutt","Reaper","Feel No Pain","Shrug It Off","Feed","Power Through+1","Rampage+1","Feel No Pain","Shockwave+1","Entrench+1","Metallicize","Inflame","Body Slam+1","Impervious","Feel No Pain","Demon Form","Fire Breathing+1","Bloodletting","Shrug It Off","Spot Weakness","Feel No Pain","Parasite","Heavy Blade+1","Dual Wield","Infernal Blade+1","Warcry+1","Double Tap","Shockwave","Thinking Ahead"],"relics":["Black Blood","Tiny Chest","Centennial Puzzle","Pocketwatch","Red Mask","Toy Ornithopter","Happy Flower","PreservedInsect","Bottled Tornado","Busted Crown","StoneCalendar","Du-Vu Doll","Orichalcum","White Beast Statue","Orrery","Akabeko"],"potions_floor_usage":[6,6,6,12,19,23,33,36,45,50,55,55,55],"damage_taken":[{"damage":7,"enemies":"Small Slimes","floor":1,"turns":4},{"damage":12,"enemies":"Jaw Worm","floor":2,"turns":4},{"damage":1,"enemies":"Cultist","floor":5,"turns":4},{"damage":47,"enemies":"Lagavulin","floor":6,"turns":9},{"damage":5,"enemies":"Looter","floor":11,"turns":3},{"damage":11,"enemies":"3 Sentries","floor":12,"turns":9},{"damage":33,"enemies":"Hexaghost","floor":16,"turns":10},{"damage":0,"enemies":"Chosen","floor":18,"turns":4},{"damage":25,"enemies":"Masked Bandits","floor":19,"turns":6},{"damage":12,"enemies":"3 Byrds","floor":21,"turns":6},{"damage":94,"enemies":"Gremlin Leader","floor":23,"turns":11},{"damage":0,"enemies":"Centurion and Healer","floor":27,"turns":8},{"damage":17,"enemies":"Snecko","floor":29,"turns":6},{"damage":9,"enemies":"Slavers","floor":30,"turns":7},{"damage":56,"enemies":"Champ","floor":33,"turns":11},{"damage":18,"enemies":"Orb Walker","floor":35,"turns":4},{"damage":5,"enemies":"3 Darklings","floor":36,"turns":6},{"damage":14,"enemies":"Mind Bloom Boss Battle","floor":37,"turns":8},{"damage":33,"enemies":"Nemesis","floor":40,"turns":11},{"damage":52,"enemies":"Writhing Mass","floor":42,"turns":7},{"damage":33,"enemies":"Transient","floor":45,"turns":5},{"damage":19,"enemies":"Giant Head","floor":47,"turns":7},{"damage":16,"enemies":"3 Darklings","floor":48,"turns":7},{"damage":104,"enemies":"Donu and Deca","floor":50,"turns":10},{"damage":41,"enemies":"Shield and Spear","floor":54,"turns":7},{"damage":121,"enemies":"The Heart","floor":55,"turns":9}],"seed_played":"409286316484073555","potions_obtained":[{"floor":1,"key":"SpeedPotion"},{"floor":2,"key":"FearPotion"},{"floor":6,"key":"BlessingOfTheForge"},{"floor":18,"key":"Fire Potion"},{"floor":21,"key":"PowerPotion"},{"floor":30,"key":"Weak Potion"},{"floor":33,"key":"Weak Potion"},{"floor":35,"key":"DuplicationPotion"},{"floor":45,"key":"SmokeBomb"},{"floor":48,"key":"Strength Potion"},{"floor":54,"key":"Explosive Potion"}],"is_trial":false,"path_per_floor":["M","M","?","$","M","E","R","?","T","R","M","E","R","$","R","B",null,"M","?","?","M","$","E","T","?","T","M","R","M","E","$","R","B",null,"M","M","?","T","$","E","$","M","T","?","M","R","E","M","R","B",null,"R","$","E","B"],"character_chosen":"IRONCLAD","items_purchased":["Reaper","Fire Potion","Feel No Pain","Shrug It Off","Entrench","Feel No Pain","Spot Weakness","Feel No Pain","Dexterity Potion","Orrery","Shockwave","ColorlessPotion","Thinking Ahead"],"campfire_rested":3,"item_purchase_floors":[4,4,14,14,22,31,41,41,53,53,53,53,53],"current_hp_per_floor":[79,73,57,57,66,29,29,29,29,53,58,68,68,68,68,41,80,83,73,73,82,82,28,28,28,28,49,75,83,89,89,89,48,92,86,92,92,92,92,87,87,66,66,66,55,83,76,95,95,24,98,98,98,87,0],"gold":50,"neow_bonus":"HUNDRED_GOLD","is_prod":false,"is_daily":false,"chose_seed":false,"campfire_upgraded":5,"win_rate":0,"timestamp":1572426711,"path_taken":["M","M","?","$","M","E","R","?","T","R","M","E","R","$","R","BOSS","M","?","?","M","$","E","?","?","T","M","R","M","E","$","R","BOSS","M","?","?","?","$","E","$","M","T","?","?","R","E","M","R","BOSS","R","$","E","BOSS"],"build_version":"2019-10-29","purchased_purges":1,"victory":false,"max_hp_per_floor":[80,80,80,80,80,80,80,80,80,80,80,80,80,80,80,80,80,83,86,86,89,89,89,89,89,89,89,89,89,92,92,92,92,92,92,92,92,92,92,95,95,95,95,95,95,95,95,95,95,98,98,98,98,98,98],"card_choices":[{"not_picked":["Sword Boomerang","Second Wind"],"picked":"Body Slam","floor":1},{"not_picked":["Heavy Blade","Feel No Pain"],"picked":"Flame Barrier","floor":2},{"not_picked":["Headbutt","Twin Strike"],"picked":"Body Slam","floor":5},{"not_picked":["Anger","Fiend Fire"],"picked":"Warcry","floor":6},{"not_picked":["Hemokinesis","Battle Trance"],"picked":"Headbutt","floor":11},{"not_picked":["Sword Boomerang","Flame Barrier"],"picked":"Reaper","floor":12},{"not_picked":["Berserk","Limit Break"],"picked":"Feed","floor":16},{"not_picked":["Headbutt+1","Seeing Red+1"],"picked":"Power Through","floor":18},{"not_picked":["Intimidate","Armaments+1"],"picked":"Rampage+1","floor":19},{"not_picked":["Flex","Cleave"],"picked":"Shockwave+1","floor":21},{"not_picked":["Whirlwind+1","Armaments"],"picked":"Metallicize","floor":23},{"not_picked":["Armaments","Flex+1"],"picked":"Inflame","floor":27},{"not_picked":["Reckless Charge","Rupture"],"picked":"Body Slam+1","floor":29},{"not_picked":["Fire Breathing","Combust+1"],"picked":"Impervious","floor":30},{"not_picked":["Feed","Offering"],"picked":"Demon Form","floor":33},{"not_picked":[],"picked":"Fire Breathing+1","floor":35},{"not_picked":[],"picked":"Bloodletting","floor":36},{"not_picked":[],"picked":"Shrug It Off","floor":37},{"not_picked":["Perfected Strike+1"],"picked":"SKIP","floor":40},{"not_picked":["Anger"],"picked":"SKIP","floor":42},{"not_picked":[],"picked":"Heavy Blade+1","floor":45},{"not_picked":["Corruption"],"picked":"SKIP","floor":47},{"not_picked":[],"picked":"Dual Wield","floor":48},{"not_picked":[],"picked":"Infernal Blade+1","floor":53},{"not_picked":[],"picked":"Warcry+1","floor":53},{"not_picked":[],"picked":"Double Tap","floor":53},{"not_picked":["Thunderclap"],"picked":"SKIP","floor":54}],"player_experience":87727,"relics_obtained":[{"floor":6,"key":"Tiny Chest"},{"floor":9,"key":"Centennial Puzzle"},{"floor":12,"key":"Pocketwatch"},{"floor":19,"key":"Red Mask"},{"floor":23,"key":"Toy Ornithopter"},{"floor":24,"key":"Happy Flower"},{"floor":26,"key":"PreservedInsect"},{"floor":30,"key":"Bottled Tornado"},{"floor":37,"key":"StoneCalendar"},{"floor":40,"key":"Du-Vu Doll"},{"floor":43,"key":"Orichalcum"},{"floor":47,"key":"White Beast Statue"},{"floor":54,"key":"Akabeko"}],"event_choices":[{"damage_healed":0,"gold_gain":0,"player_choice":"Entered Light","damage_taken":16,"max_hp_gain":0,"max_hp_loss":0,"event_name":"Shining Light","floor":3,"gold_loss":0,"cards_upgraded":["Defend_R","Strike_R"]},{"damage_healed":0,"gold_gain":0,"cards_transformed":["Strike_R"],"player_choice":"Change","damage_taken":0,"max_hp_gain":0,"max_hp_loss":0,"event_name":"Living Wall","floor":8,"gold_loss":0,"cards_obtained":["Ghostly Armor"]},{"damage_healed":0,"gold_gain":0,"player_choice":"Fought Bandits","damage_taken":0,"max_hp_gain":0,"max_hp_loss":0,"event_name":"Masked Bandits","floor":19,"gold_loss":0},{"damage_healed":0,"gold_gain":0,"player_choice":"Copied","damage_taken":0,"max_hp_gain":0,"max_hp_loss":0,"event_name":"Duplicator","floor":20,"gold_loss":0,"cards_obtained":["Feel No Pain"]},{"cards_removed":["Strike_R"],"damage_healed":0,"gold_gain":0,"player_choice":"Upgrade and Remove","damage_taken":0,"max_hp_gain":0,"max_hp_loss":0,"event_name":"Designer","floor":25,"gold_loss":90,"cards_upgraded":["Defend_R"]},{"damage_healed":0,"gold_gain":0,"player_choice":"Fight","damage_taken":0,"max_hp_gain":0,"max_hp_loss":0,"event_name":"MindBloom","floor":37,"gold_loss":0},{"damage_healed":0,"gold_gain":222,"player_choice":"Wore Mask","damage_taken":0,"max_hp_gain":0,"max_hp_loss":0,"event_name":"Tomb of Lord Red Mask","floor":44,"gold_loss":0}],"is_beta":true,"boss_relics":[{"not_picked":["Runic Cube","Empty Cage"],"picked":"Black Blood"},{"not_picked":["Sozu","SlaversCollar"],"picked":"Busted Crown"}],"items_purged_floors":[22],"is_endless":false,"potions_floor_spawned":[1,2,6,18,21,30,33,35,45,48,54],"killed_by":"The Heart","ascension_level":1}