{"gold_per_floor":[115,129,140,140,49,49,74,74,74,74,106,120,120,148,148,148],"floor_reached":16,"playtime":464,"items_purged":[],"score":144,"play_id":"3a207884-1c1e-4c32-925f-c42d9ed9a0dc","local_time":"20191010000802","is_ascension_mode":true,"campfire_choices":[{"data":"Bash","floor":6,"key":"SMITH"},{"floor":8,"key":"REST"},{"data":"Whirlwind","floor":10,"key":"SMITH"},{"floor":15,"key":"REST"}],"neow_cost":"NONE","seed_source_timestamp":31619402432400,"circlet_count":0,"master_deck":["Strike_R","Strike_R","Strike_R","Strike_R","Defend_R","Defend_R","Defend_R","Defend_R","Bash+1","Body Slam","Carnage","Spot Weakness","Whirlwind+1","Havoc","Sentinel","Entrench","Flame Barrier"],"relics":["Burning Blood","NeowsBlessing","Singing Bowl","Dodecahedron","The Courier","Smiling Mask"],"potions_floor_usage":[13,14,16],"damage_taken":[{"damage":0,"enemies":"Cultist","floor":1,"turns":1},{"damage":0,"enemies":"2 Louse","floor":2,"turns":1},{"damage":0,"enemies":"Jaw Worm","floor":3,"turns":1},{"damage":61,"enemies":"Lagavulin","floor":7,"turns":8},{"damage":32,"enemies":"Gremlin Nob","floor":11,"turns":4},{"damage":12,"enemies":"Looter","floor":12,"turns":3},{"damage":0,"enemies":"Blue Slaver","floor":13,"turns":1},{"damage":10,"enemies":"3 Sentries","floor":14,"turns":3},{"damage":41,"enemies":"The Guardian","floor":16,"turns":8}],"seed_played":"-2722767444687873742","potions_obtained":[{"floor":1,"key":"PowerPotion"},{"floor":7,"key":"SmokeBomb"},{"floor":12,"key":"Explosive Potion"}],"is_trial":false,"path_per_floor":["M","M","M","?","$","R","E","R","T","R","E","M","M","E","R","B"],"character_chosen":"IRONCLAD","items_purchased":["Whirlwind","Havoc"],"campfire_rested":2,"item_purchase_floors":[5,5],"current_hp_per_floor":[80,80,80,73,73,73,18,42,42,42,16,12,18,14,38,0],"gold":148,"neow_bonus":"THREE_ENEMY_KILL","is_prod":false,"is_daily":false,"chose_seed":false,"campfire_upgraded":2,"win_rate":0,"timestamp":1570691282,"path_taken":["M","M","?","?","?","R","E","R","T","R","E","M","M","E","R","BOSS"],"build_version":"2019-07-17","purchased_purges":0,"victory":false,"max_hp_per_floor":[80,80,80,80,80,80,80,80,80,80,80,82,82,82,82,82],"card_choices":[{"not_picked":["Disarm","Armaments"],"picked":"Body Slam","floor":1},{"not_picked":["Iron Wave","Second Wind"],"picked":"Carnage","floor":2},{"not_picked":["Thunderclap","Inflame"],"picked":"Spot Weakness","floor":3},{"not_picked":["Armaments","Twin Strike"],"picked":"Sentinel","floor":7},{"not_picked":["Twin Strike","Clash"],"picked":"Entrench","floor":11},{"not_picked":["Clothesline","Heavy Blade","Uppercut"],"picked":"Singing Bowl","floor":12},{"not_picked":["Armaments","Rage"],"picked":"Flame Barrier","floor":14}],"player_experience":312615,"relics_obtained":[{"floor":7,"key":"Singing Bowl"},{"floor":9,"key":"Dodecahedron"},{"floor":11,"key":"The Courier"},{"floor":14,"key":"Smiling Mask"}],"event_choices":[{"cards_removed":["Strike_R"],"damage_healed":0,"gold_gain":0,"player_choice":"Card Removal","damage_taken":7,"max_hp_gain":0,"max_hp_loss":0,"event_name":"Golden Wing","floor":4,"gold_loss":0}],"is_beta":false,"boss_relics":[],"items_purged_floors":[],"is_endless":false,"potions_floor_spawned":[1,7,12],"killed_by":"The Guardian","ascension_level":4}