{"gold_per_floor":[110,124,74,74,74,104,116,132,132,148,24,37,37,66,66,166,166,184,201,201,229,248,282,328,361,436,463,463,463,476,486,486,583,583,599,821,921,349,363,363,380,407,432,84,84,119,134,144,144,144],"floor_reached":51,"playtime":3896,"items_purged":["Strike_B"],"score":827,"play_id":"11ad065c-276c-4c58-861e-7e2062bf27e0","local_time":"20190916232804","is_ascension_mode":false,"campfire_choices":[{"data":"Zap","floor":13,"key":"SMITH"},{"data":"Redo","floor":15,"key":"SMITH"},{"data":"1","floor":29,"key":"LIFT"},{"floor":32,"key":"REST"},{"data":"2","floor":40,"key":"LIFT"},{"floor":49,"key":"REST"}],"neow_cost":"NONE","seed_source_timestamp":1807271803468500,"circlet_count":0,"master_deck":["Strike_B+1","Defend_B+1","Zap+1","Dualcast","Chill","Self Repair","Leap","Doom and Gloom","Redo+1","Conserve Battery","Coolheaded","Reinforced Body","Electrodynamics","Ball Lightning","Sweeping Beam","Chill","Streamline","Barrage","Fusion+1","Thunder Strike","Beam Cell","Static Discharge+1","Stack","Beam Cell","Biased Cognition","Cold Snap+1","Capacitor","BootSequence","Double Energy+1","Streamline+1","Double Energy+1","Seek","Gash+1","Loop+1"],"relics":["Cracked Core","NeowsBlessing","Boot","Bag of Marbles","Pear","SacredBark","Red Mask","PreservedInsect","Regal Pillow","Girya","Eternal Feather","MealTicket","Nilry\u0027s Codex","Empty Cage","Unceasing Top","Bag of Preparation","Calipers","Ginger","Ancient Tea Set","DollysMirror","Dream Catcher","Bird Faced Urn"],"potions_floor_usage":[16,16,16,23,30,35,37,41,42,46,50,50,50],"damage_taken":[{"damage":0,"enemies":"2 Louse","floor":1,"turns":1},{"damage":0,"enemies":"Small Slimes","floor":2,"turns":1},{"damage":0,"enemies":"Lagavulin","floor":6,"turns":1},{"damage":2,"enemies":"Jaw Worm","floor":7,"turns":3},{"damage":0,"enemies":"Lots of Slimes","floor":8,"turns":2},{"damage":0,"enemies":"Large Slime","floor":10,"turns":5},{"damage":7,"enemies":"Exordium Wildlife","floor":12,"turns":4},{"damage":0,"enemies":"3 Sentries","floor":14,"turns":8},{"damage":34,"enemies":"Hexaghost","floor":16,"turns":10},{"damage":5,"enemies":"Chosen","floor":18,"turns":6},{"damage":8,"enemies":"2 Thieves","floor":19,"turns":4},{"damage":0,"enemies":"Masked Bandits","floor":21,"turns":3},{"damage":9,"enemies":"Chosen and Byrds","floor":22,"turns":5},{"damage":13,"enemies":"Gremlin Leader","floor":23,"turns":4},{"damage":10,"enemies":"Slavers","floor":25,"turns":4},{"damage":22,"enemies":"Gremlin Leader","floor":27,"turns":6},{"damage":10,"enemies":"Centurion and Healer","floor":30,"turns":5},{"damage":21,"enemies":"Snake Plant","floor":31,"turns":3},{"damage":52,"enemies":"Automaton","floor":33,"turns":11},{"damage":7,"enemies":"Orb Walker","floor":35,"turns":4},{"damage":29,"enemies":"Mind Bloom Boss Battle","floor":37,"turns":6},{"damage":29,"enemies":"3 Darklings","floor":39,"turns":3},{"damage":16,"enemies":"Jaw Worm Horde","floor":41,"turns":3},{"damage":37,"enemies":"Reptomancer","floor":42,"turns":5},{"damage":41,"enemies":"Nemesis","floor":46,"turns":5},{"damage":12,"enemies":"Sphere and 2 Shapes","floor":47,"turns":3},{"damage":20,"enemies":"4 Shapes","floor":48,"turns":3},{"damage":48,"enemies":"Awakened One","floor":50,"turns":10}],"seed_played":"4563584945278870284","potions_obtained":[{"floor":1,"key":"Block Potion"},{"floor":6,"key":"Fire Potion"},{"floor":8,"key":"GamblersBrew"},{"floor":10,"key":"Strength Potion"},{"floor":21,"key":"FocusPotion"},{"floor":22,"key":"Weak Potion"},{"floor":27,"key":"Dexterity Potion"},{"floor":33,"key":"Weak Potion"},{"floor":39,"key":"LiquidBronze"},{"floor":42,"key":"AttackPotion"},{"floor":46,"key":"SpeedPotion"}],"is_trial":false,"path_per_floor":["M","M","?","?","?","E","M","M","T","M","$","M","R","E","R","B",null,"M","M","?","?","M","E","T","E","T","E","?","R","M","M","R","B",null,"M","?","?","$","M","R","M","E","T","$","?","E","M","M","R","B",null],"character_chosen":"DEFECT","items_purchased":["Coolheaded","Bag of Preparation","Regen Potion","Strength Potion","Calipers","Strength Potion","DollysMirror","Dream Catcher"],"campfire_rested":2,"item_purchase_floors":[11,38,38,38,38,44,44,44],"current_hp_per_floor":[75,75,75,60,60,60,65,72,72,75,75,75,75,85,85,51,85,85,77,77,84,82,69,69,59,59,44,28,43,40,26,81,36,85,85,85,63,78,49,64,48,45,45,60,60,26,20,11,69,27],"gold":144,"neow_bonus":"THREE_ENEMY_KILL","is_prod":false,"is_daily":false,"chose_seed":false,"campfire_upgraded":2,"win_rate":0.0,"timestamp":1568701684,"path_taken":["M","M","?","?","?","E","M","?","T","M","$","M","R","E","R","BOSS","M","M","?","?","M","E","?","E","T","E","?","R","M","M","R","BOSS","M","?","?","$","M","R","M","E","T","?","?","E","?","M","R","BOSS"],"build_version":"2019-09-16","purchased_purges":1,"victory":true,"max_hp_per_floor":[75,75,75,75,75,75,75,75,75,75,75,75,75,85,85,85,85,85,85,85,85,85,85,85,85,85,85,85,85,85,85,85,85,85,85,85,85,85,85,85,85,85,85,85,85,85,85,85,85,85],"card_choices":[{"not_picked":["Static Discharge","Steam"],"picked":"Chill","floor":1},{"not_picked":["FTL","Stack"],"picked":"Self Repair","floor":2},{"not_picked":["Compile Driver","Machine Learning"],"picked":"Leap","floor":6},{"not_picked":["Chill","Auto Shields"],"picked":"Doom and Gloom","floor":7},{"not_picked":["Hologram","Steam"],"picked":"Redo","floor":8},{"not_picked":["Ball Lightning","Leap"],"picked":"Conserve Battery","floor":10},{"not_picked":["Streamline","Steam"],"picked":"Conserve Battery","floor":12},{"not_picked":["Self Repair","Force Field"],"picked":"Reinforced Body","floor":14},{"not_picked":["Multi-Cast","Fission"],"picked":"Electrodynamics","floor":16},{"not_picked":["Chill","Auto Shields"],"picked":"Ball Lightning","floor":18},{"not_picked":["Consume","Static Discharge"],"picked":"Sweeping Beam","floor":19},{"not_picked":["Coolheaded+1","Stack"],"picked":"Barrage","floor":21},{"not_picked":["Reprogram+1","Gash"],"picked":"Fusion+1","floor":22},{"not_picked":["Chill","Redo+1"],"picked":"Thunder Strike","floor":23},{"not_picked":["Force Field+1","Fusion"],"picked":"Beam Cell","floor":25},{"not_picked":["Gash+1","Ball Lightning"],"picked":"Static Discharge+1","floor":27},{"not_picked":["Redo","Beam Cell"],"picked":"Stack","floor":30},{"not_picked":["Ball Lightning","Steam"],"picked":"Beam Cell","floor":31},{"not_picked":["Fission","Buffer"],"picked":"Biased Cognition","floor":33},{"not_picked":["Barrage+1","Rip and Tear"],"picked":"Cold Snap+1","floor":35},{"not_picked":["Barrage","Hologram"],"picked":"Capacitor","floor":37},{"not_picked":["Steam","Stack+1"],"picked":"BootSequence","floor":39},{"not_picked":["Gash+1","BootSequence+1"],"picked":"Double Energy+1","floor":41},{"not_picked":["Leap","Self Repair"],"picked":"Streamline+1","floor":42},{"not_picked":["BootSequence","Stack","Leap"],"picked":"SKIP","floor":46},{"not_picked":["Barrage+1","Go for the Eyes"],"picked":"Seek","floor":47},{"not_picked":["Reprogram","Streamline+1"],"picked":"Gash+1","floor":48},{"not_picked":["Static Discharge","Hologram"],"picked":"Loop+1","floor":49}],"player_experience":3078,"relics_obtained":[{"floor":6,"key":"Boot"},{"floor":9,"key":"Bag of Marbles"},{"floor":14,"key":"Pear"},{"floor":21,"key":"Red Mask"},{"floor":23,"key":"PreservedInsect"},{"floor":24,"key":"Regal Pillow"},{"floor":25,"key":"Girya"},{"floor":26,"key":"Eternal Feather"},{"floor":27,"key":"MealTicket"},{"floor":28,"key":"Nilry\u0027s Codex"},{"floor":37,"key":"Unceasing Top"},{"floor":42,"key":"Ginger"},{"floor":43,"key":"Ancient Tea Set"},{"floor":46,"key":"Bird Faced Urn"}],"event_choices":[{"cards_removed":["Strike_B"],"damage_healed":0,"gold_gain":0,"player_choice":"Card Removal","damage_taken":0,"max_hp_gain":0,"max_hp_loss":0,"event_name":"The Cleric","floor":3,"gold_loss":50},{"damage_healed":0,"gold_gain":0,"player_choice":"Entered Light","damage_taken":15,"max_hp_gain":0,"max_hp_loss":0,"event_name":"Shining Light","floor":4,"gold_loss":0,"cards_upgraded":["Defend_B","Strike_B"]},{"cards_removed":["Defend_B"],"damage_healed":0,"gold_gain":0,"player_choice":"Took Card","damage_taken":0,"max_hp_gain":0,"max_hp_loss":0,"event_name":"NoteForYourself","floor":5,"gold_loss":0,"cards_obtained":["Iron Wave"]},{"damage_healed":0,"gold_gain":0,"cards_transformed":["Defend_B","Strike_B"],"player_choice":"Became Test Subject","damage_taken":0,"max_hp_gain":0,"max_hp_loss":0,"event_name":"Drug Dealer","floor":20,"gold_loss":0,"cards_obtained":["Chill","Streamline"]},{"damage_healed":0,"gold_gain":0,"player_choice":"Fought Bandits","damage_taken":0,"max_hp_gain":0,"max_hp_loss":0,"event_name":"Masked Bandits","floor":21,"gold_loss":0},{"damage_healed":0,"gold_gain":0,"player_choice":"Obtained Book","damage_taken":16,"max_hp_gain":0,"max_hp_loss":0,"event_name":"Cursed Tome","floor":28,"gold_loss":0},{"damage_healed":0,"gold_gain":222,"player_choice":"Wore Mask","damage_taken":0,"max_hp_gain":0,"max_hp_loss":0,"event_name":"Tomb of Lord Red Mask","floor":36,"gold_loss":0},{"damage_healed":0,"gold_gain":0,"player_choice":"Fight","damage_taken":0,"max_hp_gain":0,"max_hp_loss":0,"event_name":"MindBloom","floor":37,"gold_loss":0},{"cards_removed":["Conserve Battery"],"damage_healed":0,"gold_gain":0,"player_choice":"Removed Skill","damage_taken":0,"max_hp_gain":0,"max_hp_loss":0,"event_name":"Falling","floor":45,"gold_loss":0}],"is_beta":true,"boss_relics":[{"not_picked":["Runic Pyramid","Velvet Choker"],"picked":"SacredBark"},{"not_picked":["Inserter","Runic Dome"],"picked":"Empty Cage"}],"items_purged_floors":[11],"is_endless":false,"potions_floor_spawned":[1,6,8,10,21,22,27,33,39,42,46,47],"ascension_level":0}