{"gold_per_floor":[16,16,34,48,63,63,98,112,112,43,43,60,88,106,106,177,177,188,214,214,70,86,86],"floor_reached":23,"playtime":2162,"items_purged":["Writhe"],"score":335,"play_id":"a1ff842d-259a-4f5c-bb88-6b069b355dfb","local_time":"20191023013636","is_ascension_mode":true,"campfire_choices":[{"data":"Zap","floor":6,"key":"SMITH"},{"floor":15,"key":"REST"}],"neow_cost":"NO_GOLD","seed_source_timestamp":1096381977663900,"circlet_count":0,"master_deck":["AscendersBane","Strike_B","Defend_B","Defend_B","Defend_B","Defend_B","Zap+1","Dualcast","Loop+1","Recycle","Cold Snap","Coolheaded","Core Surge","Barrage","Conserve Battery","Capacitor","Undo","Sweeping Beam","Consume","Lockon","Core Surge","Reinforced Body","Rainbow"],"relics":["Cracked Core","Orichalcum","Bottled Tornado","Bag of Preparation","Sozu","Bag of Marbles","Mango"],"potions_floor_usage":[7,13,13],"damage_taken":[{"damage":6,"enemies":"2 Louse","floor":1,"turns":4},{"damage":0,"enemies":"Cultist","floor":3,"turns":3},{"damage":2,"enemies":"Jaw Worm","floor":4,"turns":5},{"damage":25,"enemies":"Gremlin Gang","floor":5,"turns":5},{"damage":13,"enemies":"Lagavulin","floor":7,"turns":7},{"damage":3,"enemies":"Red Slaver","floor":8,"turns":3},{"damage":6,"enemies":"Looter","floor":12,"turns":3},{"damage":1,"enemies":"3 Sentries","floor":13,"turns":8},{"damage":5,"enemies":"Lots of Slimes","floor":14,"turns":3},{"damage":9,"enemies":"Hexaghost","floor":16,"turns":12},{"damage":17,"enemies":"3 Byrds","floor":18,"turns":6},{"damage":4,"enemies":"Chosen","floor":22,"turns":4},{"damage":54,"enemies":"Book of Stabbing","floor":23,"turns":6}],"seed_played":"-2221715184226635983","potions_obtained":[{"floor":1,"key":"Poison Potion"},{"floor":4,"key":"FearPotion"},{"floor":5,"key":"SkillPotion"},{"floor":8,"key":"SkillPotion"}],"is_trial":false,"path_per_floor":["M","?","M","M","M","R","E","M","T","$","?","M","E","M","R","B",null,"M","T","?","$","M","E"],"character_chosen":"DEFECT","items_purchased":["Undo","Rainbow"],"campfire_rested":1,"item_purchase_floors":[10,21],"current_hp_per_floor":[62,62,62,60,35,35,22,19,19,19,19,13,12,7,29,20,61,44,44,58,58,54,0],"gold":86,"neow_bonus":"TRANSFORM_TWO_CARDS","is_prod":false,"is_daily":false,"chose_seed":false,"campfire_upgraded":1,"win_rate":0,"timestamp":1571808996,"path_taken":["M","?","M","M","?","R","E","M","T","?","?","?","E","M","R","BOSS","M","?","?","$","M","E"],"build_version":"2019-07-17","purchased_purges":1,"victory":false,"max_hp_per_floor":[75,75,75,75,75,75,75,75,75,75,75,75,75,75,75,75,75,75,75,89,89,89,89],"card_choices":[{"not_picked":["Storm","Beam Cell"],"picked":"Cold Snap","floor":1},{"not_picked":["Gash","Darkness"],"picked":"Coolheaded","floor":3},{"not_picked":["Conserve Battery","Double Energy"],"picked":"Core Surge","floor":4},{"not_picked":["Turbo","Rip and Tear"],"picked":"Barrage","floor":5},{"not_picked":["Turbo","Stack"],"picked":"Conserve Battery","floor":7},{"not_picked":["Beam Cell","Lockon"],"picked":"Capacitor","floor":8},{"not_picked":["Blizzard","Gash"],"picked":"Sweeping Beam","floor":12},{"not_picked":["Hello World","Gash"],"picked":"Consume","floor":13},{"not_picked":["Sweeping Beam","Double Energy"],"picked":"Lockon","floor":14},{"not_picked":["All For One","Reboot"],"picked":"Core Surge","floor":16},{"not_picked":["Ball Lightning","Rebound"],"picked":"Reinforced Body","floor":18},{"not_picked":["Consume","Doom and Gloom","Hello World"],"picked":"SKIP","floor":22}],"player_experience":514624,"relics_obtained":[{"floor":7,"key":"Orichalcum"},{"floor":9,"key":"Bottled Tornado"},{"floor":13,"key":"Bag of Preparation"},{"floor":19,"key":"Bag of Marbles"}],"event_choices":[{"damage_healed":0,"gold_gain":0,"player_choice":"Upgraded","damage_taken":0,"max_hp_gain":0,"max_hp_loss":0,"event_name":"Upgrade Shrine","floor":2,"gold_loss":0,"cards_upgraded":["Loop"]},{"cards_removed":["Strike_B"],"damage_healed":0,"gold_gain":0,"player_choice":"Offered Basic","damage_taken":0,"max_hp_gain":0,"max_hp_loss":0,"event_name":"Bonfire Elementals","floor":11,"gold_loss":0},{"damage_healed":0,"gold_gain":0,"player_choice":"Opened","damage_taken":0,"relics_obtained":["Mango"],"max_hp_gain":0,"max_hp_loss":0,"event_name":"The Mausoleum","floor":20,"gold_loss":0,"cards_obtained":["Writhe"]}],"is_beta":false,"boss_relics":[{"not_picked":["Cursed Key","Nuclear Battery"],"picked":"Sozu"}],"items_purged_floors":[21],"is_endless":false,"potions_floor_spawned":[1,4,5,8],"killed_by":"Book of Stabbing","ascension_level":13}