{"gold_per_floor":[219,15,26,40,60,60,85,85,85,85,103,128,139,165,165,242,242,258,258,269,269,194,194,207,221,221,221,235,235,248,263,263,337,337,352,94,109,109,109,142,142,167,167,181,1,21,21,21,21,21],"floor_reached":50,"playtime":4562,"items_purged":["Strike_B","Parasite","Strike_B"],"score":1247,"play_id":"7f10df62-6b83-42fa-bbbc-2a5b22317d21","local_time":"20191030000008","is_ascension_mode":true,"campfire_choices":[{"data":"Genetic Algorithm","floor":6.0,"key":"SMITH"},{"data":"Beam Cell","floor":8.0,"key":"SMITH"},{"data":"Buffer","floor":15.0,"key":"SMITH"},{"data":"Buffer","floor":23.0,"key":"SMITH"},{"data":"Darkness","floor":27,"key":"SMITH"},{"data":"Hologram","floor":29,"key":"SMITH"},{"floor":32,"key":"REST"},{"data":"Echo Form","floor":41,"key":"SMITH"},{"floor":47,"key":"RECALL"},{"data":"Hologram","floor":49,"key":"SMITH"}],"neow_cost":"NONE","seed_source_timestamp":1693051309142400,"circlet_count":0,"master_deck":["AscendersBane","Defend_B","Defend_B","Defend_B","Defend_B","Zap","Dualcast","Genetic Algorithm+1","Melter","Melter","Ball Lightning","Beam Cell+1","Conserve Battery","Buffer+1","Coolheaded","Machine Learning","Buffer+1","Auto Shields","Darkness+1","Ghostly","Ghostly","Ghostly","Hologram+1","Echo Form+1","Master of Strategy","Meteor Strike","Darkness+1","Hologram+1"],"special_seed":0,"relics":["Cracked Core","Vajra","Torii","Gremlin Horn","Mercury Hourglass","Bag of Preparation","Cursed Key","Symbiotic Virus","White Beast Statue","Omamori","Happy Flower","Anchor"],"potions_floor_usage":[31,33,33,37,44,44,44,44,50],"damage_taken":[{"damage":5.0,"enemies":"Small Slimes","floor":1.0,"turns":4.0},{"damage":1.0,"enemies":"Cultist","floor":3.0,"turns":3.0},{"damage":4.0,"enemies":"Jaw Worm","floor":4.0,"turns":3.0},{"damage":5.0,"enemies":"Exordium Thugs","floor":5.0,"turns":3.0},{"damage":10.0,"enemies":"Gremlin Nob","floor":7.0,"turns":3.0},{"damage":7.0,"enemies":"Red Slaver","floor":11.0,"turns":2.0},{"damage":2.0,"enemies":"3 Sentries","floor":12.0,"turns":5.0},{"damage":1.0,"enemies":"2 Fungi Beasts","floor":13.0,"turns":2.0},{"damage":1.0,"enemies":"Lagavulin","floor":14.0,"turns":6.0},{"damage":0.0,"enemies":"Slime Boss","floor":16.0,"turns":8.0},{"damage":0.0,"enemies":"Spheric Guardian","floor":18.0,"turns":2.0},{"damage":13.0,"enemies":"Shell Parasite","floor":20.0,"turns":4.0},{"damage":0,"enemies":"Chosen and Byrds","floor":24,"turns":7},{"damage":0,"enemies":"Centurion and Healer","floor":25,"turns":9},{"damage":0,"enemies":"Snecko","floor":28,"turns":6},{"damage":0,"enemies":"Sentry and Sphere","floor":30,"turns":4},{"damage":22,"enemies":"Chosen and Byrds","floor":31,"turns":9},{"damage":0,"enemies":"Collector","floor":33,"turns":11},{"damage":0,"enemies":"3 Shapes","floor":35,"turns":5},{"damage":0,"enemies":"3 Darklings","floor":37,"turns":6},{"damage":0,"enemies":"Reptomancer","floor":40,"turns":9},{"damage":0,"enemies":"Nemesis","floor":42,"turns":9},{"damage":2,"enemies":"Maw","floor":44,"turns":7},{"damage":0,"enemies":"Transient","floor":46,"turns":6},{"damage":42,"enemies":"Awakened One","floor":50,"turns":9}],"seed_played":"5097544603144784217","potions_obtained":[{"floor":1.0,"key":"SteroidPotion"},{"floor":3.0,"key":"AttackPotion"},{"floor":7.0,"key":"Dexterity Potion"},{"floor":16.0,"key":"Dexterity Potion"},{"floor":18.0,"key":"Dexterity Potion"},{"floor":31,"key":"AttackPotion"},{"floor":33,"key":"Dexterity Potion"},{"floor":35,"key":"Poison Potion"},{"floor":37,"key":"EntropicBrew"},{"floor":44,"key":"Fire Potion"},{"floor":46,"key":"PowerPotion"}],"is_trial":false,"path_per_floor":["M","$","M","M","M","R","E","R","T","?","M","E","M","E","R","B",null,"M","?","M","?","$","R","M","M","T","R","M","R","M","M","R","B",null,"M","$","M","?","?","E","R","E","T","M","$","M","R","?","R","B"],"character_chosen":"DEFECT","items_purchased":["Vajra","Melter","Omamori","Hologram"],"campfire_rested":1,"item_purchase_floors":[2,2,36,45],"current_hp_per_floor":[59,59,58,54,49,49,39,39,39,39,32,30,29,28,28,28,60,60,60,47,35,35,35,35,35,35,35,35,35,35,13,23,23,32,32,32,32,32,32,32,32,32,32,30,30,30,30,32,32,0],"gold":21,"neow_bonus":"HUNDRED_GOLD","is_prod":false,"is_daily":false,"chose_seed":false,"campfire_upgraded":8,"win_rate":0,"timestamp":1572408008,"path_taken":["M","$","M","M","M","R","E","R","T","?","?","E","M","E","R","BOSS","M","?","?","?","?","R","M","M","T","R","M","R","M","?","R","BOSS","M","$","M","?","?","E","R","E","T","?","?","M","R","?","R","BOSS"],"build_version":"2019-07-17","purchased_purges":3,"victory":false,"max_hp_per_floor":[71,71,71,71,71,71,71,71,71,71,71,71,71,71,71,71,71,71,71,71,35,35,35,35,35,35,35,35,35,35,35,35,35,35,35,32,32,32,32,32,32,32,32,32,32,32,32,32,32,32],"card_choices":[{"not_picked":["Compile Driver","Steam Power"],"picked":"Genetic Algorithm","floor":1.0},{"not_picked":["Coolheaded","Leap"],"picked":"Melter","floor":3.0},{"not_picked":["Recycle","Redo"],"picked":"Ball Lightning","floor":4.0},{"not_picked":["Defragment","Loop"],"picked":"Beam Cell","floor":5.0},{"not_picked":["Barrage","Ball Lightning"],"picked":"Conserve Battery","floor":7.0},{"not_picked":["Melter","Reprogram"],"picked":"Coolheaded","floor":11.0},{"not_picked":["Ball Lightning","Conserve Battery","White Noise"],"picked":"SKIP","floor":12.0},{"not_picked":["Beam Cell","Blizzard","Stack"],"picked":"SKIP","floor":13.0},{"not_picked":["Coolheaded","Streamline"],"picked":"Machine Learning","floor":14.0},{"not_picked":["Hyperbeam","Rainbow"],"picked":"Buffer","floor":16.0},{"not_picked":["Redo","Leap","Coolheaded"],"picked":"SKIP","floor":18.0},{"not_picked":["Conserve Battery","Turbo"],"picked":"Darkness","floor":20.0},{"not_picked":["Hello World","Genetic Algorithm"],"picked":"Hologram","floor":24},{"not_picked":["Stack+1","Turbo","Double Energy"],"picked":"SKIP","floor":25},{"not_picked":["White Noise","BootSequence","Core Surge"],"picked":"SKIP","floor":28},{"not_picked":["Ball Lightning","Redo+1","Conserve Battery"],"picked":"SKIP","floor":30},{"not_picked":["Redo","Force Field","Conserve Battery"],"picked":"SKIP","floor":31},{"not_picked":["Rainbow","Biased Cognition"],"picked":"Echo Form","floor":33},{"not_picked":["Steam","Gash","Ball Lightning+1"],"picked":"SKIP","floor":35},{"not_picked":["Go for the Eyes","Lockon","Stack"],"picked":"SKIP","floor":37},{"not_picked":["Sadistic Nature","Discovery"],"picked":"Master of Strategy","floor":38},{"not_picked":["Reinforced Body","Turbo+1","Streamline+1"],"picked":"SKIP","floor":40},{"not_picked":["Beam Cell+1","Cold Snap"],"picked":"Darkness+1","floor":42},{"not_picked":["Lockon","Conserve Battery","Tempest"],"picked":"SKIP","floor":44},{"not_picked":["Beam Cell","Chaos","Meteor Strike"],"picked":"SKIP","floor":46}],"player_experience":695951,"relics_obtained":[{"floor":7.0,"key":"Torii"},{"floor":9.0,"key":"Gremlin Horn"},{"floor":12.0,"key":"Mercury Hourglass"},{"floor":14.0,"key":"Bag of Preparation"},{"floor":26,"key":"Symbiotic Virus"},{"floor":40,"key":"Happy Flower"},{"floor":42,"key":"Anchor"}],"event_choices":[{"damage_healed":0.0,"max_hp_gain":0.0,"max_hp_loss":0.0,"gold_gain":0.0,"cards_transformed":["Strike_B"],"event_name":"Transmorgrifier","player_choice":"Transformed","floor":10.0,"gold_loss":0.0,"damage_taken":0.0,"cards_obtained":["Buffer"]},{"damage_healed":0.0,"max_hp_gain":0.0,"max_hp_loss":0.0,"gold_gain":0.0,"event_name":"Match and Keep!","player_choice":"1 cards matched","floor":19.0,"gold_loss":0.0,"damage_taken":0.0,"cards_obtained":["Auto Shields"]},{"damage_healed":0.0,"max_hp_gain":0.0,"max_hp_loss":36.0,"gold_gain":0.0,"event_name":"Ghosts","player_choice":"Became a Ghost","floor":21.0,"gold_loss":0.0,"damage_taken":0.0,"cards_obtained":["Ghostly","Ghostly","Ghostly"]},{"damage_healed":0,"gold_gain":0,"player_choice":"Memory 1","damage_taken":0,"max_hp_gain":0,"max_hp_loss":0,"event_name":"SensoryStone","floor":38,"gold_loss":0},{"damage_healed":0,"gold_gain":0,"cards_transformed":["Strike_B"],"player_choice":"Transformed","damage_taken":0,"max_hp_gain":0,"max_hp_loss":0,"event_name":"Transmorgrifier","floor":39,"gold_loss":0,"cards_obtained":["Meteor Strike"]},{"damage_healed":6,"gold_gain":0,"player_choice":"Writhe","damage_taken":0,"max_hp_gain":0,"max_hp_loss":0,"event_name":"Winding Halls","floor":48,"gold_loss":0,"cards_obtained":["Writhe"]}],"is_beta":false,"boss_relics":[{"not_picked":["Astrolabe","Orrery"],"picked":"Cursed Key"},{"not_picked":["Black Star","Snecko Eye"],"picked":"White Beast Statue"}],"items_purged_floors":[22,36,45],"is_endless":false,"potions_floor_spawned":[1,3,7,16,18,30,31,33,35,37,40,42,44,46],"killed_by":"Awakened One","ascension_level":17}