{"gold_per_floor":[118,128,145,159,174,200,200,214,283,309,37,37,57,69,69,141,141,157,97,97,107,119,146,146,159,186,204,204,204,204,124,124,201,201,220,55,55,72,72,72,91,91,91,91,102,102],"floor_reached":46,"playtime":4195,"items_purged":["Writhe","Strike_B","Strike_B"],"score":749,"play_id":"f9645a46-a438-4a62-8ce8-ad74b8d19ab1","local_time":"20191023024643","is_ascension_mode":true,"campfire_choices":[{"floor":7,"key":"REST"},{"floor":15,"key":"REST"},{"floor":24,"key":"REST"},{"floor":29,"key":"REST"},{"floor":32,"key":"REST"},{"floor":40,"key":"RECALL"},{"data":"Loop","floor":42,"key":"SMITH"},{"data":"Biased Cognition","floor":44,"key":"SMITH"}],"neow_cost":"TEN_PERCENT_HP_LOSS","seed_source_timestamp":1098562849567400,"circlet_count":0,"master_deck":["AscendersBane","Strike_B","Defend_B","Defend_B","Defend_B","Defend_B","Zap","Dualcast","Electrodynamics","Barrage","Glacier","Defragment","Coolheaded","Sweeping Beam","Genetic Algorithm+1","Barrage","Undo","Self Repair","Compile Driver","Defragment","Biased Cognition+1","Conserve Battery","Go for the Eyes","Reinforced Body","Conserve Battery","Meteor Strike","Force Field+1","Loop+1","Coolheaded+1","Injury","Hologram"],"relics":["Cracked Core","The Courier","Blue Candle","Strawberry","Mercury Hourglass","Calling Bell","Darkstone Periapt","Oddly Smooth Stone","Ice Cream","Turnip","Pen Nib","Enchiridion","Symbiotic Virus","Cursed Key"],"potions_floor_usage":[4,10,16,16,23,23,33,33],"damage_taken":[{"damage":0,"enemies":"Cultist","floor":1,"turns":2},{"damage":5,"enemies":"Small Slimes","floor":2,"turns":4},{"damage":2,"enemies":"Jaw Worm","floor":3,"turns":4},{"damage":9,"enemies":"Lots of Slimes","floor":4,"turns":2},{"damage":6,"enemies":"Blue Slaver","floor":5,"turns":4},{"damage":19,"enemies":"Gremlin Nob","floor":6,"turns":5},{"damage":0,"enemies":"Large Slime","floor":8,"turns":3},{"damage":40,"enemies":"Lagavulin","floor":10,"turns":8},{"damage":9,"enemies":"Lots of Slimes","floor":13,"turns":3},{"damage":0,"enemies":"Looter","floor":14,"turns":4},{"damage":3,"enemies":"The Guardian","floor":16,"turns":10},{"damage":53,"enemies":"2 Thieves","floor":18,"turns":4},{"damage":1,"enemies":"Spheric Guardian","floor":21,"turns":6},{"damage":7,"enemies":"Centurion and Healer","floor":22,"turns":8},{"damage":18,"enemies":"Book of Stabbing","floor":23,"turns":8},{"damage":10,"enemies":"Cultist and Chosen","floor":25,"turns":7},{"damage":9,"enemies":"Shelled Parasite and Fungi","floor":27,"turns":8},{"damage":12,"enemies":"Champ","floor":33,"turns":9},{"damage":13,"enemies":"3 Darklings","floor":35,"turns":3},{"damage":6,"enemies":"3 Shapes","floor":38,"turns":4},{"damage":0,"enemies":"Spire Growth","floor":41,"turns":6},{"damage":6,"enemies":"Maw","floor":45,"turns":12},{"damage":94,"enemies":"Nemesis","floor":46,"turns":15}],"seed_played":"7344800214091268559","potions_obtained":[{"floor":3,"key":"GamblersBrew"},{"floor":5,"key":"LiquidBronze"},{"floor":8,"key":"SkillPotion"},{"floor":13,"key":"SkillPotion"},{"floor":16,"key":"Ancient Potion"},{"floor":21,"key":"PowerPotion"},{"floor":23,"key":"Poison Potion"},{"floor":27,"key":"PowerPotion"},{"floor":33,"key":"FearPotion"},{"floor":38,"key":"Explosive Potion"},{"floor":39,"key":"Ancient Potion"},{"floor":39,"key":"Dexterity Potion"}],"is_trial":false,"path_per_floor":["M","M","M","M","M","E","R","M","T","E","$","?","M","M","R","B",null,"M","$","?","M","M","E","R","M","T","M","?","R","T","$","R","B",null,"M","$","?","M","?","R","M","R","T","R","M","E"],"character_chosen":"DEFECT","items_purchased":["Self Repair","Mercury Hourglass","Compile Driver","Loop"],"campfire_rested":5,"item_purchase_floors":[11,11,11,36],"current_hp_per_floor":[68,63,61,52,46,27,47,47,47,14,14,14,5,12,34,38,66,20,20,20,26,26,15,36,33,33,31,15,36,36,36,57,52,67,54,54,54,55,55,55,62,62,68,68,69,0],"gold":102,"neow_bonus":"THREE_RARE_CARDS","is_prod":false,"is_daily":false,"chose_seed":false,"campfire_upgraded":2,"win_rate":0,"timestamp":1571813203,"path_taken":["M","M","M","?","M","E","R","M","T","E","$","?","M","M","R","BOSS","M","$","?","?","M","E","R","M","T","M","?","R","?","$","R","BOSS","M","?","?","M","?","R","M","R","T","R","M","E"],"build_version":"2019-07-17","purchased_purges":3,"victory":false,"max_hp_per_floor":[68,68,68,68,68,68,68,68,68,75,75,75,75,75,75,75,75,75,75,72,72,72,72,72,72,72,72,72,72,72,72,72,72,72,72,72,72,72,72,72,72,72,78,78,78,78],"card_choices":[{"not_picked":["Echo Form","Machine Learning"],"picked":"Electrodynamics","floor":0},{"not_picked":["Chill","Heatsinks"],"picked":"Barrage","floor":1},{"not_picked":["Beam Cell","Coolheaded"],"picked":"Glacier","floor":2},{"not_picked":["Aggregate","Darkness"],"picked":"Defragment","floor":3},{"not_picked":["Beam Cell","Go for the Eyes"],"picked":"Coolheaded","floor":4},{"not_picked":["Static Discharge","Chaos"],"picked":"Sweeping Beam","floor":5},{"not_picked":["Cold Snap","Doom and Gloom"],"picked":"Genetic Algorithm","floor":6},{"not_picked":["All For One","Go for the Eyes"],"picked":"Barrage","floor":8},{"not_picked":["Doom and Gloom","Sweeping Beam"],"picked":"Undo","floor":10},{"not_picked":["Fusion","Rip and Tear","White Noise"],"picked":"SKIP","floor":13},{"not_picked":["Compile Driver","Static Discharge"],"picked":"Defragment","floor":14},{"not_picked":["Meteor Strike","Reboot"],"picked":"Biased Cognition","floor":16},{"not_picked":["Blizzard","Melter"],"picked":"Conserve Battery","floor":18},{"not_picked":["Beam Cell","Gash"],"picked":"Go for the Eyes","floor":21},{"not_picked":["Scrape","Barrage","Meteor Strike"],"picked":"SKIP","floor":22},{"not_picked":["Chill","Sunder"],"picked":"Reinforced Body","floor":23},{"not_picked":["Tempest","Barrage+1"],"picked":"Conserve Battery","floor":25},{"not_picked":["Rip and Tear","Glacier","Cold Snap"],"picked":"SKIP","floor":27},{"not_picked":["Machine Learning","Hyperbeam"],"picked":"Meteor Strike","floor":33},{"not_picked":["Stack","Fusion"],"picked":"Force Field+1","floor":35},{"not_picked":["Rebound","Compile Driver+1"],"picked":"Coolheaded+1","floor":38},{"not_picked":["Genetic Algorithm","Redo","Cold Snap+1"],"picked":"SKIP","floor":41},{"not_picked":["Redo+1","Stack+1"],"picked":"Hologram","floor":45}],"player_experience":516786,"relics_obtained":[{"floor":6,"key":"The Courier"},{"floor":9,"key":"Blue Candle"},{"floor":10,"key":"Strawberry"},{"floor":17,"key":"Darkstone Periapt"},{"floor":17,"key":"Oddly Smooth Stone"},{"floor":17,"key":"Ice Cream"},{"floor":23,"key":"Turnip"},{"floor":26,"key":"Pen Nib"},{"floor":28,"key":"Enchiridion"},{"floor":30,"key":"Symbiotic Virus"}],"event_choices":[{"damage_healed":0,"gold_gain":0,"player_choice":"Upgraded","damage_taken":0,"max_hp_gain":0,"max_hp_loss":0,"event_name":"Upgrade Shrine","floor":12,"gold_loss":0,"cards_upgraded":["Genetic Algorithm"]},{"cards_removed":["Parasite","Pain"],"damage_healed":0,"gold_gain":0,"player_choice":"Removed Curses","damage_taken":0,"max_hp_gain":0,"max_hp_loss":0,"event_name":"Fountain of Cleansing","floor":20,"gold_loss":0},{"damage_healed":0,"gold_gain":0,"player_choice":"Obtained Book","damage_taken":16,"max_hp_gain":0,"max_hp_loss":0,"event_name":"Cursed Tome","floor":28,"gold_loss":0},{"cards_removed":["Strike_B"],"damage_healed":0,"gold_gain":0,"player_choice":"Removed Attack","damage_taken":0,"max_hp_gain":0,"max_hp_loss":0,"event_name":"Falling","floor":37,"gold_loss":0},{"damage_healed":0,"gold_gain":0,"player_choice":"Got Potions","damage_taken":0,"max_hp_gain":0,"max_hp_loss":0,"event_name":"Lab","floor":39,"gold_loss":0}],"is_beta":false,"boss_relics":[{"not_picked":["Nuclear Battery","Tiny House"],"picked":"Calling Bell"},{"not_picked":["Sozu","FrozenCore"],"picked":"Cursed Key"}],"items_purged_floors":[19,31,36],"is_endless":false,"potions_floor_spawned":[3,5,8,13,16,21,22,23,27,33,38,45],"killed_by":"Nemesis","ascension_level":13}