{"gold_per_floor":[114,114,114,138,157,200,225,225,225,155,171,195,215,215,215,334,334,353,353,353,372,391,391,422,440,521,537,555,555,569,569,569,697,697,718,283,283,283,308,308,332,55,107,107,148,169,11,11,11,11],"floor_reached":50,"playtime":4057,"items_purged":["Normality","Injury"],"score":571,"play_id":"43d7ef01-f20b-4921-8ad2-d8ba29dc115a","local_time":"20190506013421","is_ascension_mode":true,"campfire_choices":[{"floor":8,"key":"REST"},{"data":"Dark Embrace","floor":15,"key":"SMITH"},{"data":"Bludgeon","floor":23,"key":"SMITH"},{"floor":32,"key":"REST"},{"floor":40,"key":"DIG"},{"floor":44,"key":"REST"},{"data":"Double Tap","floor":49,"key":"SMITH"}],"neow_cost":"NONE","seed_source_timestamp":10166575503104,"circlet_count":0,"master_deck":["Defend_R","Defend_R","Defend_R","Bash","Anger+1","Shrug It Off","Headbutt+1","Dark Embrace+1","Intimidate","Twin Strike","Flame Barrier","Thunderclap","Bludgeon+1","Hemokinesis","Bite","Bite","Bite","Bite","Bite","Warcry","Cleave","Feed","Rage","Pommel Strike","Shockwave+1","Headbutt+1","Demon Form","Clumsy","Wild Strike+1","Rupture","Violence","Dramatic Entrance","Whirlwind+1","Power Through","Feel No Pain","Impervious","Disarm+1","Double Tap+1","Doubt"],"relics":["Burning Blood","Golden Idol","Boot","Whetstone","Velvet Choker","Shuriken","Lantern","Paper Frog","Calling Bell","Smiling Mask","Shovel","Letter Opener","Lee\u0027s Waffle","Bag of Preparation","Red Skull","ClockworkSouvenir","Happy Flower","Question Card"],"potions_floor_usage":[6,12,13,16,16,33,33,33,50,50,50],"damage_taken":[{"damage":6,"enemies":"Jaw Worm","floor":1,"turns":3},{"damage":7,"enemies":"2 Louse","floor":4,"turns":2},{"damage":1,"enemies":"Cultist","floor":5,"turns":3},{"damage":32,"enemies":"Lagavulin","floor":6,"turns":6},{"damage":20,"enemies":"Large Slime","floor":7,"turns":6},{"damage":9,"enemies":"Red Slaver","floor":11,"turns":3},{"damage":9,"enemies":"3 Louse","floor":12,"turns":3},{"damage":17,"enemies":"Exordium Thugs","floor":13,"turns":4},{"damage":31,"enemies":"Slime Boss","floor":16,"turns":11},{"damage":10,"enemies":"Spheric Guardian","floor":18,"turns":4},{"damage":3,"enemies":"Chosen","floor":21,"turns":3},{"damage":7,"enemies":"Centurion and Healer","floor":22,"turns":4},{"damage":14,"enemies":"Gremlin Leader","floor":24,"turns":3},{"damage":33,"enemies":"Snake Plant","floor":25,"turns":4},{"damage":27,"enemies":"Snecko","floor":27,"turns":6},{"damage":11,"enemies":"Cultist and Chosen","floor":28,"turns":5},{"damage":15,"enemies":"Snake Plant","floor":30,"turns":3},{"damage":59,"enemies":"Collector","floor":33,"turns":8},{"damage":15,"enemies":"Orb Walker","floor":35,"turns":3},{"damage":34,"enemies":"3 Darklings","floor":39,"turns":6},{"damage":37,"enemies":"Writhing Mass","floor":41,"turns":5},{"damage":36,"enemies":"Nemesis","floor":45,"turns":5},{"damage":0,"enemies":"Maw","floor":46,"turns":4},{"damage":102,"enemies":"Time Eater","floor":50,"turns":11}],"seed_played":"-1593304281662555917","potions_obtained":[{"floor":0,"key":"Fire Potion"},{"floor":0,"key":"Ancient Potion"},{"floor":0,"key":"Ancient Potion"},{"floor":1,"key":"Energy Potion"},{"floor":7,"key":"Poison Potion"},{"floor":11,"key":"Explosive Potion"},{"floor":12,"key":"SteroidPotion"},{"floor":21,"key":"Energy Potion"},{"floor":22,"key":"Dexterity Potion"},{"floor":25,"key":"SpeedPotion"},{"floor":29,"key":"Fire Potion"},{"floor":33,"key":"SmokeBomb"},{"floor":35,"key":"SpeedPotion"},{"floor":46,"key":"LiquidBronze"}],"is_trial":false,"path_per_floor":["M","?","?","M","M","E","M","R","T","$","M","M","M","?","R","B",null,"M","?","?","M","M","R","E","M","T","M","M","?","M","$","R","B",null,"M","$","?","?","M","R","M","$","T","R","E","M","$","?","R","B"],"character_chosen":"IRONCLAD","items_purchased":["Intimidate","Lee\u0027s Waffle","Bag of Preparation","Rupture","ClockworkSouvenir","Feel No Pain","Double Tap","Regen Potion"],"campfire_rested":3,"item_purchase_floors":[10,36,36,36,42,42,47,47],"current_hp_per_floor":[80,60,53,52,57,31,17,41,41,41,38,35,24,80,80,55,80,76,76,56,56,56,56,50,30,30,17,25,25,27,27,46,16,68,65,75,75,70,50,50,27,27,27,49,25,39,39,75,75,0],"gold":11,"neow_bonus":"THREE_SMALL_POTIONS","is_prod":false,"is_daily":false,"chose_seed":false,"campfire_upgraded":3,"win_rate":0,"timestamp":1557131661,"path_taken":["M","?","?","?","M","E","M","R","T","?","M","M","M","?","R","BOSS","M","?","?","M","?","R","E","M","T","M","M","?","?","$","R","BOSS","M","$","?","?","M","R","M","$","T","R","E","M","?","?","R","BOSS"],"build_version":"2019-01-23","purchased_purges":2,"victory":false,"max_hp_per_floor":[80,80,80,80,80,80,80,80,80,80,80,80,80,80,80,80,80,80,80,56,56,56,56,56,59,59,59,62,62,65,65,65,68,68,68,75,75,75,75,75,75,75,75,75,75,75,75,75,75,75],"card_choices":[{"not_picked":["Burning Pact","True Grit"],"picked":"Anger","floor":1},{"not_picked":["Pommel Strike","Uppercut"],"picked":"Shrug It Off","floor":4},{"not_picked":["Clothesline","Ghostly Armor"],"picked":"Blood for Blood","floor":5},{"not_picked":["Iron Wave","True Grit"],"picked":"Headbutt","floor":6},{"not_picked":["Reckless Charge","Inflame"],"picked":"Dark Embrace","floor":7},{"not_picked":["Searing Blow","Power Through"],"picked":"Twin Strike","floor":11},{"not_picked":["Battle Trance","Flex"],"picked":"Flame Barrier","floor":12},{"not_picked":["Shrug It Off","Heavy Blade"],"picked":"Thunderclap","floor":13},{"not_picked":["Juggernaut","Offering"],"picked":"Bludgeon","floor":16},{"not_picked":["Havoc","Thunderclap"],"picked":"Hemokinesis","floor":18},{"not_picked":["Headbutt","Iron Wave"],"picked":"Warcry","floor":21},{"not_picked":["Wild Strike","Flex"],"picked":"Cleave","floor":22},{"not_picked":["Rage","Heavy Blade"],"picked":"Feed","floor":24},{"not_picked":["Thunderclap","Iron Wave+1"],"picked":"Rage","floor":25},{"not_picked":["Body Slam","Second Wind"],"picked":"Pommel Strike","floor":27},{"not_picked":["Fire Breathing+1","True Grit"],"picked":"Shockwave+1","floor":28},{"not_picked":["Body Slam","Twin Strike+1"],"picked":"Headbutt+1","floor":30},{"not_picked":["Offering","Barricade"],"picked":"Demon Form","floor":33},{"not_picked":["Anger","Pommel Strike"],"picked":"Wild Strike+1","floor":35},{"not_picked":["Impatience","HandOfGreed"],"picked":"Violence","floor":38},{"not_picked":["Blind","Impatience"],"picked":"Dramatic Entrance","floor":38},{"not_picked":["Warcry","Havoc+1"],"picked":"Whirlwind+1","floor":39},{"not_picked":["Clash+1","Warcry"],"picked":"Power Through","floor":41},{"not_picked":["Bloodletting+1","Armaments+1"],"picked":"Impervious","floor":45},{"not_picked":["Rage+1","Iron Wave+1","Battle Trance+1"],"picked":"Disarm+1","floor":46}],"player_experience":94113,"relics_obtained":[{"floor":6,"key":"Boot"},{"floor":9,"key":"Whetstone"},{"floor":24,"key":"Lantern"},{"floor":26,"key":"Paper Frog"},{"floor":34,"key":"Smiling Mask"},{"floor":34,"key":"Shovel"},{"floor":34,"key":"Letter Opener"},{"floor":40,"key":"Red Skull"},{"floor":43,"key":"Happy Flower"},{"floor":45,"key":"Question Card"}],"event_choices":[{"damage_healed":0,"gold_gain":0,"player_choice":"Take Damage","damage_taken":20,"relics_obtained":["Golden Idol"],"max_hp_gain":0,"max_hp_loss":0,"event_name":"Golden Idol","floor":2,"gold_loss":0},{"cards_removed":["Defend_R"],"damage_healed":0,"gold_gain":0,"player_choice":"Card Removal","damage_taken":7,"max_hp_gain":0,"max_hp_loss":0,"event_name":"Golden Wing","floor":3,"gold_loss":0},{"cards_removed":["Blood for Blood"],"damage_healed":56,"gold_gain":0,"player_choice":"Offered Uncommon","damage_taken":0,"max_hp_gain":0,"max_hp_loss":0,"event_name":"Bonfire Elementals","floor":14,"gold_loss":0},{"damage_healed":0,"gold_gain":0,"player_choice":"Opened","damage_taken":0,"relics_obtained":["Shuriken"],"max_hp_gain":0,"max_hp_loss":0,"event_name":"The Mausoleum","floor":19,"gold_loss":0},{"damage_healed":0,"gold_gain":0,"player_choice":"Became a vampire","damage_taken":0,"max_hp_gain":0,"max_hp_loss":24,"event_name":"Vampires","floor":20,"gold_loss":0,"cards_obtained":["Bite","Bite","Bite","Bite","Bite"]},{"damage_healed":0,"gold_gain":0,"player_choice":"Got Potions","damage_taken":0,"max_hp_gain":0,"max_hp_loss":0,"event_name":"Lab","floor":29,"gold_loss":0},{"damage_healed":0,"gold_gain":0,"player_choice":"Ignored","damage_taken":0,"max_hp_gain":0,"max_hp_loss":0,"event_name":"Tomb of Lord Red Mask","floor":37,"gold_loss":0},{"damage_healed":0,"gold_gain":0,"player_choice":"Memory 2","damage_taken":5,"max_hp_gain":0,"max_hp_loss":0,"event_name":"SensoryStone","floor":38,"gold_loss":0},{"damage_healed":36,"gold_gain":0,"player_choice":"Heal","damage_taken":0,"max_hp_gain":0,"max_hp_loss":0,"event_name":"MindBloom","floor":48,"gold_loss":0,"cards_obtained":["Doubt"]}],"is_beta":false,"boss_relics":[{"not_picked":["Coffee Dripper","Sozu"],"picked":"Velvet Choker"},{"not_picked":["Pandora\u0027s Box","Fusion Hammer"],"picked":"Calling Bell"}],"items_purged_floors":[36,42],"is_endless":false,"potions_floor_spawned":[1,7,11,12,21,22,25,30,33,35,46],"killed_by":"Time Eater","ascension_level":1}