{"gold_per_floor":[113,188,188,39,39,70,70,84,84,115,126,126,126,139,139,236,236,246,206,206,220,240,240,303,303,379,395,395,413,424,434,434,531,531,547,99,111,121,137,137],"floor_reached":40,"playtime":1145,"items_purged":["Strike_B","Strike_B"],"score":447,"play_id":"e2c8f0da-4b84-40b8-9046-b16082ed383e","local_time":"20191025170537","is_ascension_mode":false,"campfire_choices":[{"data":"Genetic Algorithm","floor":7,"key":"SMITH"},{"floor":13,"key":"REST"},{"floor":15,"key":"REST"},{"data":"Defragment","floor":23,"key":"SMITH"},{"floor":25,"key":"REST"},{"data":"Seek","floor":32,"key":"SMITH"}],"neow_cost":"NONE","seed_source_timestamp":1326002908695400,"circlet_count":0,"master_deck":["Strike_B","Strike_B","Defend_B","Defend_B","Defend_B","Defend_B","Zap+1","Dualcast+1","Ball Lightning","Defragment+1","Genetic Algorithm+1","Barrage","Gash","Self Repair+1","Gash","Barrage","Conserve Battery","Seek+1","Steam","Coolheaded","Steam+1","Core Surge","Gash+1","Compile Driver"],"relics":["Cracked Core","NeowsBlessing","Gremlin Horn","Cables","Prayer Wheel","Calipers","Busted Crown","Tiny Chest","Dodecahedron","Nuclear Battery","Bag of Marbles","Sling"],"potions_floor_usage":[11,16,16,20,24,33,39,40,40],"damage_taken":[{"damage":0,"enemies":"Jaw Worm","floor":1,"turns":1},{"damage":0,"enemies":"Lagavulin","floor":6,"turns":1},{"damage":0,"enemies":"Small Slimes","floor":8,"turns":1},{"damage":35,"enemies":"Gremlin Nob","floor":10,"turns":4},{"damage":0,"enemies":"2 Louse","floor":11,"turns":2},{"damage":12,"enemies":"Blue Slaver","floor":14,"turns":2},{"damage":11,"enemies":"Hexaghost","floor":16,"turns":8},{"damage":24,"enemies":"2 Thieves","floor":18,"turns":4},{"damage":0,"enemies":"3 Byrds","floor":20,"turns":1},{"damage":22,"enemies":"Shelled Parasite and Fungi","floor":21,"turns":5},{"damage":11,"enemies":"Centurion and Healer","floor":22,"turns":7},{"damage":26,"enemies":"Book of Stabbing","floor":24,"turns":5},{"damage":8,"enemies":"Sentry and Sphere","floor":27,"turns":4},{"damage":1,"enemies":"Cultist and Chosen","floor":29,"turns":6},{"damage":11,"enemies":"Centurion and Healer","floor":30,"turns":8},{"damage":11,"enemies":"Snecko","floor":31,"turns":5},{"damage":48,"enemies":"Champ","floor":33,"turns":10},{"damage":2,"enemies":"3 Shapes","floor":35,"turns":3},{"damage":6,"enemies":"Orb Walker","floor":37,"turns":3},{"damage":22,"enemies":"3 Darklings","floor":38,"turns":5},{"damage":39,"enemies":"Maw","floor":39,"turns":9},{"damage":55,"enemies":"Giant Head","floor":40,"turns":8}],"seed_played":"3373798388636829709","potions_obtained":[{"floor":6,"key":"Dexterity Potion"},{"floor":10,"key":"Explosive Potion"},{"floor":11,"key":"Dexterity Potion"},{"floor":16,"key":"SmokeBomb"},{"floor":18,"key":"Fire Potion"},{"floor":24,"key":"Dexterity Potion"},{"floor":31,"key":"Energy Potion"},{"floor":33,"key":"Dexterity Potion"},{"floor":39,"key":"SneckoOil"}],"is_trial":false,"path_per_floor":["M","?","?","$","?","E","R","M","T","E","M","$","R","M","R","B",null,"M","?","M","M","M","R","E","R","T","M","?","M","M","M","R","B",null,"M","$","M","M","M","E"],"character_chosen":"DEFECT","items_purchased":["Defragment","Bag of Marbles","Sling"],"campfire_rested":3,"item_purchase_floors":[4,36,36],"current_hp_per_floor":[75,64,57,57,42,42,42,42,42,7,7,7,29,17,39,35,75,58,58,58,46,45,45,29,51,51,53,53,62,61,60,60,22,75,75,75,69,57,28,0],"gold":137,"neow_bonus":"THREE_ENEMY_KILL","is_prod":false,"is_daily":false,"chose_seed":false,"campfire_upgraded":3,"win_rate":0,"timestamp":1572037537,"path_taken":["M","?","?","$","?","E","R","M","T","E","M","?","R","M","R","BOSS","M","?","M","?","M","R","E","R","T","M","?","?","M","M","R","BOSS","M","$","M","M","M","E"],"build_version":"2019-07-17","purchased_purges":2,"victory":false,"max_hp_per_floor":[75,75,75,75,75,75,75,75,75,75,75,75,75,75,75,75,75,75,75,75,75,75,75,75,75,75,75,75,75,75,75,75,75,75,75,75,75,75,75,75],"card_choices":[{"not_picked":["Sweeping Beam","Rip and Tear","Ball Lightning"],"picked":"SKIP","floor":1},{"not_picked":["Sweeping Beam","Rip and Tear"],"picked":"Ball Lightning","floor":1},{"not_picked":["Lockon","Rebound"],"picked":"Genetic Algorithm","floor":6},{"not_picked":["Storm","Tempest"],"picked":"Barrage","floor":8},{"not_picked":["Beam Cell","Stack"],"picked":"Gash","floor":10},{"not_picked":["Sunder","Compile Driver"],"picked":"Self Repair","floor":11},{"not_picked":["Auto Shields","Heatsinks"],"picked":"Gash","floor":11},{"not_picked":["Beam Cell","Storm"],"picked":"Barrage","floor":14},{"not_picked":["Streamline","Blizzard"],"picked":"Conserve Battery","floor":14},{"not_picked":["Reboot","Creative AI"],"picked":"Seek","floor":16},{"not_picked":[],"picked":"Steam","floor":18},{"not_picked":[],"picked":"Coolheaded","floor":18},{"not_picked":["Heatsinks"],"picked":"SKIP","floor":21},{"not_picked":["Hologram"],"picked":"SKIP","floor":21},{"not_picked":["Redo"],"picked":"SKIP","floor":22},{"not_picked":["Beam Cell"],"picked":"SKIP","floor":22},{"not_picked":["Sweeping Beam"],"picked":"SKIP","floor":24},{"not_picked":[],"picked":"Steam+1","floor":27},{"not_picked":[],"picked":"Core Surge","floor":27},{"not_picked":["Darkness+1"],"picked":"SKIP","floor":29},{"not_picked":["Rebound"],"picked":"SKIP","floor":29},{"not_picked":["Go for the Eyes"],"picked":"SKIP","floor":30},{"not_picked":["Blizzard+1"],"picked":"SKIP","floor":30},{"not_picked":[],"picked":"Gash+1","floor":31},{"not_picked":[],"picked":"Compile Driver","floor":31},{"not_picked":["Tempest+1"],"picked":"SKIP","floor":35},{"not_picked":["Double Energy"],"picked":"SKIP","floor":35},{"not_picked":["Sweeping Beam"],"picked":"SKIP","floor":37},{"not_picked":["Streamline+1"],"picked":"SKIP","floor":37},{"not_picked":["Compile Driver+1"],"picked":"SKIP","floor":38},{"not_picked":["Skim"],"picked":"SKIP","floor":38},{"not_picked":["Compile Driver"],"picked":"SKIP","floor":39},{"not_picked":["Hologram"],"picked":"SKIP","floor":39}],"player_experience":586832,"relics_obtained":[{"floor":6,"key":"Cables"},{"floor":9,"key":"Prayer Wheel"},{"floor":10,"key":"Calipers"},{"floor":24,"key":"Tiny Chest"},{"floor":26,"key":"Dodecahedron"}],"event_choices":[{"damage_healed":0,"gold_gain":75,"player_choice":"Gather Gold","damage_taken":11,"max_hp_gain":0,"max_hp_loss":0,"event_name":"World of Goop","floor":2,"gold_loss":0},{"damage_healed":0,"gold_gain":0,"player_choice":"Success","damage_taken":7,"relics_obtained":["Gremlin Horn"],"max_hp_gain":0,"max_hp_loss":0,"event_name":"Scrap Ooze","floor":3,"gold_loss":0},{"damage_healed":0,"gold_gain":0,"player_choice":"Entered Light","damage_taken":15,"max_hp_gain":0,"max_hp_loss":0,"event_name":"Shining Light","floor":5,"gold_loss":0,"cards_upgraded":["Zap","Dualcast"]},{"damage_healed":0,"gold_gain":0,"player_choice":"Upgrade","damage_taken":0,"max_hp_gain":0,"max_hp_loss":0,"event_name":"Designer","floor":19,"gold_loss":40,"cards_upgraded":["Self Repair"]},{"damage_healed":0,"gold_gain":0,"player_choice":"0 cards matched","damage_taken":0,"max_hp_gain":0,"max_hp_loss":0,"event_name":"Match and Keep!","floor":28,"gold_loss":0,"cards_obtained":[]}],"is_beta":false,"boss_relics":[{"not_picked":["Runic Dome","Empty Cage"],"picked":"Busted Crown"},{"not_picked":["Orrery","Pandora\u0027s Box"],"picked":"Nuclear Battery"}],"items_purged_floors":[4,36],"is_endless":false,"potions_floor_spawned":[6,10,11,16,18,20,24,31,33,39],"killed_by":"Giant Head","ascension_level":0}