{"gold_per_floor":[16,28,43,57,68,99,99,133,183,183,212,223,251,301,301,378,378,398,412,426,426,166,191,191,225,250,250,270,280,292,292],"floor_reached":31,"playtime":2685,"items_purged":["Strike_B"],"score":664,"play_id":"537e055d-a450-44ec-8a1f-3eb95d7c64f2","local_time":"20191029160121","is_ascension_mode":true,"campfire_choices":[{"data":"Zap","floor":7,"key":"SMITH"},{"data":"Redo","floor":15,"key":"SMITH"},{"floor":24,"key":"REST"},{"data":"Loop","floor":27,"key":"SMITH"}],"neow_cost":"NO_GOLD","seed_source_timestamp":1666252889241100,"circlet_count":0,"master_deck":["AscendersBane","Strike_B","Strike_B","Strike_B","Defend_B","Defend_B","Defend_B","Defend_B","Zap+1","Dualcast","Biased Cognition","Coolheaded","Redo+1","Compile Driver","Self Repair","Self Repair","Streamline","Auto Shields","Coolheaded","Ball Lightning+1","Core Surge+1","Loop+1","FTL","Glacier","Core Surge","Barrage+1","Loop"],"relics":["Cracked Core","Blue Candle","Smiling Mask","Regal Pillow","Gremlin Horn","Vajra","Inserter","DollysMirror","The Courier","Singing Bowl","Whetstone"],"potions_floor_usage":[6,8,11,13,16,20,23,28,30,31],"damage_taken":[{"damage":7,"enemies":"Jaw Worm","floor":1,"turns":3},{"damage":2,"enemies":"Cultist","floor":2,"turns":4},{"damage":7,"enemies":"Small Slimes","floor":3,"turns":3},{"damage":6,"enemies":"Blue Slaver","floor":4,"turns":3},{"damage":1,"enemies":"2 Fungi Beasts","floor":5,"turns":3},{"damage":12,"enemies":"Lagavulin","floor":6,"turns":7},{"damage":25,"enemies":"3 Sentries","floor":8,"turns":8},{"damage":4,"enemies":"Lagavulin","floor":11,"turns":5},{"damage":10,"enemies":"Large Slime","floor":12,"turns":6},{"damage":13,"enemies":"Gremlin Nob","floor":13,"turns":3},{"damage":0,"enemies":"The Guardian","floor":16,"turns":9},{"damage":5,"enemies":"Chosen","floor":18,"turns":4},{"damage":4,"enemies":"Spheric Guardian","floor":19,"turns":4},{"damage":28,"enemies":"Snecko","floor":20,"turns":6},{"damage":43,"enemies":"Book of Stabbing","floor":23,"turns":7},{"damage":32,"enemies":"Gremlin Leader","floor":25,"turns":10},{"damage":30,"enemies":"Centurion and Healer","floor":28,"turns":6},{"damage":0,"enemies":"3 Cultists","floor":29,"turns":5},{"damage":22,"enemies":"Snake Plant","floor":30,"turns":5},{"damage":45,"enemies":"Book of Stabbing","floor":31,"turns":5}],"seed_played":"-7183957307744088523","potions_obtained":[{"floor":1,"key":"GamblersBrew"},{"floor":3,"key":"PowerPotion"},{"floor":4,"key":"Dexterity Potion"},{"floor":10,"key":"PowerPotion"},{"floor":10,"key":"Ancient Potion"},{"floor":12,"key":"Fire Potion"},{"floor":16,"key":"Dexterity Potion"},{"floor":18,"key":"SpeedPotion"},{"floor":23,"key":"Energy Potion"},{"floor":25,"key":"SneckoOil"},{"floor":28,"key":"Block Potion"}],"is_trial":false,"path_per_floor":["M","M","M","M","M","E","R","E","T","?","E","M","E","?","R","B",null,"M","M","M","?","$","E","R","E","T","R","M","M","M","E"],"character_chosen":"DEFECT","items_purchased":["DollysMirror"],"campfire_rested":1,"item_purchase_floors":[22],"current_hp_per_floor":[57,55,48,42,48,50,50,39,39,39,42,46,47,47,47,61,69,71,71,57,71,71,28,64,46,46,46,30,46,40,0],"gold":292,"neow_bonus":"THREE_RARE_CARDS","is_prod":false,"is_daily":false,"chose_seed":false,"campfire_upgraded":3,"win_rate":0,"timestamp":1572379281,"path_taken":["M","M","M","M","M","E","R","E","T","?","E","?","E","?","R","BOSS","M","M","M","?","$","E","R","E","T","R","M","M","M","E"],"build_version":"2019-07-17","purchased_purges":1,"victory":false,"max_hp_per_floor":[71,71,71,71,71,71,71,71,71,71,71,71,71,71,71,71,71,71,71,71,71,71,71,71,71,71,71,71,73,75,75],"card_choices":[{"not_picked":["Creative AI","Meteor Strike"],"picked":"Biased Cognition","floor":0},{"not_picked":["Consume","Beam Cell"],"picked":"Coolheaded","floor":1},{"not_picked":["Consume","Storm"],"picked":"Redo","floor":2},{"not_picked":["Steam Power","Heatsinks"],"picked":"Compile Driver","floor":3},{"not_picked":["BootSequence","Rebound"],"picked":"Self Repair","floor":4},{"not_picked":["Leap","Chill"],"picked":"Self Repair","floor":5},{"not_picked":["Meteor Strike","Compile Driver"],"picked":"Streamline","floor":6},{"not_picked":["Redo","Aggregate"],"picked":"Auto Shields","floor":8},{"not_picked":["Hyperbeam","Compile Driver"],"picked":"Coolheaded","floor":11},{"not_picked":["Redo","Static Discharge","Storm"],"picked":"SKIP","floor":12},{"not_picked":["Redo","Reinforced Body"],"picked":"Ball Lightning","floor":13},{"not_picked":["All For One","Seek"],"picked":"Core Surge","floor":16},{"not_picked":["Hologram","Force Field"],"picked":"Loop","floor":18},{"not_picked":["Go for the Eyes","Double Energy"],"picked":"FTL","floor":19},{"not_picked":["Sweeping Beam","Compile Driver"],"picked":"Glacier","floor":20},{"not_picked":["Genetic Algorithm","Reprogram","Skim"],"picked":"SKIP","floor":23},{"not_picked":["Turbo","Gash"],"picked":"Barrage+1","floor":25},{"not_picked":["Sweeping Beam","Aggregate"],"picked":"Loop","floor":28},{"not_picked":["Sweeping Beam","Scrape","Darkness"],"picked":"Singing Bowl","floor":29},{"not_picked":["White Noise+1","Go for the Eyes","Streamline"],"picked":"Singing Bowl","floor":30}],"player_experience":676795,"relics_obtained":[{"floor":6,"key":"Blue Candle"},{"floor":8,"key":"Smiling Mask"},{"floor":9,"key":"Regal Pillow"},{"floor":11,"key":"Gremlin Horn"},{"floor":13,"key":"Vajra"},{"floor":23,"key":"The Courier"},{"floor":25,"key":"Singing Bowl"},{"floor":26,"key":"Whetstone"}],"event_choices":[{"damage_healed":0,"gold_gain":0,"player_choice":"Got Potions","damage_taken":0,"max_hp_gain":0,"max_hp_loss":0,"event_name":"Lab","floor":10,"gold_loss":0},{"damage_healed":0,"gold_gain":50,"player_choice":"Pray","damage_taken":0,"max_hp_gain":0,"max_hp_loss":0,"event_name":"Golden Shrine","floor":14,"gold_loss":0},{"damage_healed":14,"gold_gain":0,"player_choice":"Heal","damage_taken":0,"max_hp_gain":0,"max_hp_loss":0,"event_name":"The Library","floor":21,"gold_loss":0}],"is_beta":false,"boss_relics":[{"not_picked":["Nuclear Battery","Pandora\u0027s Box"],"picked":"Inserter"}],"items_purged_floors":[22],"is_endless":false,"potions_floor_spawned":[1,3,4,5,12,16,18,23,25,28],"killed_by":"Book of Stabbing","ascension_level":17}