{"gold_per_floor":[113,130,205,217,217,217,251,263,339,339,368,382,442,453,453,551,551,565,126,137,137,151,151],"floor_reached":23,"playtime":1610,"items_purged":[],"score":224,"play_id":"dbf2249f-d9dc-4db2-968d-4922d56b5f89","local_time":"20190507014232","is_ascension_mode":true,"campfire_choices":[{"data":"Zap","floor":6,"key":"SMITH"},{"floor":10,"key":"REST"},{"floor":15,"key":"REST"}],"neow_cost":"NONE","seed_source_timestamp":99508057089286,"circlet_count":0,"master_deck":["Strike_B","Strike_B","Strike_B","Defend_B","Defend_B","Defend_B","Defend_B","Zap+1","Dualcast","Gash","Leap","Skim","Melter","Chill","Darkness","Sweeping Beam","Fusion","Loop","Conserve Battery","Gash","Glacier","Cold Snap","Amplify","Chaos+1","Turbo","Storm","Gash","Hologram","Stack","Redo+1","Cold Snap+1","Rebound+1","Recycle"],"relics":["Cracked Core","Prayer Wheel","Mummified Hand","Blood Vial","Tiny Chest","Inserter","Cables","Blue Candle"],"potions_floor_usage":[13,16,16,18,22],"damage_taken":[{"damage":1,"enemies":"Cultist","floor":1,"turns":3},{"damage":3,"enemies":"Small Slimes","floor":2,"turns":2},{"damage":0,"enemies":"2 Louse","floor":4,"turns":3},{"damage":38,"enemies":"Gremlin Nob","floor":7,"turns":5},{"damage":5,"enemies":"Looter","floor":8,"turns":3},{"damage":5,"enemies":"3 Sentries","floor":11,"turns":9},{"damage":7,"enemies":"2 Fungi Beasts","floor":12,"turns":3},{"damage":26,"enemies":"Gremlin Nob","floor":13,"turns":4},{"damage":4,"enemies":"3 Louse","floor":14,"turns":3},{"damage":22,"enemies":"Hexaghost","floor":16,"turns":8},{"damage":11,"enemies":"Chosen","floor":18,"turns":7},{"damage":13,"enemies":"Shell Parasite","floor":20,"turns":6},{"damage":48,"enemies":"Snake Plant","floor":22,"turns":6},{"damage":16,"enemies":"Gremlin Leader","floor":23,"turns":1}],"seed_played":"4097219384745744617","potions_obtained":[{"floor":2,"key":"SkillPotion"},{"floor":7,"key":"Swift Potion"},{"floor":14,"key":"FearPotion"},{"floor":16,"key":"SkillPotion"},{"floor":18,"key":"Dexterity Potion"}],"is_trial":false,"path_per_floor":["M","M","?","M","?","R","E","M","T","R","E","M","E","M","R","B",null,"M","$","M","?","M","E"],"character_chosen":"DEFECT","items_purchased":["Storm","Cables","Gash","Hologram","Stack"],"campfire_rested":2,"item_purchase_floors":[19,19,19,19,19],"current_hp_per_floor":[81,78,67,67,67,67,29,24,24,48,43,38,14,12,36,16,82,71,71,60,60,14,0],"gold":151,"neow_bonus":"TEN_PERCENT_HP_BONUS","is_prod":false,"is_daily":false,"chose_seed":false,"campfire_upgraded":1,"win_rate":0,"timestamp":1557218552,"path_taken":["M","M","?","M","?","R","E","M","T","R","E","M","E","M","R","BOSS","M","$","M","?","M","E"],"build_version":"2019-01-23","purchased_purges":0,"victory":false,"max_hp_per_floor":[82,82,82,82,82,82,82,82,82,82,82,82,82,82,82,82,82,82,82,82,82,82,82],"card_choices":[{"not_picked":["Redo","Rebound"],"picked":"Gash","floor":1},{"not_picked":["Stack","Coolheaded"],"picked":"Leap","floor":2},{"not_picked":["Steam","Steam Power"],"picked":"Skim","floor":4},{"not_picked":["Defragment","Biased Cognition"],"picked":"Chill","floor":7},{"not_picked":["Blizzard","Coolheaded"],"picked":"Darkness","floor":8},{"not_picked":["Barrage","Force Field"],"picked":"Sweeping Beam","floor":8},{"not_picked":["Hello World","Rebound"],"picked":"Fusion","floor":11},{"not_picked":["Leap","Conserve Battery"],"picked":"Loop","floor":12},{"not_picked":["Lockon","Turbo"],"picked":"Conserve Battery","floor":12},{"not_picked":["Undo","Compile Driver"],"picked":"Gash","floor":13},{"not_picked":["Skim","Coolheaded"],"picked":"Glacier","floor":14},{"not_picked":["Beam Cell","Barrage"],"picked":"Cold Snap","floor":14},{"not_picked":["Buffer","Biased Cognition"],"picked":"Amplify","floor":16},{"not_picked":["Hologram","Coolheaded"],"picked":"Chaos+1","floor":18},{"not_picked":["Streamline","Doom and Gloom"],"picked":"Turbo","floor":18},{"not_picked":["Scrape","Force Field"],"picked":"Redo+1","floor":20},{"not_picked":["Steam","Steam Power"],"picked":"Cold Snap+1","floor":20},{"not_picked":["Gash+1","Coolheaded"],"picked":"Rebound+1","floor":22},{"not_picked":["Steam","Rainbow"],"picked":"Recycle","floor":22}],"player_experience":118512,"relics_obtained":[{"floor":7,"key":"Prayer Wheel"},{"floor":9,"key":"Mummified Hand"},{"floor":11,"key":"Blood Vial"},{"floor":13,"key":"Tiny Chest"}],"event_choices":[{"damage_healed":0,"gold_gain":75,"player_choice":"Gather Gold","damage_taken":11,"max_hp_gain":0,"max_hp_loss":0,"event_name":"World of Goop","floor":3,"gold_loss":0},{"damage_healed":0,"gold_gain":0,"cards_transformed":["Strike_B"],"player_choice":"Change","damage_taken":0,"max_hp_gain":0,"max_hp_loss":0,"event_name":"Living Wall","floor":5,"gold_loss":0,"cards_obtained":["Melter"]},{"damage_healed":0,"gold_gain":0,"player_choice":"Opened","damage_taken":0,"relics_obtained":["Blue Candle"],"max_hp_gain":0,"max_hp_loss":0,"event_name":"The Mausoleum","floor":21,"gold_loss":0}],"is_beta":false,"boss_relics":[{"not_picked":["Tiny House","Velvet Choker"],"picked":"Inserter"}],"items_purged_floors":[],"is_endless":false,"potions_floor_spawned":[2,7,14,16,18],"killed_by":"Gremlin Leader","ascension_level":1}