{"gold_per_floor":[111,123,139,152,168,201,201,228,252,267,294,294,294,328,328,401,401,420,437,437,463,84,119,119,145,145,170,170,170,170,190,190,268,268,282,282,282,282,382,382,415,442,442,442,458,490,490,521,521,521,521,521,4,33,33],"floor_reached":56,"playtime":7409,"items_purged":["Defend_B","Defend_B"],"score":2326,"play_id":"99d09a99-616a-45bb-9448-4c66b4418a3e","local_time":"20191024161759","is_ascension_mode":true,"campfire_choices":[{"floor":7,"key":"REST"},{"data":"Buffer","floor":13,"key":"SMITH"},{"data":"Self Repair","floor":15,"key":"SMITH"},{"data":"Biased Cognition","floor":24,"key":"SMITH"},{"data":"Barrage","floor":29,"key":"SMITH"},{"floor":32,"key":"REST"},{"floor":40,"key":"RECALL"},{"data":"Seek","floor":44,"key":"SMITH"},{"data":"Consume","floor":49,"key":"SMITH"},{"data":"Coolheaded","floor":52,"key":"SMITH"}],"neow_cost":"NONE","seed_source_timestamp":1230435516515900,"circlet_count":0,"master_deck":["AscendersBane","Strike_B","Strike_B","Strike_B","Strike_B","Defend_B","Defend_B","Zap","Dualcast","Panacea","Doom and Gloom+1","Conserve Battery","Compile Driver+1","Self Repair+1","Glacier","Leap","Auto Shields","Buffer+1","Biased Cognition+1","Barrage+1","Beam Cell+1","Capacitor+1","Capacitor","Consume+1","Barrage","Seek+1","Coolheaded+1","Go for the Eyes+1","Reprogram+1","PanicButton","Discovery"],"relics":["Cracked Core","Omamori","Orichalcum","Juzu Bracelet","Boot","Centennial Puzzle","Runic Pyramid","Red Mask","DataDisk","Whetstone","Art of War","Dream Catcher","FossilizedHelix","Smiling Mask","Nilry\u0027s Codex","Coffee Dripper","Mercury Hourglass","Nunchaku","Potion Belt","PreservedInsect","The Courier","Pear","Happy Flower","Sling","Du-Vu Doll"],"potions_floor_usage":[6,6,14,16,23,33,33,55,55,55,55],"damage_taken":[{"damage":1,"enemies":"Cultist","floor":1,"turns":4},{"damage":2,"enemies":"Jaw Worm","floor":2,"turns":3},{"damage":0,"enemies":"Small Slimes","floor":3,"turns":3},{"damage":9,"enemies":"Exordium Thugs","floor":4,"turns":4},{"damage":16,"enemies":"3 Louse","floor":5,"turns":2},{"damage":30,"enemies":"3 Sentries","floor":6,"turns":7},{"damage":18,"enemies":"Lagavulin","floor":8,"turns":6},{"damage":2,"enemies":"Large Slime","floor":10,"turns":7},{"damage":0,"enemies":"3 Sentries","floor":11,"turns":7},{"damage":0,"enemies":"Gremlin Nob","floor":14,"turns":6},{"damage":18,"enemies":"The Guardian","floor":16,"turns":14},{"damage":2,"enemies":"Shell Parasite","floor":18,"turns":8},{"damage":0,"enemies":"Chosen","floor":19,"turns":7},{"damage":18,"enemies":"Masked Bandits","floor":21,"turns":8},{"damage":19,"enemies":"Slavers","floor":23,"turns":10},{"damage":33,"enemies":"Gremlin Leader","floor":25,"turns":7},{"damage":0,"enemies":"Slavers","floor":27,"turns":7},{"damage":0,"enemies":"Snake Plant","floor":31,"turns":5},{"damage":0,"enemies":"Collector","floor":33,"turns":11},{"damage":0,"enemies":"Orb Walker","floor":35,"turns":5},{"damage":0,"enemies":"Mind Bloom Boss Battle","floor":39,"turns":9},{"damage":0,"enemies":"Giant Head","floor":41,"turns":10},{"damage":9,"enemies":"3 Darklings","floor":45,"turns":6},{"damage":0,"enemies":"Nemesis","floor":46,"turns":6},{"damage":0,"enemies":"Reptomancer","floor":48,"turns":8},{"damage":7,"enemies":"Time Eater","floor":50,"turns":11},{"damage":21,"enemies":"Shield and Spear","floor":54,"turns":6},{"damage":17,"enemies":"The Heart","floor":55,"turns":14}],"seed_played":"-6806739542826494233","potions_obtained":[{"floor":1,"key":"Ancient Potion"},{"floor":3,"key":"Strength Potion"},{"floor":5,"key":"SkillPotion"},{"floor":11,"key":"EssenceOfSteel"},{"floor":14,"key":"Poison Potion"},{"floor":19,"key":"EssenceOfSteel"},{"floor":23,"key":"Swift Potion"},{"floor":25,"key":"FocusPotion"},{"floor":33,"key":"FearPotion"},{"floor":35,"key":"Explosive Potion"},{"floor":39,"key":"SteroidPotion"},{"floor":48,"key":"EssenceOfSteel"},{"floor":54,"key":"SkillPotion"}],"is_trial":false,"path_per_floor":["M","M","M","M","M","E","R","E","T","M","E","?","R","E","R","B",null,"M","M","?","?","$","E","R","E","T","E","?","R","?","M","R","B",null,"M","?","?","?","?","R","E","T","T","R","M","E","?","E","R","B",null,"R","$","E","B",null],"character_chosen":"DEFECT","items_purchased":["DataDisk","Whetstone","Happy Flower","Sling","GamblersBrew","Weak Potion","PowerPotion","AttackPotion"],"campfire_rested":2,"item_purchase_floors":[22,22,53,53,53,53,53,53],"current_hp_per_floor":[63,61,61,52,36,13,34,23,23,28,35,35,35,42,42,34,62,70,71,71,63,63,54,54,31,31,41,41,41,25,35,56,66,70,71,71,71,71,71,71,71,71,71,71,71,71,61,81,81,81,81,81,81,70,63],"gold":33,"neow_bonus":"RANDOM_COLORLESS","is_prod":false,"is_daily":false,"chose_seed":false,"campfire_upgraded":7,"win_rate":0,"timestamp":1571948279,"path_taken":["M","M","M","M","M","E","R","E","T","M","E","?","R","E","R","BOSS","M","M","?","?","$","E","R","E","T","E","?","R","?","M","R","BOSS","M","?","?","?","?","R","E","?","T","R","M","E","?","E","R","BOSS","R","$","E","BOSS"],"build_version":"2019-07-17","purchased_purges":2,"victory":true,"max_hp_per_floor":[71,71,71,71,71,71,71,71,71,71,71,71,71,71,71,71,71,71,71,71,71,71,71,71,71,71,71,71,71,71,71,71,71,71,71,71,71,71,71,71,71,71,71,71,71,71,71,81,81,81,81,81,81,81,81],"card_choices":[{"not_picked":["Compile Driver","Go for the Eyes"],"picked":"Doom and Gloom","floor":1},{"not_picked":["Fusion","Leap"],"picked":"Conserve Battery","floor":2},{"not_picked":["Compile Driver","Gash"],"picked":"FTL","floor":3},{"not_picked":["Skim","Blizzard"],"picked":"Compile Driver","floor":4},{"not_picked":["Redo","Steam"],"picked":"Self Repair","floor":5},{"not_picked":["Ball Lightning","Coolheaded"],"picked":"Glacier","floor":6},{"not_picked":["Stack","Static Discharge"],"picked":"Leap","floor":8},{"not_picked":["Sweeping Beam","White Noise"],"picked":"Auto Shields","floor":10},{"not_picked":["Hologram","Barrage"],"picked":"Buffer","floor":11},{"not_picked":["Tempest","Conserve Battery","Beam Cell"],"picked":"SKIP","floor":14},{"not_picked":["Creative AI","Seek"],"picked":"Biased Cognition","floor":16},{"not_picked":["Chaos","Glacier","Cold Snap"],"picked":"SKIP","floor":18},{"not_picked":["Defragment","Redo"],"picked":"Barrage","floor":19},{"not_picked":["Streamline","Redo"],"picked":"Beam Cell+1","floor":21},{"not_picked":["Doom and Gloom","Multi-Cast","Darkness+1"],"picked":"SKIP","floor":23},{"not_picked":["Force Field","Genetic Algorithm"],"picked":"Capacitor+1","floor":25},{"not_picked":["Beam Cell+1","Leap+1"],"picked":"Capacitor","floor":27},{"not_picked":["Coolheaded","Sweeping Beam","Go for the Eyes"],"picked":"SKIP","floor":31},{"not_picked":["Steam+1","Chill"],"picked":"Barrage","floor":32},{"not_picked":["All For One","Echo Form"],"picked":"Seek","floor":33},{"not_picked":["Recycle","Steam"],"picked":"Coolheaded","floor":35},{"not_picked":["Redo","Sweeping Beam"],"picked":"Go for the Eyes+1","floor":39},{"not_picked":["Ball Lightning+1","Conserve Battery+1"],"picked":"Reprogram+1","floor":41},{"not_picked":["Turbo","Fusion+1","Reprogram"],"picked":"SKIP","floor":45},{"not_picked":["Steam Power","Glacier","Ball Lightning"],"picked":"SKIP","floor":46},{"not_picked":["Forethought","HandOfGreed"],"picked":"PanicButton","floor":47},{"not_picked":["Mind Blast","Good Instincts"],"picked":"Discovery","floor":47},{"not_picked":["Rebound","Beam Cell","Hologram"],"picked":"SKIP","floor":48},{"not_picked":["Reboot","Steam","Barrage"],"picked":"SKIP","floor":54}],"player_experience":562716,"relics_obtained":[{"floor":6,"key":"Omamori"},{"floor":8,"key":"Orichalcum"},{"floor":9,"key":"Juzu Bracelet"},{"floor":11,"key":"Boot"},{"floor":14,"key":"Centennial Puzzle"},{"floor":21,"key":"Red Mask"},{"floor":23,"key":"Art of War"},{"floor":25,"key":"Dream Catcher"},{"floor":26,"key":"FossilizedHelix"},{"floor":27,"key":"Smiling Mask"},{"floor":30,"key":"Nilry\u0027s Codex"},{"floor":39,"key":"Nunchaku"},{"floor":41,"key":"Potion Belt"},{"floor":42,"key":"PreservedInsect"},{"floor":46,"key":"The Courier"},{"floor":48,"key":"Pear"},{"floor":54,"key":"Du-Vu Doll"}],"event_choices":[{"damage_healed":0,"gold_gain":0,"player_choice":"Ignored","damage_taken":0,"max_hp_gain":0,"max_hp_loss":0,"event_name":"Liars Game","floor":12,"gold_loss":0},{"damage_healed":0,"gold_gain":0,"player_choice":"Ignored","damage_taken":0,"max_hp_gain":0,"max_hp_loss":0,"event_name":"Ghosts","floor":20,"gold_loss":0},{"damage_healed":0,"gold_gain":0,"player_choice":"Fought Bandits","damage_taken":0,"max_hp_gain":0,"max_hp_loss":0,"event_name":"Masked Bandits","floor":21,"gold_loss":0},{"damage_healed":0,"gold_gain":0,"player_choice":"Read","damage_taken":0,"max_hp_gain":0,"max_hp_loss":0,"event_name":"The Library","floor":28,"gold_loss":0,"cards_obtained":["Consume"]},{"damage_healed":0,"gold_gain":0,"player_choice":"Obtained Book","damage_taken":16,"max_hp_gain":0,"max_hp_loss":0,"event_name":"Cursed Tome","floor":30,"gold_loss":0},{"damage_healed":18,"gold_gain":0,"player_choice":"Writhe","damage_taken":0,"max_hp_gain":0,"max_hp_loss":0,"event_name":"Winding Halls","floor":36,"gold_loss":0,"cards_obtained":["Writhe"]},{"damage_healed":0,"gold_gain":0,"player_choice":"Gave Potion","damage_taken":0,"relics_obtained":["Mercury Hourglass"],"max_hp_gain":0,"max_hp_loss":0,"event_name":"WeMeetAgain","floor":37,"gold_loss":0},{"cards_removed":["FTL"],"damage_healed":0,"gold_gain":0,"player_choice":"Removed Attack","damage_taken":0,"max_hp_gain":0,"max_hp_loss":0,"event_name":"Falling","floor":38,"gold_loss":0},{"damage_healed":0,"gold_gain":0,"player_choice":"Fight","damage_taken":0,"max_hp_gain":0,"max_hp_loss":0,"event_name":"MindBloom","floor":39,"gold_loss":0},{"damage_healed":0,"gold_gain":0,"player_choice":"Memory 3","damage_taken":10,"max_hp_gain":0,"max_hp_loss":0,"event_name":"SensoryStone","floor":47,"gold_loss":0}],"is_beta":false,"boss_relics":[{"not_picked":["Orrery","Black Star"],"picked":"Runic Pyramid"},{"not_picked":["Philosopher\u0027s Stone","Inserter"],"picked":"Coffee Dripper"}],"items_purged_floors":[22,53],"is_endless":false,"potions_floor_spawned":[1,3,5,11,14,19,23,25,33,35,39,48,54],"ascension_level":14}