{"gold_per_floor":[116,191,156,172,172,172,200,200,200,200,214,243,243,260,260,334,334,351,369,388,260,276,276,276,276,303,403,403],"floor_reached":28,"playtime":1662,"items_purged":["Creative AI"],"score":455,"play_id":"d494dea8-48f0-4b10-8b0c-46fc9d9833b7","local_time":"20191023034743","is_ascension_mode":true,"campfire_choices":[{"data":"Steam","floor":6,"key":"SMITH"},{"data":"Buffer","floor":8,"key":"SMITH"},{"data":"Zap","floor":10,"key":"SMITH"},{"data":"Cold Snap","floor":15,"key":"SMITH"},{"data":"Steam","floor":23,"key":"SMITH"}],"neow_cost":"NONE","seed_source_timestamp":1104757459600200,"circlet_count":0,"master_deck":["AscendersBane","Zap+1","Dualcast","Cold Snap+1","Steam+1","Buffer+1","Ball Lightning","Self Repair+1","Coolheaded","Biased Cognition","Static Discharge","Stack","Machine Learning","Stack","Echo Form","Undo","Ball Lightning","BootSequence","Steam+1","Conserve Battery","Hyperbeam"],"relics":["Cracked Core","NeowsBlessing","Kunai","Juzu Bracelet","Meat on the Bone","StoneCalendar","Pandora\u0027s Box","Vajra","Turnip"],"potions_floor_usage":[16,27,27,28],"damage_taken":[{"damage":0,"enemies":"2 Louse","floor":1,"turns":1},{"damage":0,"enemies":"Small Slimes","floor":4,"turns":1},{"damage":0,"enemies":"Gremlin Nob","floor":7,"turns":1},{"damage":0,"enemies":"Jaw Worm","floor":11,"turns":4},{"damage":0,"enemies":"Lagavulin","floor":12,"turns":6},{"damage":0,"enemies":"2 Fungi Beasts","floor":14,"turns":4},{"damage":14,"enemies":"The Guardian","floor":16,"turns":11},{"damage":0,"enemies":"Spheric Guardian","floor":18,"turns":4},{"damage":0,"enemies":"Chosen","floor":19,"turns":5},{"damage":13,"enemies":"Snake Plant","floor":20,"turns":4},{"damage":25,"enemies":"Sentry and Sphere","floor":22,"turns":4},{"damage":12,"enemies":"Colosseum Slavers","floor":27,"turns":3},{"damage":28,"enemies":"Colosseum Nobs","floor":27,"turns":5},{"damage":44,"enemies":"Slavers","floor":28,"turns":4}],"seed_played":"-1143023001823197907","potions_obtained":[{"floor":4,"key":"GamblersBrew"},{"floor":11,"key":"GamblersBrew"},{"floor":16,"key":"Explosive Potion"},{"floor":27,"key":"Block Potion"}],"is_trial":false,"path_per_floor":["M","?","?","M","T","R","E","R","T","R","M","E","?","M","R","B",null,"M","M","M","$","M","R","?","?","T","?","E"],"character_chosen":"DEFECT","items_purchased":["Steam"],"campfire_rested":0,"item_purchase_floors":[21],"current_hp_per_floor":[68,57,75,75,75,75,75,75,75,75,75,75,75,75,75,71,74,75,75,62,62,69,69,53,53,53,35,0],"gold":403,"neow_bonus":"THREE_ENEMY_KILL","is_prod":false,"is_daily":false,"chose_seed":false,"campfire_upgraded":5,"win_rate":0,"timestamp":1571816863,"path_taken":["M","?","?","M","?","R","E","R","T","R","M","E","?","M","R","BOSS","M","M","M","$","M","R","?","?","T","?","E"],"build_version":"2019-07-17","purchased_purges":1,"victory":false,"max_hp_per_floor":[75,75,75,75,75,75,75,75,75,75,75,75,75,75,75,75,75,75,75,75,75,75,75,75,75,75,75,75],"card_choices":[{"not_picked":["Sweeping Beam","Redo"],"picked":"Cold Snap","floor":1},{"not_picked":["Lockon","Sweeping Beam"],"picked":"Steam","floor":4},{"not_picked":["Rebound","Storm"],"picked":"Buffer","floor":7},{"not_picked":["Turbo","Hologram"],"picked":"Ball Lightning","floor":11},{"not_picked":["Conserve Battery","Cold Snap"],"picked":"Self Repair","floor":12},{"not_picked":["Blizzard","Hello World"],"picked":"Coolheaded","floor":14},{"not_picked":["Thunder Strike","Hyperbeam"],"picked":"Biased Cognition","floor":16},{"not_picked":["Steam","Consume+1"],"picked":"Ball Lightning","floor":18},{"not_picked":["Compile Driver","Coolheaded","Rebound"],"picked":"SKIP","floor":19},{"not_picked":["Sweeping Beam","Hologram"],"picked":"BootSequence","floor":20},{"not_picked":["Coolheaded","Reinforced Body"],"picked":"Conserve Battery","floor":22}],"player_experience":522955,"relics_obtained":[{"floor":5,"key":"Kunai"},{"floor":7,"key":"Juzu Bracelet"},{"floor":9,"key":"Meat on the Bone"},{"floor":12,"key":"StoneCalendar"},{"floor":26,"key":"Vajra"},{"floor":27,"key":"Turnip"}],"event_choices":[{"damage_healed":0,"gold_gain":75,"player_choice":"Gather Gold","damage_taken":11,"max_hp_gain":0,"max_hp_loss":0,"event_name":"World of Goop","floor":2,"gold_loss":0},{"damage_healed":18,"gold_gain":0,"player_choice":"Healed","damage_taken":0,"max_hp_gain":0,"max_hp_loss":0,"event_name":"The Cleric","floor":3,"gold_loss":35},{"damage_healed":0,"gold_gain":0,"player_choice":"Upgraded","damage_taken":0,"max_hp_gain":0,"max_hp_loss":0,"event_name":"Upgrade Shrine","floor":13,"gold_loss":0,"cards_upgraded":["Self Repair"]},{"damage_healed":0,"gold_gain":0,"player_choice":"Obtained Book","damage_taken":16,"max_hp_gain":0,"max_hp_loss":0,"event_name":"Cursed Tome","floor":24,"gold_loss":0},{"damage_healed":0,"gold_gain":0,"cards_transformed":["Tempest"],"player_choice":"Transformed","damage_taken":0,"max_hp_gain":0,"max_hp_loss":0,"event_name":"Transmorgrifier","floor":25,"gold_loss":0,"cards_obtained":["Hyperbeam"]},{"damage_healed":0,"gold_gain":0,"player_choice":"Fight","damage_taken":0,"max_hp_gain":0,"max_hp_loss":0,"event_name":"Colosseum","floor":27,"gold_loss":0},{"damage_healed":0,"gold_gain":0,"player_choice":"Fought Nobs","damage_taken":0,"max_hp_gain":0,"max_hp_loss":0,"event_name":"Colosseum","floor":27,"gold_loss":0}],"is_beta":false,"boss_relics":[{"not_picked":["Lizard Tail","Tiny House"],"picked":"Pandora\u0027s Box"}],"items_purged_floors":[21],"is_endless":false,"potions_floor_spawned":[4,11,16,27,27],"killed_by":"Slavers","ascension_level":13}