{"gold_per_floor":[110,110,73,73,73,108,108,129,129,150,150,189,208,226,226,350,350,365,348,65,65,65,65,65,65,91,91,107,107,133,48,48,48],"floor_reached":33,"playtime":3434,"items_purged":[],"score":251,"play_id":"ebd90a2f-3a2d-414c-9822-8586a4675af1","local_time":"20190303055721","is_ascension_mode":false,"campfire_choices":[{"floor":11,"key":"REST"},{"floor":15,"key":"DIG"},{"floor":23,"key":"REST"},{"floor":27,"key":"REST"},{"floor":32,"key":"DIG"}],"neow_cost":"NONE","seed_source_timestamp":30210257028353,"circlet_count":0,"master_deck":["Strike_B+1","Strike_B","Strike_B","Defend_B+1","Defend_B","Defend_B","Defend_B","Zap","Dualcast","Cold Snap","Blizzard","Heatsinks","Melter","Injury","Glacier","Go for the Eyes","Hello World","Thunder Strike","Beam Cell","BootSequence","Rainbow","Aggregate","Genetic Algorithm","Darkness","Panache","Static Discharge","RitualDagger","Rip and Tear","Chaos","Redo","Undo"],"relics":["Cracked Core","Juzu Bracelet","Dream Catcher","Bloody Idol","Mummified Hand","Shovel","Girya","Orichalcum","Pen Nib","Ancient Tea Set","Vajra","Happy Flower"],"potions_floor_usage":[12,12,16,28],"damage_taken":[{"damage":1,"enemies":"Jaw Worm","floor":1,"turns":3},{"damage":23,"enemies":"3 Sentries","floor":6,"turns":8},{"damage":0,"enemies":"Small Slimes","floor":8,"turns":3},{"damage":0,"enemies":"Cultist","floor":10,"turns":5},{"damage":11,"enemies":"Lagavulin","floor":12,"turns":6},{"damage":3,"enemies":"Blue Slaver","floor":13,"turns":4},{"damage":8,"enemies":"Looter","floor":14,"turns":3},{"damage":16,"enemies":"Hexaghost","floor":16,"turns":13},{"damage":23,"enemies":"3 Byrds","floor":18,"turns":6},{"damage":19,"enemies":"2 Thieves","floor":19,"turns":4},{"damage":25,"enemies":"Sentry and Sphere","floor":28,"turns":5},{"damage":94,"enemies":"Collector","floor":33,"turns":10}],"seed_played":"-8114999510083386775","potions_obtained":[{"floor":6,"key":"AttackPotion"},{"floor":8,"key":"SkillPotion"},{"floor":10,"key":"AttackPotion"},{"floor":16,"key":"FairyPotion"},{"floor":19,"key":"Explosive Potion"}],"is_trial":false,"path_per_floor":["M","?","$","?","?","E","?","M","T","M","R","E","M","M","R","B",null,"M","M","$","?","T","R","?","?","T","R","M","?","T","?","R","B"],"character_chosen":"DEFECT","items_purchased":["Blizzard","Darkness","Panache","Static Discharge"],"campfire_rested":3,"item_purchase_floors":[3,20,20,20],"current_hp_per_floor":[74,79,79,79,63,40,40,40,40,40,64,53,50,42,42,26,80,57,38,38,32,32,56,56,56,61,80,60,60,65,65,65,0],"gold":48,"neow_bonus":"RANDOM_COMMON_RELIC","is_prod":false,"is_daily":false,"chose_seed":false,"campfire_upgraded":0,"win_rate":0.0,"timestamp":1551621441,"path_taken":["M","?","$","?","?","E","?","M","T","M","R","E","M","M","R","BOSS","M","M","$","?","?","R","?","?","T","R","M","?","?","?","R","BOSS"],"build_version":"2019-01-23","purchased_purges":0,"victory":false,"max_hp_per_floor":[75,80,80,80,80,80,80,80,80,80,80,80,80,80,80,80,80,80,80,80,80,80,80,80,80,80,80,80,80,80,80,80,80],"card_choices":[{"not_picked":["Steam","Stack"],"picked":"Cold Snap","floor":1},{"not_picked":["Darkness","Rebound"],"picked":"Melter","floor":6},{"not_picked":["Stack","Storm"],"picked":"Glacier","floor":8},{"not_picked":["Redo","Leap"],"picked":"Go for the Eyes","floor":10},{"not_picked":["Beam Cell","Glacier"],"picked":"Hello World","floor":11},{"not_picked":["Compile Driver","Coolheaded"],"picked":"Thunder Strike","floor":12},{"not_picked":["Aggregate","Coolheaded"],"picked":"Beam Cell","floor":13},{"not_picked":["Glacier","Darkness"],"picked":"BootSequence","floor":14},{"not_picked":["Amplify","Biased Cognition"],"picked":"Rainbow","floor":16},{"not_picked":["Consume","Cold Snap"],"picked":"Aggregate","floor":18},{"not_picked":["Sweeping Beam","Double Energy"],"picked":"Genetic Algorithm","floor":19},{"not_picked":["Hologram+1","Auto Shields"],"picked":"Rip and Tear","floor":23},{"not_picked":["Doom and Gloom","FTL"],"picked":"Chaos","floor":27},{"not_picked":["Rip and Tear","Hello World"],"picked":"Redo","floor":28}],"player_experience":28957,"relics_obtained":[{"floor":6,"key":"Dream Catcher"},{"floor":9,"key":"Mummified Hand"},{"floor":12,"key":"Shovel"},{"floor":15,"key":"Girya"},{"floor":22,"key":"Orichalcum"},{"floor":26,"key":"Pen Nib"},{"floor":30,"key":"Ancient Tea Set"},{"floor":32,"key":"Happy Flower"}],"event_choices":[{"damage_healed":0,"gold_gain":0,"player_choice":"Donut","damage_taken":0,"max_hp_gain":5,"max_hp_loss":0,"event_name":"Big Fish","floor":2,"gold_loss":0},{"damage_healed":0,"gold_gain":0,"cards_transformed":["Strike_B"],"player_choice":"Change","damage_taken":0,"max_hp_gain":0,"max_hp_loss":0,"event_name":"Living Wall","floor":4,"gold_loss":0,"cards_obtained":["Heatsinks"]},{"damage_healed":0,"gold_gain":0,"player_choice":"Entered Light","damage_taken":16,"max_hp_gain":0,"max_hp_loss":0,"event_name":"Shining Light","floor":5,"gold_loss":0,"cards_upgraded":["Strike_B","Defend_B"]},{"damage_healed":0,"gold_gain":0,"player_choice":"Take Wound","damage_taken":0,"relics_obtained":["Golden Idol"],"max_hp_gain":0,"max_hp_loss":0,"event_name":"Golden Idol","floor":7,"gold_loss":0,"cards_obtained":["Injury"]},{"damage_healed":0,"gold_gain":0,"player_choice":"Joined the Cult","damage_taken":6,"max_hp_gain":0,"max_hp_loss":0,"event_name":"Nest","floor":21,"gold_loss":0,"cards_obtained":["RitualDagger"]},{"damage_healed":0,"gold_gain":0,"player_choice":"Gave Idol","damage_taken":0,"relics_obtained":["Bloody Idol"],"max_hp_gain":0,"max_hp_loss":0,"event_name":"Forgotten Altar","floor":24,"relics_lost":["Golden Idol"],"gold_loss":0},{"damage_healed":0,"gold_gain":0,"player_choice":"Ignored","damage_taken":0,"max_hp_gain":0,"max_hp_loss":0,"event_name":"Beggar","floor":25,"gold_loss":0},{"damage_healed":0,"gold_gain":0,"player_choice":"Read","damage_taken":0,"max_hp_gain":0,"max_hp_loss":0,"event_name":"The Library","floor":29,"gold_loss":0,"cards_obtained":["Undo"]},{"damage_healed":0,"gold_gain":0,"player_choice":"Obtained Relic","damage_taken":0,"relics_obtained":["Vajra"],"max_hp_gain":0,"max_hp_loss":0,"event_name":"Addict","floor":31,"gold_loss":85}],"is_beta":false,"boss_relics":[{"not_picked":["Cursed Key","Sozu","Runic Dome"]}],"items_purged_floors":[],"is_endless":false,"potions_floor_spawned":[6,8,10,16,19],"killed_by":"Collector","ascension_level":0}