{"gold_per_floor":[113,113,3,21,21,46,63,63,89,118,138,172,191,191,191,317,317,333,351,33,33],"floor_reached":21,"playtime":842,"items_purged":["Strike_R"],"score":269,"play_id":"1e1f55e2-93fe-4307-b916-a4dac6d69185","local_time":"20191010011802","is_ascension_mode":true,"campfire_choices":[{"data":"Entrench","floor":8,"key":"SMITH"},{"floor":15,"key":"REST"}],"neow_cost":"NONE","seed_source_timestamp":35441881990800,"circlet_count":0,"master_deck":["Strike_R","Strike_R","Strike_R","Strike_R","Defend_R","Defend_R","Defend_R","Bash","Entrench","Pummel","Shrug It Off","Entrench+1","Perfected Strike","Disarm","Pommel Strike","Perfected Strike","Injury","Warcry","Reaper","Infernal Blade+1","Inflame","Immolate"],"relics":["Burning Blood","NeowsBlessing","Dream Catcher","PreservedInsect","Blue Candle","Bronze Scales","Golden Idol","Eternal Feather","Blood Vial"],"potions_floor_usage":[10,12,16],"damage_taken":[{"damage":0,"enemies":"Cultist","floor":1,"turns":1},{"damage":0,"enemies":"Jaw Worm","floor":4,"turns":1},{"damage":0,"enemies":"3 Sentries","floor":6,"turns":2},{"damage":2,"enemies":"Small Slimes","floor":7,"turns":3},{"damage":24,"enemies":"Lagavulin","floor":10,"turns":5},{"damage":15,"enemies":"3 Louse","floor":11,"turns":3},{"damage":32,"enemies":"Gremlin Nob","floor":12,"turns":4},{"damage":17,"enemies":"Exordium Thugs","floor":13,"turns":4},{"damage":36,"enemies":"Hexaghost","floor":16,"turns":9},{"damage":38,"enemies":"Chosen","floor":18,"turns":6},{"damage":39,"enemies":"Shell Parasite","floor":19,"turns":7},{"damage":25,"enemies":"Centurion and Healer","floor":21,"turns":3}],"seed_played":"-472995666423930438","potions_obtained":[{"floor":1,"key":"Fire Potion"},{"floor":7,"key":"Strength Potion"},{"floor":11,"key":"LiquidBronze"},{"floor":16,"key":"Ancient Potion"},{"floor":19,"key":"LiquidBronze"}],"is_trial":false,"path_per_floor":["M","?","$","M","?","E","M","R","T","E","M","E","M","?","R","B",null,"M","M","$","M"],"character_chosen":"IRONCLAD","items_purchased":["Pummel","Blood Vial","Immolate"],"campfire_rested":1,"item_purchase_floors":[3,20,20],"current_hp_per_floor":[80,80,80,80,73,79,80,80,80,62,53,27,16,16,40,10,80,48,15,15,0],"gold":33,"neow_bonus":"THREE_ENEMY_KILL","is_prod":false,"is_daily":false,"chose_seed":false,"campfire_upgraded":1,"win_rate":0,"timestamp":1570695482,"path_taken":["M","?","?","M","?","E","M","R","T","E","M","E","M","?","R","BOSS","M","M","$","M"],"build_version":"2019-07-17","purchased_purges":1,"victory":false,"max_hp_per_floor":[80,80,80,80,80,80,80,80,80,80,80,80,80,80,80,80,80,80,80,80,80],"card_choices":[{"not_picked":["Body Slam","Armaments"],"picked":"Entrench","floor":1},{"not_picked":["Seeing Red","Iron Wave"],"picked":"Shrug It Off","floor":4},{"not_picked":["Twin Strike","Dropkick"],"picked":"Entrench","floor":6},{"not_picked":["Sword Boomerang","True Grit"],"picked":"Perfected Strike","floor":7},{"not_picked":["Hemokinesis","Reckless Charge"],"picked":"Disarm","floor":10},{"not_picked":["Havoc","Anger"],"picked":"Pommel Strike","floor":11},{"not_picked":["Disarm","Reckless Charge"],"picked":"Perfected Strike","floor":12},{"not_picked":["Clash","True Grit","Fire Breathing"],"picked":"SKIP","floor":13},{"not_picked":["Perfected Strike","Searing Blow"],"picked":"Warcry","floor":15},{"not_picked":["Impervious","Offering"],"picked":"Reaper","floor":16},{"not_picked":["Second Wind","Sword Boomerang+1"],"picked":"Infernal Blade+1","floor":18},{"not_picked":["Flex","Anger"],"picked":"Inflame","floor":19}],"player_experience":316364,"relics_obtained":[{"floor":6,"key":"Dream Catcher"},{"floor":9,"key":"PreservedInsect"},{"floor":10,"key":"Blue Candle"},{"floor":12,"key":"Bronze Scales"}],"event_choices":[{"damage_healed":0,"gold_gain":0,"player_choice":"Full Heal","damage_taken":0,"max_hp_gain":0,"max_hp_loss":0,"event_name":"Wheel of Change","floor":2,"gold_loss":0},{"cards_removed":["Defend_R"],"damage_healed":0,"gold_gain":0,"player_choice":"Card Removal","damage_taken":7,"max_hp_gain":0,"max_hp_loss":0,"event_name":"Golden Wing","floor":5,"gold_loss":0},{"damage_healed":0,"gold_gain":0,"player_choice":"Take Wound","damage_taken":0,"relics_obtained":["Golden Idol"],"max_hp_gain":0,"max_hp_loss":0,"event_name":"Golden Idol","floor":14,"gold_loss":0,"cards_obtained":["Injury"]}],"is_beta":false,"boss_relics":[{"not_picked":["Astrolabe","Sozu"],"picked":"Eternal Feather"}],"items_purged_floors":[3],"is_endless":false,"potions_floor_spawned":[1,7,11,16,19],"killed_by":"Centurion and Healer","ascension_level":4}