{"gold_per_floor":[112,112,122,134,134,162,175,195,195,209,271,241,241,254,254,355,355,374,374,392,492,492,492,511,511,511,511],"floor_reached":27,"playtime":2545,"items_purged":[],"score":251,"play_id":"e37efbc3-55d6-4180-9f44-2a8d043fcfbc","local_time":"20190303033410","is_ascension_mode":true,"campfire_choices":[{"floor":13,"key":"REST"},{"floor":15,"key":"REST"},{"floor":23,"key":"REST"},{"floor":25,"key":"REST"}],"neow_cost":"NONE","seed_source_timestamp":22508516886927,"circlet_count":0,"master_deck":["Strike_R","Strike_R","Strike_R","Strike_R","Strike_R","Defend_R","Defend_R","Defend_R","Defend_R","Bash","Pommel Strike","Bash","Berserk","Power Through","Thunderclap","Searing Blow","True Grit","Shockwave","Whirlwind","Seeing Red","Heavy Blade","Headbutt","Demon Form","Body Slam","Seeing Red","Dropkick","Anger","Pommel Strike","Inflame","Writhe","Pommel Strike+1","Pommel Strike+1","Fire Breathing+1"],"relics":["Burning Blood","NeowsBlessing","Pantograph","Anchor","Mercury Hourglass","WingedGreaves","Orrery","Mummified Hand","Incense Burner","Frozen Egg 2","Peace Pipe"],"potions_floor_usage":[6,7,8,11,16,16,16,16,20,21,21,24],"damage_taken":[{"damage":0,"enemies":"Cultist","floor":1,"turns":1},{"damage":0,"enemies":"Small Slimes","floor":3,"turns":1},{"damage":0,"enemies":"Jaw Worm","floor":4,"turns":1},{"damage":54,"enemies":"Lagavulin","floor":6,"turns":10},{"damage":12,"enemies":"Looter","floor":7,"turns":4},{"damage":11,"enemies":"Exordium Thugs","floor":8,"turns":6},{"damage":0,"enemies":"3 Louse","floor":10,"turns":3},{"damage":28,"enemies":"Lagavulin Event","floor":11,"turns":6},{"damage":2,"enemies":"2 Fungi Beasts","floor":14,"turns":2},{"damage":7,"enemies":"Slime Boss","floor":16,"turns":6},{"damage":3,"enemies":"3 Byrds","floor":18,"turns":4},{"damage":5,"enemies":"Shell Parasite","floor":20,"turns":5},{"damage":49,"enemies":"Colosseum Slavers","floor":21,"turns":6},{"damage":31,"enemies":"Colosseum Nobs","floor":21,"turns":5},{"damage":26,"enemies":"Sentry and Sphere","floor":24,"turns":5},{"damage":32,"enemies":"Slavers","floor":27,"turns":3}],"seed_played":"-3701316422759952295","potions_obtained":[{"floor":4,"key":"Explosive Potion"},{"floor":6,"key":"BloodPotion"},{"floor":7,"key":"Dexterity Potion"},{"floor":8,"key":"Ancient Potion"},{"floor":11,"key":"Poison Potion"},{"floor":12,"key":"Weak Potion"},{"floor":12,"key":"EntropicBrew"},{"floor":20,"key":"Swift Potion"},{"floor":21,"key":"Fire Potion"}],"is_trial":false,"path_per_floor":["M","?","M","M","?","E","M","M","T","M","?","?","R","M","R","B",null,"M","?","M","?","?","R","M","R","T","E"],"character_chosen":"IRONCLAD","items_purchased":[],"campfire_rested":4,"item_purchase_floors":[],"current_hp_per_floor":[80,80,80,80,77,29,31,26,26,32,10,10,34,38,62,79,80,80,80,80,12,3,27,7,31,31,0],"gold":511,"neow_bonus":"THREE_ENEMY_KILL","is_prod":false,"is_daily":false,"chose_seed":false,"campfire_upgraded":0,"win_rate":0,"timestamp":1551612850,"path_taken":["M","?","M","?","?","E","M","M","T","M","?","?","R","M","R","BOSS","M","?","M","?","?","R","M","R","T","E"],"build_version":"2019-01-23","purchased_purges":0,"victory":false,"max_hp_per_floor":[80,80,80,80,80,80,80,80,80,80,80,80,80,80,80,80,80,80,80,80,80,80,80,80,80,80,80],"card_choices":[{"not_picked":["Perfected Strike","Anger"],"picked":"Pommel Strike","floor":1},{"not_picked":["Armaments","Perfected Strike"],"picked":"Thunderclap","floor":3},{"not_picked":["Body Slam","Sword Boomerang"],"picked":"Searing Blow","floor":4},{"not_picked":["Clash","Berserk"],"picked":"True Grit","floor":6},{"not_picked":["Hemokinesis","Burning Pact"],"picked":"Shockwave","floor":7},{"not_picked":["Corruption","Clothesline"],"picked":"Whirlwind","floor":8},{"not_picked":["Twin Strike","Shrug It Off"],"picked":"Seeing Red","floor":10},{"not_picked":["Clash","Body Slam"],"picked":"Heavy Blade","floor":11},{"not_picked":["Clothesline","Twin Strike"],"picked":"Headbutt","floor":14},{"not_picked":["Juggernaut","Double Tap"],"picked":"Demon Form","floor":16},{"not_picked":["Hemokinesis","Burning Pact"],"picked":"Body Slam","floor":17},{"not_picked":["Perfected Strike","Entrench"],"picked":"Seeing Red","floor":17},{"not_picked":["Body Slam","Feel No Pain"],"picked":"Dropkick","floor":17},{"not_picked":["Armaments","Warcry"],"picked":"Anger","floor":17},{"not_picked":["Brutality","Warcry"],"picked":"Pommel Strike","floor":17},{"not_picked":["Searing Blow","True Grit"],"picked":"Inflame","floor":18},{"not_picked":["Anger","True Grit"],"picked":"Pommel Strike+1","floor":20},{"not_picked":["Perfected Strike","Combust"],"picked":"Pommel Strike+1","floor":21},{"not_picked":["Clothesline+1","Thunderclap+1"],"picked":"Fire Breathing+1","floor":24}],"player_experience":21313,"relics_obtained":[{"floor":6,"key":"Anchor"},{"floor":9,"key":"Mercury Hourglass"},{"floor":11,"key":"WingedGreaves"},{"floor":21,"key":"Incense Burner"},{"floor":21,"key":"Frozen Egg 2"},{"floor":26,"key":"Peace Pipe"}],"event_choices":[{"damage_healed":0,"gold_gain":0,"player_choice":"3 cards matched","damage_taken":0,"max_hp_gain":0,"max_hp_loss":0,"event_name":"Match and Keep!","floor":2,"gold_loss":0,"cards_obtained":["Bash","Berserk","Power Through"]},{"damage_healed":0,"gold_gain":0,"player_choice":"Success","damage_taken":3,"relics_obtained":["Pantograph"],"max_hp_gain":0,"max_hp_loss":0,"event_name":"Scrap Ooze","floor":5,"gold_loss":0},{"damage_healed":0,"gold_gain":0,"player_choice":"Searched \u00271\u0027 times","damage_taken":0,"max_hp_gain":0,"max_hp_loss":0,"event_name":"Dead Adventurer","floor":11,"gold_loss":0},{"damage_healed":0,"gold_gain":0,"player_choice":"Bought 2 Potions","damage_taken":0,"max_hp_gain":0,"max_hp_loss":0,"event_name":"The Woman in Blue","floor":12,"gold_loss":0},{"damage_healed":0,"gold_gain":0,"player_choice":"Opened","damage_taken":0,"relics_obtained":["Mummified Hand"],"max_hp_gain":0,"max_hp_loss":0,"event_name":"The Mausoleum","floor":19,"gold_loss":0,"cards_obtained":["Writhe"]},{"damage_healed":0,"gold_gain":0,"player_choice":"Fight","damage_taken":0,"max_hp_gain":0,"max_hp_loss":0,"event_name":"Colosseum","floor":21,"gold_loss":0},{"damage_healed":0,"gold_gain":0,"player_choice":"Fought Nobs","damage_taken":0,"max_hp_gain":0,"max_hp_loss":0,"event_name":"Colosseum","floor":21,"gold_loss":0},{"damage_healed":0,"gold_gain":0,"player_choice":"Stopped","damage_taken":9,"max_hp_gain":0,"max_hp_loss":0,"event_name":"Cursed Tome","floor":22,"gold_loss":0}],"is_beta":false,"boss_relics":[{"not_picked":["Runic Cube","Velvet Choker"],"picked":"Orrery"}],"items_purged_floors":[],"is_endless":false,"potions_floor_spawned":[4,6,7,8,11,20,21],"killed_by":"Slavers","ascension_level":1}