{"gold_per_floor":[110,185,198,198,214,244,244,269,319,334,350,350,91,91,91,168,168,180,192,192,242,24,59,59,91,114,114,114,145,45,63,63,63],"floor_reached":33,"playtime":1417,"items_purged":["Strike_B","Strike_B"],"score":668,"play_id":"4517b528-264b-4094-8156-5ce61e185820","local_time":"20191029193240","is_ascension_mode":true,"campfire_choices":[{"data":"Go for the Eyes","floor":7,"key":"SMITH"},{"data":"Barrage","floor":12,"key":"SMITH"},{"data":"Zap","floor":15,"key":"SMITH"},{"data":"Redo","floor":24,"key":"SMITH"},{"floor":27,"key":"REST"},{"floor":32,"key":"REST"}],"neow_cost":"NONE","seed_source_timestamp":1680201703540400,"circlet_count":0,"master_deck":["AscendersBane","Strike_B","Defend_B","Defend_B","Defend_B","Defend_B","Zap+1","Dualcast","Coolheaded","Leap","Rip and Tear","Go for the Eyes+1","Cold Snap","Barrage+1","Conserve Battery","Rebound","Dark Shackles","All For One","FTL","Redo+1","Streamline","Steam","Compile Driver","FTL","Fission","Go for the Eyes+1"],"relics":["Cracked Core","NeowsBlessing","Cables","Omamori","PreservedInsect","Orrery","Necronomicon","Lee\u0027s Waffle","Frozen Egg 2","Ornamental Fan","Bronze Scales","Art of War"],"potions_floor_usage":[6,8,16,23,33,33],"damage_taken":[{"damage":0,"enemies":"2 Louse","floor":1,"turns":1},{"damage":0,"enemies":"Small Slimes","floor":3,"turns":1},{"damage":0,"enemies":"Jaw Worm","floor":5,"turns":1},{"damage":19,"enemies":"Lagavulin","floor":6,"turns":9},{"damage":5,"enemies":"Gremlin Nob","floor":8,"turns":3},{"damage":3,"enemies":"3 Louse","floor":10,"turns":3},{"damage":0,"enemies":"Large Slime","floor":11,"turns":4},{"damage":0,"enemies":"Hexaghost","floor":16,"turns":9},{"damage":1,"enemies":"Spheric Guardian","floor":18,"turns":3},{"damage":14,"enemies":"Shell Parasite","floor":19,"turns":5},{"damage":31,"enemies":"Slavers","floor":23,"turns":4},{"damage":18,"enemies":"Book of Stabbing","floor":25,"turns":4},{"damage":14,"enemies":"Gremlin Leader","floor":29,"turns":4},{"damage":2,"enemies":"Snake Plant","floor":31,"turns":3},{"damage":65,"enemies":"Collector","floor":33,"turns":7}],"seed_played":"-5133923552441286806","potions_obtained":[{"floor":3,"key":"Dexterity Potion"},{"floor":6,"key":"FearPotion"},{"floor":16,"key":"FearPotion"},{"floor":25,"key":"EssenceOfSteel"},{"floor":29,"key":"Strength Potion"}],"is_trial":false,"path_per_floor":["M","?","M","?","M","E","R","E","T","M","M","R","$","?","R","B",null,"M","M","?","?","$","E","R","E","T","R","?","E","$","M","R","B"],"character_chosen":"DEFECT","items_purchased":["Rebound","Dark Shackles","Strength Potion","Lee\u0027s Waffle"],"campfire_rested":2,"item_purchase_floors":[13,13,13,22],"current_hp_per_floor":[64,53,53,53,53,34,34,29,29,26,26,26,26,19,19,19,58,57,43,22,22,78,47,47,29,29,52,52,38,38,36,59,0],"gold":63,"neow_bonus":"THREE_ENEMY_KILL","is_prod":false,"is_daily":false,"chose_seed":false,"campfire_upgraded":4,"win_rate":0,"timestamp":1572391960,"path_taken":["M","?","M","?","M","E","R","E","T","M","M","R","$","?","R","BOSS","M","M","?","?","$","E","R","E","T","R","?","E","?","M","R","BOSS"],"build_version":"2019-07-17","purchased_purges":2,"victory":false,"max_hp_per_floor":[71,71,71,71,71,71,71,71,71,71,71,71,71,71,71,71,71,71,71,71,71,78,78,78,78,78,78,78,78,78,78,78,78],"card_choices":[{"not_picked":["Sweeping Beam","Hologram"],"picked":"Coolheaded","floor":1},{"not_picked":["Lockon","Turbo"],"picked":"Leap","floor":3},{"not_picked":["Barrage","Consume"],"picked":"Rip and Tear","floor":5},{"not_picked":["Heatsinks","Blizzard"],"picked":"Go for the Eyes","floor":6},{"not_picked":["Loop","Blizzard"],"picked":"Cold Snap","floor":8},{"not_picked":["Loop","Chaos"],"picked":"Barrage","floor":10},{"not_picked":["Aggregate","Coolheaded"],"picked":"Conserve Battery","floor":11},{"not_picked":["Rainbow","Meteor Strike"],"picked":"All For One","floor":16},{"not_picked":["Leap","Blizzard"],"picked":"FTL","floor":17},{"not_picked":["Glacier","Chill"],"picked":"Redo","floor":17},{"not_picked":["Blizzard","Steam Power"],"picked":"Streamline","floor":17},{"not_picked":["Go for the Eyes","Redo"],"picked":"Steam","floor":17},{"not_picked":["Darkness","Melter","Barrage"],"picked":"SKIP","floor":18},{"not_picked":["White Noise+1","Darkness"],"picked":"Compile Driver","floor":19},{"not_picked":["Ball Lightning","Stack"],"picked":"FTL","floor":23},{"not_picked":["Chill+1","Scrape"],"picked":"Fission","floor":25},{"not_picked":["Turbo","Streamline"],"picked":"Go for the Eyes+1","floor":29},{"not_picked":["Conserve Battery","Leap","Stack"],"picked":"SKIP","floor":31}],"player_experience":690205,"relics_obtained":[{"floor":6,"key":"Cables"},{"floor":8,"key":"Omamori"},{"floor":9,"key":"PreservedInsect"},{"floor":20,"key":"Necronomicon"},{"floor":23,"key":"Frozen Egg 2"},{"floor":25,"key":"Ornamental Fan"},{"floor":26,"key":"Bronze Scales"},{"floor":29,"key":"Art of War"}],"event_choices":[{"damage_healed":0,"gold_gain":75,"player_choice":"Gather Gold","damage_taken":11,"max_hp_gain":0,"max_hp_loss":0,"event_name":"World of Goop","floor":2,"gold_loss":0},{"damage_healed":0,"gold_gain":0,"player_choice":"Ignored","damage_taken":0,"max_hp_gain":0,"max_hp_loss":0,"event_name":"Shining Light","floor":4,"gold_loss":0},{"cards_removed":["Strike_B"],"damage_healed":0,"gold_gain":0,"player_choice":"Card Removal","damage_taken":7,"max_hp_gain":0,"max_hp_loss":0,"event_name":"Golden Wing","floor":14,"gold_loss":0},{"damage_healed":0,"gold_gain":0,"player_choice":"Obtained Book","damage_taken":21,"max_hp_gain":0,"max_hp_loss":0,"event_name":"Cursed Tome","floor":20,"gold_loss":0},{"damage_healed":0,"gold_gain":50,"player_choice":"Stole From Cult","damage_taken":0,"max_hp_gain":0,"max_hp_loss":0,"event_name":"Nest","floor":21,"gold_loss":0},{"damage_healed":0,"gold_gain":0,"player_choice":"Ignored","damage_taken":0,"max_hp_gain":0,"max_hp_loss":0,"event_name":"Vampires","floor":28,"gold_loss":0}],"is_beta":false,"boss_relics":[{"not_picked":["Ectoplasm","Velvet Choker"],"picked":"Orrery"}],"items_purged_floors":[13,30],"is_endless":false,"potions_floor_spawned":[3,6,16,25,29],"killed_by":"Collector","ascension_level":17}