{"gold_per_floor":[113,128,128,128,128,128,148,172,172,172,52,70,70,90,90,184,184,209,224,249,249,249],"floor_reached":22,"playtime":1291,"items_purged":["Strike_B"],"score":329,"play_id":"f647b70e-faec-456c-bc3f-ff032bded627","local_time":"20191030021201","is_ascension_mode":true,"campfire_choices":[{"data":"Zap","floor":6,"key":"SMITH"},{"data":"Redo","floor":10,"key":"SMITH"},{"data":"Capacitor","floor":13,"key":"SMITH"},{"data":"Darkness","floor":15,"key":"SMITH"}],"neow_cost":"PERCENT_DAMAGE","seed_source_timestamp":1704287460328400,"circlet_count":0,"master_deck":["AscendersBane","Strike_B","Strike_B","Defend_B","Defend_B","Defend_B","Defend_B","Zap+1","Dualcast","Glacier","Compile Driver","Redo+1","FTL","Capacitor+1","Melter","Darkness+1","Core Surge","Sunder","Defragment","Go for the Eyes"],"relics":["Cracked Core","Golden Idol","Dodecahedron","Blue Candle","Runic Pyramid"],"potions_floor_usage":[16,19],"damage_taken":[{"damage":12,"enemies":"Small Slimes","floor":1,"turns":4},{"damage":0,"enemies":"2 Louse","floor":2,"turns":2},{"damage":0,"enemies":"Cultist","floor":7,"turns":3},{"damage":6,"enemies":"2 Fungi Beasts","floor":8,"turns":5},{"damage":1,"enemies":"Looter","floor":12,"turns":3},{"damage":9,"enemies":"Red Slaver","floor":14,"turns":2},{"damage":19,"enemies":"Slime Boss","floor":16,"turns":6},{"damage":25,"enemies":"2 Thieves","floor":18,"turns":4},{"damage":3,"enemies":"3 Byrds","floor":19,"turns":4},{"damage":27,"enemies":"Snake Plant","floor":20,"turns":6},{"damage":1,"enemies":"Masked Bandits","floor":22,"turns":2}],"seed_played":"1433759428242140097","potions_obtained":[{"floor":1,"key":"GamblersBrew"},{"floor":12,"key":"Fire Potion"},{"floor":14,"key":"Weak Potion"},{"floor":20,"key":"Swift Potion"}],"is_trial":false,"path_per_floor":["M","M","?","?","?","R","M","M","T","R","$","M","R","M","R","B",null,"M","M","M","?","?"],"character_chosen":"DEFECT","items_purchased":["Capacitor"],"campfire_rested":0,"item_purchase_floors":[11],"current_hp_per_floor":[48,48,48,48,48,48,48,42,42,42,42,41,41,32,32,13,61,36,33,6,6,5],"gold":249,"neow_bonus":"TWENTY_PERCENT_HP_BONUS","is_prod":false,"is_daily":false,"chose_seed":false,"campfire_upgraded":4,"win_rate":0,"timestamp":1572415921,"path_taken":["M","M","?","?","?","R","M","M","T","R","$","M","R","M","R","BOSS","M","M","?","?","?"],"build_version":"2019-07-17","purchased_purges":1,"victory":false,"max_hp_per_floor":[85,85,85,77,77,77,77,77,77,77,77,77,77,77,77,77,77,77,77,77,77,77],"card_choices":[{"not_picked":["Cold Snap","Steam"],"picked":"Glacier","floor":1},{"not_picked":["Steam","Scrape"],"picked":"Compile Driver","floor":2},{"not_picked":["Hello World","Turbo"],"picked":"Redo","floor":7},{"not_picked":["Tempest","Leap"],"picked":"FTL","floor":8},{"not_picked":["Cold Snap","Turbo"],"picked":"Melter","floor":12},{"not_picked":["Aggregate","Steam Power"],"picked":"Darkness","floor":14},{"not_picked":["Thunder Strike","Seek"],"picked":"Core Surge","floor":16},{"not_picked":["Streamline","Steam Power"],"picked":"Sunder","floor":18},{"not_picked":["Genetic Algorithm","Conserve Battery"],"picked":"Defragment","floor":19},{"not_picked":["Beam Cell","Cold Snap"],"picked":"Go for the Eyes","floor":20}],"player_experience":700513,"relics_obtained":[{"floor":9,"key":"Blue Candle"}],"event_choices":[{"cards_removed":["Strike_B"],"damage_healed":0,"gold_gain":0,"player_choice":"Forget","damage_taken":0,"max_hp_gain":0,"max_hp_loss":0,"event_name":"Living Wall","floor":3,"gold_loss":0},{"damage_healed":0,"gold_gain":0,"player_choice":"Lose Max HP","damage_taken":0,"relics_obtained":["Golden Idol"],"max_hp_gain":0,"max_hp_loss":8,"event_name":"Golden Idol","floor":4,"gold_loss":0},{"damage_healed":0,"gold_gain":0,"player_choice":"Gave Potion","damage_taken":0,"relics_obtained":["Dodecahedron"],"max_hp_gain":0,"max_hp_loss":0,"event_name":"WeMeetAgain","floor":5,"gold_loss":0},{"damage_healed":0,"gold_gain":0,"player_choice":"Ignored","damage_taken":0,"max_hp_gain":0,"max_hp_loss":0,"event_name":"Cursed Tome","floor":21,"gold_loss":0},{"damage_healed":0,"gold_gain":0,"player_choice":"Fought Bandits","damage_taken":0,"max_hp_gain":0,"max_hp_loss":0,"event_name":"Masked Bandits","floor":22,"gold_loss":0}],"is_beta":false,"boss_relics":[{"not_picked":["Runic Dome","Busted Crown"],"picked":"Runic Pyramid"}],"items_purged_floors":[11],"is_endless":false,"potions_floor_spawned":[1,12,14,20],"killed_by":"Masked Bandits","ascension_level":17}