{"gold_per_floor":[109,109,125,135,153,153,173,201,201,201,215,228,239,269,269,269],"floor_reached":16,"playtime":1015,"items_purged":[],"score":215,"play_id":"8da91f43-9c64-43c7-bbf5-e70d38d4647c","local_time":"20191030022905","is_ascension_mode":true,"campfire_choices":[{"data":"Hologram","floor":6,"key":"SMITH"},{"data":"Zap","floor":10,"key":"SMITH"},{"data":"Go for the Eyes","floor":15,"key":"SMITH"}],"neow_cost":"TEN_PERCENT_HP_LOSS","seed_source_timestamp":1705590419969700,"circlet_count":0,"master_deck":["AscendersBane","Strike_B","Strike_B","Strike_B","Strike_B","Defend_B","Defend_B","Defend_B","Defend_B","Zap+1","Dualcast","Hyperbeam","Conserve Battery","All For One","Streamline","Undo","Hologram+1","Coolheaded","Glacier","Go for the Eyes+1","Glacier","Hologram"],"relics":["Cracked Core","Meat on the Bone","Bottled Lightning","Boot"],"potions_floor_usage":[8,8,14,16],"damage_taken":[{"damage":0,"enemies":"Cultist","floor":1,"turns":2},{"damage":2,"enemies":"Jaw Worm","floor":3,"turns":2},{"damage":2,"enemies":"Small Slimes","floor":4,"turns":2},{"damage":12,"enemies":"Exordium Wildlife","floor":5,"turns":2},{"damage":3,"enemies":"Exordium Thugs","floor":7,"turns":2},{"damage":21,"enemies":"Lagavulin","floor":8,"turns":5},{"damage":0,"enemies":"Looter","floor":11,"turns":3},{"damage":12,"enemies":"Exordium Wildlife","floor":12,"turns":4},{"damage":0,"enemies":"Large Slime","floor":13,"turns":7},{"damage":13,"enemies":"Gremlin Nob","floor":14,"turns":3},{"damage":43,"enemies":"Slime Boss","floor":16,"turns":12}],"seed_played":"-2529956304464888022","potions_obtained":[{"floor":5,"key":"FearPotion"},{"floor":7,"key":"SteroidPotion"},{"floor":13,"key":"FearPotion"},{"floor":14,"key":"Weak Potion"}],"is_trial":false,"path_per_floor":["M","?","M","M","M","R","M","E","T","R","M","M","M","E","R","B"],"character_chosen":"DEFECT","items_purchased":[],"campfire_rested":0,"item_purchase_floors":[],"current_hp_per_floor":[64,64,62,60,48,48,45,24,24,24,36,36,36,35,35,0],"gold":269,"neow_bonus":"THREE_RARE_CARDS","is_prod":false,"is_daily":false,"chose_seed":false,"campfire_upgraded":3,"win_rate":0,"timestamp":1572416945,"path_taken":["M","?","M","?","M","R","M","E","T","R","M","M","M","E","R","BOSS"],"build_version":"2019-07-17","purchased_purges":0,"victory":false,"max_hp_per_floor":[64,64,64,64,64,64,64,64,64,64,64,64,64,64,64,64],"card_choices":[{"not_picked":["Echo Form","Machine Learning"],"picked":"Hyperbeam","floor":0},{"not_picked":["Gash","Barrage"],"picked":"Conserve Battery","floor":1},{"not_picked":["Defragment","Hello World"],"picked":"Streamline","floor":3},{"not_picked":["Ball Lightning","Loop"],"picked":"Undo","floor":4},{"not_picked":["Melter","Steam"],"picked":"Hologram","floor":5},{"not_picked":["Lockon","Sunder"],"picked":"Coolheaded","floor":7},{"not_picked":["Heatsinks","Stack"],"picked":"Glacier","floor":8},{"not_picked":["Heatsinks","Creative AI"],"picked":"Go for the Eyes","floor":11},{"not_picked":["Go for the Eyes","Hello World","Stack"],"picked":"SKIP","floor":12},{"not_picked":["Conserve Battery","BootSequence"],"picked":"Glacier","floor":13},{"not_picked":["Doom and Gloom","Multi-Cast"],"picked":"Hologram","floor":14}],"player_experience":701804,"relics_obtained":[{"floor":8,"key":"Meat on the Bone"},{"floor":9,"key":"Bottled Lightning"},{"floor":14,"key":"Boot"}],"event_choices":[{"damage_healed":0,"gold_gain":0,"player_choice":"1 cards matched","damage_taken":0,"max_hp_gain":0,"max_hp_loss":0,"event_name":"Match and Keep!","floor":2,"gold_loss":0,"cards_obtained":["All For One"]}],"is_beta":false,"boss_relics":[],"items_purged_floors":[],"is_endless":false,"potions_floor_spawned":[5,7,13,14],"killed_by":"Slime Boss","ascension_level":17}