{"gold_per_floor":[12,23,43,58,58,58,87,87,87,87,87,116,135,154,154,227,227,240,240,240,214,214,214,231,127,180,180,180,208,108,128,128,207,207,220,240,240,240,240,273,287,287,312,312,324,324,355,372,372,372,372,372,90,115,115],"floor_reached":55,"playtime":3569,"items_purged":["Strike_B","Defend_B","Defend_B"],"score":1339,"play_id":"f0f090b0-cfc7-4aca-8a15-fbdc94a2f908","local_time":"20191027044658","is_ascension_mode":true,"campfire_choices":[{"data":"Genetic Algorithm","floor":6,"key":"SMITH"},{"data":"Beam Cell","floor":8,"key":"SMITH"},{"floor":11,"key":"REST"},{"data":"Zap","floor":15,"key":"SMITH"},{"floor":23,"key":"REST"},{"data":"Buffer","floor":28,"key":"SMITH"},{"data":"Barrage","floor":32,"key":"SMITH"},{"floor":42,"key":"RECALL"},{"data":"White Noise","floor":46,"key":"SMITH"},{"data":"Coolheaded","floor":49,"key":"SMITH"},{"data":"Go for the Eyes","floor":52,"key":"SMITH"}],"neow_cost":"NO_GOLD","seed_source_timestamp":1452058883226400,"circlet_count":0,"master_deck":["AscendersBane","Defend_B","Zap+1","Dualcast","Genetic Algorithm+1","Beam Cell+1","Glacier","Go for the Eyes+1","Glacier","Capacitor","Rebound","Buffer+1","Melter","White Noise+1","Ball Lightning","Coolheaded+1","FTL","Barrage+1","Machine Learning","Hologram+1","Streamline","Dark Shackles"],"relics":["Cracked Core","Torii","Pear","Bird Faced Urn","Symbiotic Virus","Incense Burner","Inserter","Enchiridion","Happy Flower","Gremlin Horn","Art of War","Nuclear Battery","Singing Bowl","Letter Opener","Ornamental Fan"],"potions_floor_usage":[7,7,16,16,29,29,50,54,55,55],"damage_taken":[{"damage":12,"enemies":"Small Slimes","floor":1,"turns":3},{"damage":12,"enemies":"Jaw Worm","floor":2,"turns":4},{"damage":1,"enemies":"Cultist","floor":3,"turns":3},{"damage":2,"enemies":"2 Fungi Beasts","floor":4,"turns":3},{"damage":7,"enemies":"Lagavulin","floor":7,"turns":7},{"damage":21,"enemies":"3 Sentries","floor":12,"turns":13},{"damage":0,"enemies":"Red Slaver","floor":13,"turns":4},{"damage":0,"enemies":"3 Louse","floor":14,"turns":3},{"damage":1,"enemies":"Hexaghost","floor":16,"turns":10},{"damage":14,"enemies":"3 Byrds","floor":18,"turns":7},{"damage":1,"enemies":"2 Thieves","floor":21,"turns":5},{"damage":0,"enemies":"3 Cultists","floor":24,"turns":4},{"damage":15,"enemies":"Book of Stabbing","floor":29,"turns":7},{"damage":0,"enemies":"Snecko","floor":31,"turns":6},{"damage":22,"enemies":"Collector","floor":33,"turns":10},{"damage":0,"enemies":"Orb Walker","floor":35,"turns":3},{"damage":7,"enemies":"3 Darklings","floor":36,"turns":5},{"damage":0,"enemies":"Reptomancer","floor":40,"turns":4},{"damage":0,"enemies":"Spire Growth","floor":41,"turns":4},{"damage":0,"enemies":"Maw","floor":45,"turns":6},{"damage":7,"enemies":"Nemesis","floor":47,"turns":5},{"damage":0,"enemies":"Transient","floor":48,"turns":5},{"damage":41,"enemies":"Donu and Deca","floor":50,"turns":9},{"damage":18,"enemies":"Shield and Spear","floor":54,"turns":8},{"damage":82,"enemies":"The Heart","floor":55,"turns":5}],"seed_played":"5185525645909225290","potions_obtained":[{"floor":1,"key":"GamblersBrew"},{"floor":2,"key":"Swift Potion"},{"floor":13,"key":"FocusPotion"},{"floor":14,"key":"LiquidBronze"},{"floor":16,"key":"SkillPotion"},{"floor":21,"key":"Explosive Potion"},{"floor":24,"key":"Energy Potion"},{"floor":33,"key":"Regen Potion"},{"floor":36,"key":"FearPotion"},{"floor":40,"key":"Strength Potion"},{"floor":54,"key":"EssenceOfSteel"}],"is_trial":false,"path_per_floor":["M","M","M","M","?","R","E","R","T","T","R","E","M","M","R","B",null,"M","?","?","M","?","R","M","$","T","T","R","E","$","M","R","B",null,"M","M","?","?","?","E","M","R","T","?","M","R","E","M","R","B",null,"R","$","E","B"],"character_chosen":"DEFECT","items_purchased":["Coolheaded","Swift Potion","Dark Shackles"],"campfire_rested":2,"item_purchase_floors":[25,53,53],"current_hp_per_floor":[52,40,39,37,30,30,33,33,33,33,57,36,38,40,40,41,71,61,38,38,43,22,47,51,51,51,51,51,44,44,54,54,38,74,78,81,81,81,81,84,86,86,86,86,88,88,83,92,92,70,87,87,87,76,0],"gold":115,"neow_bonus":"ONE_RARE_RELIC","is_prod":false,"is_daily":false,"chose_seed":false,"campfire_upgraded":8,"win_rate":0,"timestamp":1572166018,"path_taken":["M","M","M","M","?","R","E","R","T","?","R","E","M","M","R","BOSS","M","?","?","?","?","R","M","$","T","?","R","E","?","M","R","BOSS","M","M","?","?","?","E","?","R","T","?","?","R","E","M","R","BOSS","R","$","E","BOSS"],"build_version":"2019-07-17","purchased_purges":3,"victory":false,"max_hp_per_floor":[71,71,71,71,71,71,81,81,81,81,81,81,81,81,81,81,81,81,86,86,86,86,86,86,86,86,86,86,86,86,86,86,86,86,86,86,86,82,82,84,86,86,86,86,88,88,90,92,92,92,92,92,92,94,94],"card_choices":[{"not_picked":["Steam Power","Reinforced Body"],"picked":"Genetic Algorithm","floor":1},{"not_picked":["Turbo","Capacitor"],"picked":"Beam Cell","floor":2},{"not_picked":["Rebound","Conserve Battery"],"picked":"Glacier","floor":3},{"not_picked":["Darkness","Steam"],"picked":"Go for the Eyes","floor":4},{"not_picked":["Chill","Echo Form"],"picked":"Glacier","floor":7},{"not_picked":["Steam","Gash"],"picked":"Capacitor","floor":12},{"not_picked":["Conserve Battery","Leap","Storm"],"picked":"SKIP","floor":13},{"not_picked":["Compile Driver","Stack"],"picked":"Rebound","floor":14},{"not_picked":["Thunder Strike","Multi-Cast"],"picked":"Buffer","floor":16},{"not_picked":["Heatsinks","Tempest+1","Steam"],"picked":"SKIP","floor":18},{"not_picked":["Conserve Battery","Reinforced Body+1","Heatsinks"],"picked":"SKIP","floor":21},{"not_picked":["Steam","Aggregate"],"picked":"Ball Lightning","floor":24},{"not_picked":["Sweeping Beam","Storm"],"picked":"FTL","floor":29},{"not_picked":["Go for the Eyes+1","Conserve Battery"],"picked":"Barrage","floor":31},{"not_picked":["Hyperbeam","Amplify"],"picked":"Machine Learning","floor":33},{"not_picked":["Skim","Reinforced Body+1"],"picked":"Hologram+1","floor":35},{"not_picked":["Genetic Algorithm","Redo","Recycle"],"picked":"SKIP","floor":36},{"not_picked":["BootSequence","Hologram","Rebound"],"picked":"Singing Bowl","floor":40},{"not_picked":["Sweeping Beam","Capacitor+1","Turbo"],"picked":"Singing Bowl","floor":41},{"not_picked":["Redo+1","Aggregate","Conserve Battery+1"],"picked":"Singing Bowl","floor":45},{"not_picked":["Steam","Redo+1","Go for the Eyes"],"picked":"Singing Bowl","floor":47},{"not_picked":["Chaos","Hologram","Streamline"],"picked":"Singing Bowl","floor":48},{"not_picked":["Core Surge","Beam Cell+1","Sweeping Beam+1"],"picked":"Singing Bowl","floor":54}],"player_experience":635242,"relics_obtained":[{"floor":7,"key":"Pear"},{"floor":9,"key":"Bird Faced Urn"},{"floor":10,"key":"Symbiotic Virus"},{"floor":12,"key":"Incense Burner"},{"floor":22,"key":"Enchiridion"},{"floor":26,"key":"Happy Flower"},{"floor":27,"key":"Gremlin Horn"},{"floor":29,"key":"Art of War"},{"floor":40,"key":"Singing Bowl"},{"floor":47,"key":"Letter Opener"},{"floor":54,"key":"Ornamental Fan"}],"event_choices":[{"cards_removed":["Strike_B"],"damage_healed":0,"gold_gain":0,"player_choice":"Card Removal","damage_taken":7,"max_hp_gain":0,"max_hp_loss":0,"event_name":"Golden Wing","floor":5,"gold_loss":0},{"damage_healed":0,"gold_gain":0,"player_choice":"Shed Blood","damage_taken":28,"max_hp_gain":5,"max_hp_loss":0,"event_name":"Forgotten Altar","floor":19,"gold_loss":0},{"damage_healed":0,"gold_gain":0,"cards_transformed":["Strike_B","Strike_B"],"player_choice":"Became Test Subject","damage_taken":0,"max_hp_gain":0,"max_hp_loss":0,"event_name":"Drug Dealer","floor":20,"gold_loss":0,"cards_obtained":["Melter","White Noise"]},{"damage_healed":0,"gold_gain":0,"player_choice":"Obtained Book","damage_taken":21,"max_hp_gain":0,"max_hp_loss":0,"event_name":"Cursed Tome","floor":22,"gold_loss":0},{"damage_healed":0,"gold_gain":0,"player_choice":"Ignored","damage_taken":0,"max_hp_gain":0,"max_hp_loss":0,"event_name":"Tomb of Lord Red Mask","floor":37,"gold_loss":0},{"damage_healed":0,"gold_gain":0,"player_choice":"Max HP","damage_taken":0,"max_hp_gain":0,"max_hp_loss":4,"event_name":"Winding Halls","floor":38,"gold_loss":0},{"damage_healed":0,"gold_gain":0,"player_choice":"0 cards matched","damage_taken":0,"max_hp_gain":0,"max_hp_loss":0,"event_name":"Match and Keep!","floor":39,"gold_loss":0,"cards_obtained":[]},{"damage_healed":0,"gold_gain":0,"cards_transformed":["Defend_B"],"player_choice":"Transformed","damage_taken":0,"max_hp_gain":0,"max_hp_loss":0,"event_name":"Transmorgrifier","floor":44,"gold_loss":0,"cards_obtained":["Streamline"]}],"is_beta":false,"boss_relics":[{"not_picked":["Velvet Choker","Calling Bell"],"picked":"Inserter"},{"not_picked":["Lizard Tail","Snecko Eye"],"picked":"Nuclear Battery"}],"items_purged_floors":[25,30,53],"is_endless":false,"potions_floor_spawned":[1,2,13,14,16,21,24,33,36,40,47,54],"killed_by":"The Heart","ascension_level":16}