{"gold_per_floor":[19,19,19,35,53,53,68,68,68,20,20,20,53,78,78,167,167,185,198,248,261,276,276,315,329,406,61,61],"floor_reached":28,"playtime":1974,"items_purged":["Turbo"],"score":396,"play_id":"94be7205-921c-429e-a8fd-1ac78073335a","local_time":"20191023031951","is_ascension_mode":true,"campfire_choices":[{"data":"Zap","floor":6,"key":"SMITH"},{"data":"Rip and Tear","floor":8,"key":"SMITH"},{"data":"Cold Snap","floor":11,"key":"SMITH"},{"data":"Conserve Battery","floor":15,"key":"SMITH"},{"floor":23,"key":"REST"}],"neow_cost":"NO_GOLD","seed_source_timestamp":1102770509667400,"circlet_count":0,"master_deck":["AscendersBane","Defend_B","Defend_B","Defend_B","Defend_B","Zap+1","Dualcast","Rebound","Auto Shields","Glacier","Rip and Tear+1","Cold Snap+1","Sweeping Beam","Conserve Battery+1","Core Surge","Defragment+1","Sunder+1","Go for the Eyes+1","Hologram+1","Cold Snap+1","Steam","Self Repair","Leap"],"relics":["Cracked Core","Peace Pipe","Golden Idol","Sundial","Pantograph","Astrolabe","Bird Faced Urn","The Courier","ClockworkSouvenir","Blood Vial"],"potions_floor_usage":[14,16,24],"damage_taken":[{"damage":0,"enemies":"2 Louse","floor":1,"turns":3},{"damage":9,"enemies":"Jaw Worm","floor":4,"turns":3},{"damage":0,"enemies":"Cultist","floor":5,"turns":3},{"damage":2,"enemies":"Large Slime","floor":7,"turns":5},{"damage":33,"enemies":"Gremlin Nob","floor":13,"turns":6},{"damage":0,"enemies":"Blue Slaver","floor":14,"turns":4},{"damage":7,"enemies":"Slime Boss","floor":16,"turns":10},{"damage":17,"enemies":"2 Thieves","floor":18,"turns":4},{"damage":12,"enemies":"3 Byrds","floor":19,"turns":6},{"damage":5,"enemies":"Snecko","floor":21,"turns":4},{"damage":15,"enemies":"Shelled Parasite and Fungi","floor":22,"turns":10},{"damage":31,"enemies":"Book of Stabbing","floor":24,"turns":8},{"damage":0,"enemies":"3 Cultists","floor":25,"turns":6},{"damage":20,"enemies":"Snake Plant","floor":28,"turns":2}],"seed_played":"2966033200417654484","potions_obtained":[{"floor":1,"key":"PowerPotion"},{"floor":4,"key":"Strength Potion"},{"floor":7,"key":"FocusPotion"},{"floor":21,"key":"SkillPotion"}],"is_trial":false,"path_per_floor":["M","?","?","M","M","R","M","R","T","$","R","?","E","M","R","B",null,"M","M","?","M","M","R","E","M","T","$","M"],"character_chosen":"DEFECT","items_purchased":["Cold Snap","ClockworkSouvenir","Blood Vial"],"campfire_rested":1,"item_purchase_floors":[10,27,27],"current_hp_per_floor":[68,50,50,41,41,41,39,39,39,39,39,39,6,6,6,24,62,45,33,33,28,13,35,4,15,15,15,0],"gold":61,"neow_bonus":"ONE_RARE_RELIC","is_prod":false,"is_daily":false,"chose_seed":false,"campfire_upgraded":4,"win_rate":0,"timestamp":1571815191,"path_taken":["M","?","?","M","M","R","?","R","T","$","R","?","E","M","R","BOSS","M","M","?","M","?","R","E","M","T","$","M"],"build_version":"2019-07-17","purchased_purges":1,"victory":false,"max_hp_per_floor":[75,75,75,75,75,75,75,75,75,75,75,75,75,75,75,75,75,75,75,75,75,75,75,75,75,75,75,75],"card_choices":[{"not_picked":["Reinforced Body","Compile Driver"],"picked":"Rebound","floor":1},{"not_picked":["Steam","Reprogram"],"picked":"Auto Shields","floor":4},{"not_picked":["Darkness","Conserve Battery"],"picked":"Glacier","floor":5},{"not_picked":["Turbo","Hologram"],"picked":"Rip and Tear","floor":7},{"not_picked":["Coolheaded","Storm"],"picked":"Sweeping Beam","floor":13},{"not_picked":["Go for the Eyes","Steam"],"picked":"Conserve Battery","floor":14},{"not_picked":["Electrodynamics","Amplify"],"picked":"Core Surge","floor":16},{"not_picked":["Force Field","Coolheaded+1"],"picked":"Hologram+1","floor":18},{"not_picked":["Barrage","Chill","Hologram"],"picked":"SKIP","floor":19},{"not_picked":["Go for the Eyes","Melter"],"picked":"Cold Snap+1","floor":21},{"not_picked":["Double Energy","Chaos"],"picked":"Steam","floor":22},{"not_picked":["Rebound","Hello World"],"picked":"Self Repair","floor":24},{"not_picked":["Rip and Tear","BootSequence"],"picked":"Leap","floor":25}],"player_experience":520981,"relics_obtained":[{"floor":9,"key":"Sundial"},{"floor":13,"key":"Pantograph"},{"floor":24,"key":"Bird Faced Urn"},{"floor":26,"key":"The Courier"}],"event_choices":[{"damage_healed":0,"gold_gain":0,"player_choice":"Take Damage","damage_taken":18,"relics_obtained":["Golden Idol"],"max_hp_gain":0,"max_hp_loss":0,"event_name":"Golden Idol","floor":2,"gold_loss":0},{"damage_healed":0,"gold_gain":0,"cards_transformed":["Strike_B"],"player_choice":"Transformed","damage_taken":0,"max_hp_gain":0,"max_hp_loss":0,"event_name":"Transmorgrifier","floor":3,"gold_loss":0,"cards_obtained":["Turbo"]},{"damage_healed":0,"gold_gain":0,"player_choice":"Ignored","damage_taken":0,"max_hp_gain":0,"max_hp_loss":0,"event_name":"Liars Game","floor":12,"gold_loss":0},{"damage_healed":0,"gold_gain":100,"player_choice":"Bet on Murderer","damage_taken":0,"max_hp_gain":0,"max_hp_loss":0,"event_name":"The Joust","floor":20,"gold_loss":50}],"is_beta":false,"boss_relics":[{"not_picked":["Nuclear Battery","Eternal Feather"],"picked":"Astrolabe"}],"items_purged_floors":[27],"is_endless":false,"potions_floor_spawned":[1,4,7,21],"killed_by":"Snake Plant","ascension_level":13}