{"gold_per_floor":[112,62,137,137,137,172,172,211,211,211,266,305,328,136,136,262,262,187,187,187,7,27,67,0,33,33,33,73,98,98,121,121,252,315,339,339,357,1,21,92,92,116,142,142,175,175,175,198,198,198],"floor_reached":51,"playtime":3854,"items_purged":["Injury"],"score":955,"play_id":"918bc6ae-a7a4-4ce6-8914-38789f3f1c4b","local_time":"20191021195517","is_ascension_mode":true,"campfire_choices":[{"floor":7,"key":"REST"},{"floor":10,"key":"REST"},{"floor":15,"key":"REST"},{"data":"After Image","floor":32,"key":"SMITH"},{"floor":41,"key":"REST"},{"data":"Envenom","floor":44,"key":"SMITH"},{"data":"Well Laid Plans","floor":47,"key":"SMITH"},{"data":"Malaise","floor":49,"key":"SMITH"}],"neow_cost":"CURSE","seed_source_timestamp":1049859951083200,"circlet_count":0,"master_deck":["Defend_G+1","Defend_G+1","Defend_G+1","Defend_G+1","Defend_G+1","Survivor","Parasite","Underhanded Strike","Malaise+1","Backflip","Terror","Deadly Poison","Blur","Well Laid Plans+1","After Image+1","Noxious Fumes","Poisoned Stab","Leg Sweep","Footwork","Dodge and Roll+1","Cloak And Dagger","Deadly Poison","Bite","Bite","Bite","Bite","Bite","Catalyst+1","Escape Plan+1","RitualDagger","All Out Attack","Envenom+1","Quick Slash","PiercingWail+1","Panacea","Deflect+1","Prepared+1","Trip+1","Deadly Poison+1","Deflect+1","Backflip+1","Night Terror+1","Deflect+1"],"relics":["Ring of the Snake","Golden Idol","PreservedInsect","Regal Pillow","Happy Flower","Strawberry","Black Star","FossilizedHelix","Dream Catcher","Oddly Smooth Stone","Thread and Needle","Mercury Hourglass","Ornamental Fan","Bag of Marbles","Tiny House","Toxic Egg 2","Meat on the Bone","Tiny Chest","Blood Vial","Juzu Bracelet","Bottled Tornado"],"potions_floor_usage":[8,18,25,28,33,42,45,50,50,50],"damage_taken":[{"damage":1,"enemies":"2 Louse","floor":1,"turns":4},{"damage":35,"enemies":"3 Sentries","floor":6,"turns":12},{"damage":28,"enemies":"Lagavulin","floor":8,"turns":12},{"damage":60,"enemies":"Gremlin Nob","floor":12,"turns":8},{"damage":1,"enemies":"Small Slimes","floor":13,"turns":6},{"damage":18,"enemies":"The Guardian","floor":16,"turns":16},{"damage":33,"enemies":"2 Thieves","floor":18,"turns":5},{"damage":6,"enemies":"Shell Parasite","floor":22,"turns":8},{"damage":6,"enemies":"Book of Stabbing","floor":23,"turns":7},{"damage":36,"enemies":"Gremlin Leader","floor":25,"turns":8},{"damage":0,"enemies":"Book of Stabbing","floor":28,"turns":8},{"damage":7,"enemies":"Sentry and Sphere","floor":29,"turns":6},{"damage":2,"enemies":"Snecko","floor":31,"turns":6},{"damage":20,"enemies":"Champ","floor":33,"turns":14},{"damage":0,"enemies":"Orb Walker","floor":35,"turns":5},{"damage":0,"enemies":"3 Shapes","floor":37,"turns":6},{"damage":3,"enemies":"3 Darklings","floor":39,"turns":8},{"damage":68,"enemies":"Giant Head","floor":40,"turns":12},{"damage":0,"enemies":"4 Shapes","floor":42,"turns":5},{"damage":0,"enemies":"Nemesis","floor":45,"turns":9},{"damage":21,"enemies":"Jaw Worm Horde","floor":48,"turns":6},{"damage":36,"enemies":"Donu and Deca","floor":50,"turns":13}],"seed_played":"-4158600299791555854","potions_obtained":[{"floor":6,"key":"SkillPotion"},{"floor":12,"key":"Weak Potion"},{"floor":16,"key":"Regen Potion"},{"floor":22,"key":"Energy Potion"},{"floor":25,"key":"Strength Potion"},{"floor":33,"key":"Strength Potion"},{"floor":34,"key":"PowerPotion"},{"floor":39,"key":"Fire Potion"},{"floor":42,"key":"SkillPotion"},{"floor":48,"key":"Block Potion"}],"is_trial":false,"path_per_floor":["M","?","?","?","?","E","R","E","T","R","?","E","M","$","R","B",null,"M","?","?","$","M","E","?","E","T","?","E","M","?","M","R","B",null,"M","?","M","$","M","E","R","M","T","R","E","?","R","M","R","B",null],"character_chosen":"THE_SILENT","items_purchased":["Blur","Well Laid Plans","Poisoned Stab","Leg Sweep","Footwork","Toxic Egg 2","Prepared+1","Trip+1"],"campfire_rested":4,"item_purchase_floors":[14,14,21,21,21,38,38,38],"current_hp_per_floor":[83,83,72,72,77,42,68,40,40,81,81,28,27,27,70,52,96,63,63,63,63,57,51,51,15,15,15,42,43,37,45,45,47,72,72,72,72,72,72,14,50,56,56,56,68,68,68,55,55,45],"gold":198,"neow_bonus":"TWENTY_PERCENT_HP_BONUS","is_prod":false,"is_daily":false,"chose_seed":false,"campfire_upgraded":4,"win_rate":0,"timestamp":1571712917,"path_taken":["M","?","?","?","?","E","R","E","T","R","?","E","M","?","R","BOSS","M","?","?","$","M","E","?","E","T","?","E","M","?","M","R","BOSS","M","?","M","$","M","E","R","M","T","R","E","?","R","M","R","BOSS"],"build_version":"2019-07-17","purchased_purges":1,"victory":true,"max_hp_per_floor":[84,84,84,84,89,89,89,89,89,89,89,96,96,96,96,96,96,96,96,96,96,96,96,96,96,96,67,67,67,67,67,67,67,72,72,72,72,72,72,72,72,72,72,72,72,72,72,72,72,72],"card_choices":[{"not_picked":["Accuracy","Blade Dance"],"picked":"Underhanded Strike","floor":1},{"not_picked":["Deadly Poison","Deflect"],"picked":"Malaise","floor":6},{"not_picked":["Dagger Throw","Riddle With Holes"],"picked":"Backflip","floor":8},{"not_picked":["Deadly Poison","Dagger Throw"],"picked":"Terror","floor":12},{"not_picked":["Endless Agony","Reflex"],"picked":"Deadly Poison","floor":13},{"not_picked":["Adrenaline","Venomology"],"picked":"After Image","floor":16},{"not_picked":["Backflip+1","Skewer"],"picked":"Noxious Fumes","floor":18},{"not_picked":["Flying Knee","Cloak And Dagger"],"picked":"Dodge and Roll+1","floor":22},{"not_picked":["Dodge and Roll","Slice"],"picked":"Cloak And Dagger","floor":23},{"not_picked":["Outmaneuver","Well Laid Plans"],"picked":"Deadly Poison","floor":25},{"not_picked":["Slice","Calculated Gamble"],"picked":"Catalyst+1","floor":28},{"not_picked":["Dagger Throw+1","Deadly Poison"],"picked":"Escape Plan+1","floor":29},{"not_picked":["Flying Knee","Predator+1"],"picked":"All Out Attack","floor":31},{"not_picked":["Wraith Form v2","Adrenaline"],"picked":"Envenom","floor":33},{"not_picked":["Dagger Spray+1","Dodge and Roll"],"picked":"Quick Slash","floor":34},{"not_picked":["Tactician+1","Slice+1"],"picked":"PiercingWail+1","floor":35},{"not_picked":["Enlightenment","Mind Blast"],"picked":"Panacea","floor":36},{"not_picked":["Bane","Dodge and Roll+1"],"picked":"Deflect+1","floor":37},{"not_picked":["Flying Knee","PiercingWail+1"],"picked":"Deadly Poison+1","floor":39},{"not_picked":["Wraith Form v2","Leg Sweep+1","Riddle With Holes"],"picked":"SKIP","floor":40},{"not_picked":["Skewer","Bane"],"picked":"Deflect+1","floor":41},{"not_picked":["Slice+1","Quick Slash"],"picked":"Backflip+1","floor":42},{"not_picked":["Prepared+1","Leg Sweep+1"],"picked":"Night Terror+1","floor":45},{"not_picked":["Acrobatics+1","Choke"],"picked":"Deflect+1","floor":48}],"player_experience":341497,"relics_obtained":[{"floor":6,"key":"PreservedInsect"},{"floor":8,"key":"Regal Pillow"},{"floor":9,"key":"Happy Flower"},{"floor":12,"key":"Strawberry"},{"floor":23,"key":"FossilizedHelix"},{"floor":23,"key":"Dream Catcher"},{"floor":25,"key":"Oddly Smooth Stone"},{"floor":25,"key":"Thread and Needle"},{"floor":26,"key":"Mercury Hourglass"},{"floor":28,"key":"Ornamental Fan"},{"floor":28,"key":"Bag of Marbles"},{"floor":40,"key":"Meat on the Bone"},{"floor":40,"key":"Tiny Chest"},{"floor":43,"key":"Blood Vial"},{"floor":45,"key":"Juzu Bracelet"},{"floor":45,"key":"Bottled Tornado"}],"event_choices":[{"cards_removed":["Strike_G"],"damage_healed":0,"gold_gain":0,"player_choice":"Card Removal","damage_taken":0,"max_hp_gain":0,"max_hp_loss":0,"event_name":"The Cleric","floor":2,"gold_loss":50},{"damage_healed":0,"gold_gain":75,"player_choice":"Gather Gold","damage_taken":11,"max_hp_gain":0,"max_hp_loss":0,"event_name":"World of Goop","floor":3,"gold_loss":0},{"damage_healed":0,"gold_gain":0,"player_choice":"Take Wound","damage_taken":0,"relics_obtained":["Golden Idol"],"max_hp_gain":0,"max_hp_loss":0,"event_name":"Golden Idol","floor":4,"gold_loss":0,"cards_obtained":["Injury"]},{"damage_healed":0,"gold_gain":0,"player_choice":"Donut","damage_taken":0,"max_hp_gain":5,"max_hp_loss":0,"event_name":"Big Fish","floor":5,"gold_loss":0},{"damage_healed":0,"gold_gain":55,"player_choice":"Gained Gold","damage_taken":0,"max_hp_gain":0,"max_hp_loss":0,"event_name":"Golden Wing","floor":11,"gold_loss":0},{"damage_healed":0,"gold_gain":0,"player_choice":"Ignored","damage_taken":0,"max_hp_gain":0,"max_hp_loss":0,"event_name":"Ghosts","floor":19,"gold_loss":0},{"damage_healed":0,"gold_gain":0,"player_choice":"Simplicity","damage_taken":0,"max_hp_gain":0,"max_hp_loss":0,"event_name":"Back to Basics","floor":20,"gold_loss":0,"cards_upgraded":["Strike_G","Strike_G","Strike_G","Strike_G","Defend_G","Defend_G","Defend_G","Defend_G","Defend_G"]},{"damage_healed":0,"gold_gain":0,"player_choice":"Paid Fearfully","damage_taken":0,"max_hp_gain":0,"max_hp_loss":0,"event_name":"Masked Bandits","floor":24,"gold_loss":67},{"damage_healed":0,"gold_gain":0,"player_choice":"Became a vampire","damage_taken":0,"max_hp_gain":0,"max_hp_loss":29,"event_name":"Vampires","floor":27,"gold_loss":0,"cards_obtained":["Bite","Bite","Bite","Bite","Bite"]},{"damage_healed":0,"gold_gain":0,"player_choice":"Joined the Cult","damage_taken":6,"max_hp_gain":0,"max_hp_loss":0,"event_name":"Nest","floor":30,"gold_loss":0,"cards_obtained":["RitualDagger"]},{"damage_healed":0,"gold_gain":0,"player_choice":"Memory 1","damage_taken":0,"max_hp_gain":0,"max_hp_loss":0,"event_name":"SensoryStone","floor":36,"gold_loss":0},{"cards_removed":["Neutralize"],"damage_healed":0,"gold_gain":0,"player_choice":"Removed Attack","damage_taken":0,"max_hp_gain":0,"max_hp_loss":0,"event_name":"Falling","floor":46,"gold_loss":0}],"is_beta":false,"boss_relics":[{"not_picked":["Ring of the Serpent","Velvet Choker"],"picked":"Black Star"},{"not_picked":["Snecko Eye","Busted Crown"],"picked":"Tiny House"}],"items_purged_floors":[14],"is_endless":false,"potions_floor_spawned":[6,12,16,22,25,33,39,42,48],"ascension_level":2}