{"gold_per_floor":[114,87,5,21,36,70,70,80,104,120,147,72,85,97,97,97],"floor_reached":16,"playtime":1493,"items_purged":[],"score":139,"play_id":"d80d9aef-66aa-40ed-b76d-e698d2b976a0","local_time":"20190302233906","is_ascension_mode":false,"campfire_choices":[{"data":"Crippling Poison","floor":7,"key":"SMITH"},{"data":"Phantasmal Killer","floor":15,"key":"SMITH"}],"neow_cost":"NONE","seed_source_timestamp":9457805344243,"circlet_count":0,"master_deck":["Defend_G","Defend_G","Defend_G","Defend_G","Defend_G","Strike_G","Strike_G","Strike_G","Strike_G","Strike_G","Survivor","Neutralize","PiercingWail","Crippling Poison+1","Blade Dance","Skewer","Outmaneuver","Phantasmal Killer+1","Blur","Dagger Spray+1","Underhanded Strike+1","Endless Agony+1","Slice+1"],"relics":["Ring of the Snake","NeowsBlessing","Bag of Marbles","Lantern","Anchor","Molten Egg 2"],"potions_floor_usage":[6,10,11,16],"damage_taken":[{"damage":0,"enemies":"2 Louse","floor":1,"turns":1},{"damage":0,"enemies":"Cultist","floor":4,"turns":1},{"damage":0,"enemies":"Jaw Worm","floor":5,"turns":1},{"damage":24,"enemies":"3 Sentries","floor":6,"turns":11},{"damage":2,"enemies":"3 Louse","floor":8,"turns":2},{"damage":1,"enemies":"Exordium Wildlife","floor":10,"turns":4},{"damage":0,"enemies":"Gremlin Nob","floor":11,"turns":2},{"damage":0,"enemies":"Exordium Thugs","floor":13,"turns":3},{"damage":0,"enemies":"Large Slime","floor":14,"turns":3},{"damage":46,"enemies":"Slime Boss","floor":16,"turns":7}],"seed_played":"-5904116694481492149","potions_obtained":[{"floor":4,"key":"SkillPotion"},{"floor":6,"key":"SkillPotion"},{"floor":8,"key":"SkillPotion"},{"floor":14,"key":"LiquidBronze"}],"is_trial":false,"path_per_floor":["M","?","?","M","M","E","R","M","T","M","E","$","M","M","R","B"],"character_chosen":"THE_SILENT","items_purchased":["Dagger Spray+1","Underhanded Strike+1"],"campfire_rested":0,"item_purchase_floors":[12,12],"current_hp_per_floor":[70,70,70,70,70,46,46,44,44,43,43,43,43,43,43,0],"gold":97,"neow_bonus":"THREE_ENEMY_KILL","is_prod":false,"is_daily":false,"chose_seed":false,"campfire_upgraded":2,"win_rate":0.0,"timestamp":1551598746,"path_taken":["M","?","?","M","M","E","R","M","T","?","E","?","M","M","R","BOSS"],"build_version":"2019-01-23","purchased_purges":0,"victory":false,"max_hp_per_floor":[70,70,70,70,70,70,70,70,70,70,70,70,70,70,70,70],"card_choices":[{"not_picked":["Dagger Spray","Slice"],"picked":"PiercingWail","floor":1},{"not_picked":["Outmaneuver","Calculated Gamble"],"picked":"Crippling Poison","floor":4},{"not_picked":["Slice","Dagger Spray"],"picked":"Blade Dance","floor":5},{"not_picked":["Blade Dance","Backflip"],"picked":"Skewer","floor":6},{"not_picked":["Sucker Punch","Heel Hook"],"picked":"Outmaneuver","floor":8},{"not_picked":["Acrobatics","Deflect"],"picked":"Phantasmal Killer","floor":10},{"not_picked":["Backflip","Quick Slash"],"picked":"Blur","floor":11},{"not_picked":["Dagger Throw+1","Deadly Poison"],"picked":"Endless Agony+1","floor":13},{"not_picked":["Dagger Spray+1","Dagger Throw+1"],"picked":"Slice+1","floor":14}],"player_experience":8423,"relics_obtained":[{"floor":6,"key":"Lantern"},{"floor":9,"key":"Anchor"},{"floor":11,"key":"Molten Egg 2"}],"event_choices":[{"damage_healed":0,"gold_gain":0,"player_choice":"Left Gold","damage_taken":0,"max_hp_gain":0,"max_hp_loss":0,"event_name":"World of Goop","floor":2,"gold_loss":27},{"damage_healed":0,"gold_gain":0,"player_choice":"Paid Gold","damage_taken":0,"relics_obtained":["Bag of Marbles"],"max_hp_gain":0,"max_hp_loss":0,"event_name":"WeMeetAgain","floor":3,"gold_loss":82}],"is_beta":false,"boss_relics":[],"items_purged_floors":[],"is_endless":false,"potions_floor_spawned":[4,6,8,14],"killed_by":"Slime Boss","ascension_level":0}