{"gold_per_floor":[118,130,130,130,150,175,175,175],"floor_reached":8,"playtime":188,"items_purged":[],"score":62,"play_id":"8f3f713b-e19e-4ee8-b49a-71ed23f72d07","local_time":"20190615041149","is_ascension_mode":true,"campfire_choices":[],"neow_cost":"NONE","seed_source_timestamp":258945024408589,"circlet_count":0,"master_deck":["Defend_G+1","Defend_G","Defend_G","Defend_G","Defend_G","Strike_G","Strike_G","Strike_G","Strike_G","Strike_G","Survivor","Neutralize","Dagger Spray+1","Dagger Throw","Outmaneuver","Backflip"],"relics":["Ring of the Snake","NeowsBlessing","Gambling Chip","Question Card"],"potions_floor_usage":[6,8],"damage_taken":[{"damage":0,"enemies":"Jaw Worm","floor":1,"turns":1},{"damage":0,"enemies":"Small Slimes","floor":2,"turns":1},{"damage":0,"enemies":"2 Louse","floor":5,"turns":1},{"damage":21,"enemies":"Lagavulin","floor":6,"turns":6},{"damage":12,"enemies":"Gremlin Gang","floor":8,"turns":1}],"seed_played":"5215897744224067227","potions_obtained":[{"floor":1,"key":"FearPotion"},{"floor":2,"key":"Poison Potion"},{"floor":6,"key":"Energy Potion"}],"is_trial":false,"path_per_floor":["M","M","?","?","M","E","?","M"],"character_chosen":"THE_SILENT","items_purchased":[],"campfire_rested":0,"item_purchase_floors":[],"current_hp_per_floor":[70,70,70,56,56,35,10,0],"gold":175,"neow_bonus":"THREE_ENEMY_KILL","is_prod":false,"is_daily":false,"chose_seed":false,"campfire_upgraded":0,"win_rate":0,"timestamp":1560597109,"path_taken":["M","M","?","?","M","E","?","?"],"build_version":"2019-01-23","purchased_purges":0,"victory":false,"max_hp_per_floor":[70,70,70,70,70,70,70,70],"card_choices":[{"not_picked":["Catalyst","Prepared"],"picked":"Dagger Spray","floor":1},{"not_picked":["Prepared","Calculated Gamble"],"picked":"Dagger Throw","floor":2},{"not_picked":["PiercingWail","Prepared"],"picked":"Outmaneuver","floor":5},{"not_picked":["Dagger Throw","Deadly Poison"],"picked":"Backflip","floor":6}],"player_experience":180424,"relics_obtained":[{"floor":6,"key":"Gambling Chip"}],"event_choices":[{"damage_healed":0,"gold_gain":0,"player_choice":"Leave","damage_taken":0,"max_hp_gain":0,"max_hp_loss":0,"event_name":"The Cleric","floor":3,"gold_loss":0},{"damage_healed":0,"gold_gain":0,"player_choice":"Entered Light","damage_taken":14,"max_hp_gain":0,"max_hp_loss":0,"event_name":"Shining Light","floor":4,"gold_loss":0,"cards_upgraded":["Dagger Spray","Defend_G"]},{"damage_healed":0,"gold_gain":0,"player_choice":"Success","damage_taken":25,"relics_obtained":["Question Card"],"max_hp_gain":0,"max_hp_loss":0,"event_name":"Scrap Ooze","floor":7,"gold_loss":0}],"is_beta":false,"boss_relics":[],"items_purged_floors":[],"is_endless":false,"potions_floor_spawned":[1,2,6],"killed_by":"Gremlin Gang","ascension_level":2}