{"gold_per_floor":[17,17,17,33,43,71,71,71,71,88,106,124,142,17,17,119,119,130,141,151,68,33,33,59,59],"floor_reached":25,"playtime":3431,"items_purged":[],"score":225,"play_id":"40a43d52-24d4-4089-a1f2-4577b55d725a","local_time":"20190303025047","is_ascension_mode":false,"campfire_choices":[{"floor":8,"key":"REST"},{"floor":15,"key":"REST"},{"floor":23,"key":"REST"}],"neow_cost":"NO_GOLD","seed_source_timestamp":19019589288640,"circlet_count":0,"master_deck":["Defend_G","Defend_G","Defend_G","Defend_G","Defend_G","Strike_G","Strike_G","Strike_G","Strike_G+1","Strike_G","Survivor","Neutralize","Dramatic Entrance","Deep Breath+1","Infinite Blades","Predator","Footwork","Malaise","Underhanded Strike","Quick Slash","Crippling Poison","Tactician","Choke","Discovery","Wraith Form v2","PiercingWail","Well Laid Plans+1","Poisoned Stab","Terror","Slice","Calculated Gamble","Expertise+1"],"relics":["Ring of the Snake","Letter Opener","Happy Flower","Molten Egg 2"],"potions_floor_usage":[6,16,16,19,25],"damage_taken":[{"damage":0,"enemies":"Jaw Worm","floor":1,"turns":4},{"damage":5,"enemies":"Small Slimes","floor":4,"turns":2},{"damage":6,"enemies":"Cultist","floor":5,"turns":3},{"damage":16,"enemies":"Gremlin Nob","floor":6,"turns":4},{"damage":4,"enemies":"2 Fungi Beasts","floor":10,"turns":5},{"damage":0,"enemies":"Exordium Wildlife","floor":11,"turns":3},{"damage":9,"enemies":"Lots of Slimes","floor":12,"turns":3},{"damage":0,"enemies":"Red Slaver","floor":13,"turns":4},{"damage":11,"enemies":"Slime Boss","floor":16,"turns":12},{"damage":13,"enemies":"3 Byrds","floor":18,"turns":5},{"damage":19,"enemies":"Spheric Guardian","floor":19,"turns":6},{"damage":14,"enemies":"Snecko","floor":20,"turns":6},{"damage":24,"enemies":"Gremlin Leader","floor":24,"turns":7},{"damage":39,"enemies":"Centurion and Healer","floor":25,"turns":8}],"seed_played":"-5960754641368402133","potions_obtained":[{"floor":1,"key":"SkillPotion"},{"floor":5,"key":"Poison Potion"},{"floor":11,"key":"Strength Potion"},{"floor":12,"key":"Fire Potion"},{"floor":13,"key":"Ancient Potion"},{"floor":24,"key":"Regen Potion"}],"is_trial":false,"path_per_floor":["M","?","?","M","M","E","?","R","T","M","M","M","M","$","R","B",null,"M","M","M","$","$","R","E","M"],"character_chosen":"THE_SILENT","items_purchased":["Choke","Discovery","Terror","Slice","Calculated Gamble"],"campfire_rested":3,"item_purchase_floors":[14,14,21,21,22],"current_hp_per_floor":[70,70,56,51,45,29,29,50,50,46,46,37,37,37,58,47,70,57,38,24,24,24,45,21,0],"gold":59,"neow_bonus":"RANDOM_COLORLESS_2","is_prod":false,"is_daily":false,"chose_seed":false,"campfire_upgraded":0,"win_rate":0.0,"timestamp":1551610247,"path_taken":["M","?","?","?","?","E","?","R","T","M","M","M","M","?","R","BOSS","M","M","?","?","$","R","E","M"],"build_version":"2019-01-23","purchased_purges":0,"victory":false,"max_hp_per_floor":[70,70,70,70,70,70,70,70,70,70,70,70,70,70,70,70,70,70,70,70,70,70,70,70,70],"card_choices":[{"not_picked":["Dagger Spray","Prepared"],"picked":"Infinite Blades","floor":1},{"not_picked":["Dash","Dagger Throw"],"picked":"Predator","floor":4},{"not_picked":["Prepared","Slice"],"picked":"Footwork","floor":5},{"not_picked":["Deflect","Leg Sweep"],"picked":"Malaise","floor":6},{"not_picked":["Tactician","Expertise"],"picked":"Underhanded Strike","floor":10},{"not_picked":["Slice","Prepared"],"picked":"Quick Slash","floor":11},{"not_picked":["Deflect","PiercingWail"],"picked":"Crippling Poison","floor":12},{"not_picked":["Crippling Poison","Backflip"],"picked":"Tactician","floor":13},{"not_picked":["Phantasmal Killer","Adrenaline"],"picked":"Wraith Form v2","floor":16},{"not_picked":["Quick Slash+1","Acrobatics"],"picked":"PiercingWail","floor":18},{"not_picked":["Poisoned Stab","Blade Dance"],"picked":"Well Laid Plans+1","floor":19},{"not_picked":["Backflip+1","Phantasmal Killer"],"picked":"Poisoned Stab","floor":20},{"not_picked":["Acrobatics","Tactician"],"picked":"Expertise+1","floor":24}],"player_experience":17882,"relics_obtained":[{"floor":6,"key":"Letter Opener"},{"floor":9,"key":"Happy Flower"},{"floor":24,"key":"Molten Egg 2"}],"event_choices":[{"damage_healed":0,"gold_gain":0,"player_choice":"Ignored","damage_taken":0,"max_hp_gain":0,"max_hp_loss":0,"event_name":"Golden Wing","floor":2,"gold_loss":0},{"damage_healed":0,"gold_gain":0,"player_choice":"Entered Light","damage_taken":14,"max_hp_gain":0,"max_hp_loss":0,"event_name":"Shining Light","floor":3,"gold_loss":0,"cards_upgraded":["Strike_G","Deep Breath"]},{"damage_healed":0,"gold_gain":0,"player_choice":"Ignored","damage_taken":0,"max_hp_gain":0,"max_hp_loss":0,"event_name":"Liars Game","floor":7,"gold_loss":0}],"is_beta":false,"boss_relics":[{"not_picked":["Busted Crown","Cursed Key","Philosopher\u0027s Stone"]}],"items_purged_floors":[],"is_endless":false,"potions_floor_spawned":[1,5,11,12,13,24],"killed_by":"Centurion and Healer","ascension_level":0}