{"gold_per_floor":[114,114,129,139,39,65,65,79,106,119,154,154,173,202,202,303,303,314,116,130,148,23,53,53,53,53,53,79,79,104,104,104,204,204,218,228,245,21,36,65,65,92,92,92,92,92,40,71,71,71,71,71,71,104,104],"floor_reached":56,"playtime":5538,"items_purged":["Strike_B","Defend_B","Defend_B","Defend_B"],"score":1467,"play_id":"94b57a9d-5db0-4502-bf16-707470bfe5a6","local_time":"20191030093833","is_ascension_mode":true,"campfire_choices":[{"data":"Zap","floor":7,"key":"SMITH"},{"data":"Fusion","floor":12,"key":"SMITH"},{"data":"Loop","floor":15,"key":"SMITH"},{"data":"Coolheaded","floor":24,"key":"SMITH"},{"floor":29,"key":"REST"},{"data":"Coolheaded","floor":32,"key":"SMITH"},{"floor":41,"key":"RECALL"},{"data":"Buffer","floor":45,"key":"SMITH"},{"data":"Compile Driver","floor":46,"key":"SMITH"},{"data":"Tempest","floor":49,"key":"SMITH"},{"data":"Self Repair","floor":52,"key":"SMITH"}],"neow_cost":"NONE","seed_source_timestamp":3564805804406,"circlet_count":0,"master_deck":["Zap+1","Glacier","Conserve Battery","Ball Lightning","Coolheaded+1","Tempest+1","Rainbow","Conserve Battery","Fusion+1","Doom and Gloom","Loop+1","Buffer+1","Compile Driver+1","Coolheaded+1","Fission+1","Self Repair+1","Recycle+1","Rainbow+1","Coolheaded+1"],"relics":["Black Star","Blood Vial","Ancient Tea Set","Art of War","Sundial","WingedGreaves","Happy Flower","Empty Cage","Bronze Scales","Juzu Bracelet","Toxic Egg 2","Dodecahedron","Vajra","Bag of Marbles","DataDisk","MutagenicStrength","Inserter","Unceasing Top","Omamori","Strawberry","Oddly Smooth Stone","Bag of Preparation","Turnip","Kunai","Mummified Hand"],"potions_floor_usage":[6,14,18,28,33,33,55,55,55],"damage_taken":[{"damage":2,"enemies":"Small Slimes","floor":1,"turns":5},{"damage":0,"enemies":"Cultist","floor":3,"turns":5},{"damage":0,"enemies":"2 Louse","floor":4,"turns":4},{"damage":30,"enemies":"Gremlin Nob","floor":6,"turns":5},{"damage":0,"enemies":"Exordium Wildlife","floor":8,"turns":4},{"damage":0,"enemies":"Large Slime","floor":10,"turns":5},{"damage":13,"enemies":"Lagavulin","floor":11,"turns":6},{"damage":0,"enemies":"Exordium Thugs","floor":13,"turns":4},{"damage":16,"enemies":"Gremlin Nob","floor":14,"turns":5},{"damage":13,"enemies":"Slime Boss","floor":16,"turns":6},{"damage":11,"enemies":"Chosen","floor":18,"turns":5},{"damage":10,"enemies":"Spheric Guardian","floor":20,"turns":4},{"damage":4,"enemies":"Shelled Parasite and Fungi","floor":21,"turns":8},{"damage":20,"enemies":"Book of Stabbing","floor":23,"turns":6},{"damage":11,"enemies":"Gremlin Leader","floor":28,"turns":7},{"damage":1,"enemies":"Book of Stabbing","floor":30,"turns":5},{"damage":26,"enemies":"Champ","floor":33,"turns":9},{"damage":9,"enemies":"3 Shapes","floor":35,"turns":3},{"damage":5,"enemies":"Orb Walker","floor":36,"turns":4},{"damage":9,"enemies":"4 Shapes","floor":37,"turns":5},{"damage":0,"enemies":"Maw","floor":39,"turns":7},{"damage":6,"enemies":"Nemesis","floor":40,"turns":7},{"damage":4,"enemies":"Reptomancer","floor":42,"turns":8},{"damage":0,"enemies":"Giant Head","floor":48,"turns":5},{"damage":0,"enemies":"Awakened One","floor":50,"turns":6},{"damage":0,"enemies":"Shield and Spear","floor":54,"turns":3},{"damage":67,"enemies":"The Heart","floor":55,"turns":8}],"seed_played":"8764326759561608399","potions_obtained":[{"floor":1,"key":"FearPotion"},{"floor":6,"key":"PowerPotion"},{"floor":14,"key":"Weak Potion"},{"floor":16,"key":"Swift Potion"},{"floor":20,"key":"LiquidBronze"},{"floor":23,"key":"Poison Potion"},{"floor":28,"key":"AttackPotion"},{"floor":37,"key":"EssenceOfSteel"},{"floor":40,"key":"Block Potion"}],"is_trial":false,"path_per_floor":["?","M","?","?","?","?"],"character_chosen":"DEFECT","items_purchased":["Coolheaded","Compile Driver","Coolheaded","Regen Potion","Coolheaded+1"],"campfire_rested":1,"item_purchase_floors":[5,19,19,38,47],"current_hp_per_floor":[73,73,73,73,73,43,43,45,45,47,36,36,38,24,24,13,75,64,64,56,54,54,36,36,36,36,22,13,37,38,38,38,14,80,71,75,75,75,80,80,80,87,87,87,87,87,87,87,87,87,87,87,87,87,44],"gold":104,"neow_bonus":"BOSS_RELIC","is_prod":false,"is_daily":false,"chose_seed":false,"campfire_upgraded":9,"win_rate":0,"timestamp":1572424713,"path_taken":["M","?","M","?","$","E","R","M","T","M","E","R","M","E","R","BOSS","M","$","M","M","$","E","R","?","T","?","E","R","E","?","R","BOSS","M","M","M","$","M","E","R","E","T","?","R","R","$","E","R","BOSS","R","$","E","BOSS"],"build_version":"2019-01-23","purchased_purges":4,"victory":true,"max_hp_per_floor":[75,75,75,75,75,75,75,75,75,75,75,75,75,75,75,75,75,75,75,75,75,75,75,75,75,75,80,80,80,80,80,80,80,80,80,80,80,80,80,80,80,87,87,87,87,87,87,87,87,87,87,87,87,87,87],"card_choices":[{"not_picked":["Skim","Compile Driver"],"picked":"Glacier","floor":1},{"not_picked":["Scrape","Compile Driver"],"picked":"Conserve Battery","floor":3},{"not_picked":["Hologram","Coolheaded"],"picked":"Ball Lightning","floor":4},{"not_picked":["Leap","Hologram"],"picked":"Tempest","floor":6},{"not_picked":["Blizzard","Lockon"],"picked":"Rainbow","floor":8},{"not_picked":["Rebound","Stack"],"picked":"Conserve Battery","floor":10},{"not_picked":["Conserve Battery","Beam Cell"],"picked":"Fusion","floor":11},{"not_picked":["Hologram","Cold Snap"],"picked":"Doom and Gloom","floor":13},{"not_picked":["Ball Lightning","Redo"],"picked":"Loop","floor":14},{"not_picked":["Seek","All For One"],"picked":"Buffer","floor":16},{"not_picked":["Conserve Battery+1","Reinforced Body","Steam"],"picked":"SKIP","floor":18},{"not_picked":["Barrage+1","Stack","BootSequence"],"picked":"SKIP","floor":20},{"not_picked":["Rebound","Undo+1","Barrage"],"picked":"SKIP","floor":21},{"not_picked":["FTL+1","Aggregate+1","Conserve Battery"],"picked":"SKIP","floor":23},{"not_picked":["Reinforced Body+1","Stack+1","Beam Cell"],"picked":"SKIP","floor":28},{"not_picked":["Stack+1","White Noise+1","Turbo+1"],"picked":"SKIP","floor":30},{"not_picked":["Buffer","Core Surge"],"picked":"Fission+1","floor":33},{"not_picked":["Static Discharge","Heatsinks+1"],"picked":"Self Repair","floor":35},{"not_picked":["Turbo+1","Redo+1","Tempest+1"],"picked":"SKIP","floor":36},{"not_picked":["Go for the Eyes+1","Turbo+1","Leap+1"],"picked":"SKIP","floor":37},{"not_picked":["Steam+1","Sweeping Beam+1","Rebound+1"],"picked":"SKIP","floor":39},{"not_picked":["Cold Snap","Darkness+1","Glacier+1"],"picked":"SKIP","floor":40},{"not_picked":["Streamline","Cold Snap"],"picked":"Recycle+1","floor":42},{"not_picked":["Biased Cognition","Conserve Battery+1","Hologram+1"],"picked":"SKIP","floor":48},{"not_picked":["Rebound","Cold Snap","Force Field+1"],"picked":"SKIP","floor":54}],"player_experience":1393870,"relics_obtained":[{"floor":6,"key":"Blood Vial"},{"floor":6,"key":"Ancient Tea Set"},{"floor":9,"key":"Art of War"},{"floor":11,"key":"Sundial"},{"floor":11,"key":"WingedGreaves"},{"floor":14,"key":"Happy Flower"},{"floor":23,"key":"Bronze Scales"},{"floor":23,"key":"Juzu Bracelet"},{"floor":26,"key":"Toxic Egg 2"},{"floor":28,"key":"Dodecahedron"},{"floor":28,"key":"Vajra"},{"floor":30,"key":"Bag of Marbles"},{"floor":30,"key":"DataDisk"},{"floor":40,"key":"Unceasing Top"},{"floor":40,"key":"Omamori"},{"floor":42,"key":"Strawberry"},{"floor":42,"key":"Oddly Smooth Stone"},{"floor":48,"key":"Bag of Preparation"},{"floor":48,"key":"Turnip"},{"floor":54,"key":"Kunai"},{"floor":54,"key":"Mummified Hand"}],"event_choices":[{"cards_removed":["Strike_B"],"damage_healed":0,"gold_gain":0,"player_choice":"Purged","damage_taken":0,"max_hp_gain":0,"max_hp_loss":0,"event_name":"Purifier","floor":2,"gold_loss":0},{"cards_removed":["Defend_B"],"damage_healed":0,"gold_gain":0,"player_choice":"Elegance","damage_taken":0,"max_hp_gain":0,"max_hp_loss":0,"event_name":"Back to Basics","floor":25,"gold_loss":0},{"damage_healed":0,"gold_gain":0,"player_choice":"Shed Blood","damage_taken":19,"max_hp_gain":5,"max_hp_loss":0,"event_name":"Forgotten Altar","floor":27,"gold_loss":0},{"damage_healed":0,"gold_gain":0,"player_choice":"Inject Mutagens","damage_taken":0,"relics_obtained":["MutagenicStrength"],"max_hp_gain":0,"max_hp_loss":0,"event_name":"Drug Dealer","floor":31,"gold_loss":0},{"damage_healed":0,"gold_gain":0,"cards_transformed":["Dualcast"],"player_choice":"Transformed","damage_taken":0,"max_hp_gain":0,"max_hp_loss":0,"event_name":"Transmorgrifier","floor":44,"gold_loss":0,"cards_obtained":["Rainbow"]}],"is_beta":false,"boss_relics":[{"not_picked":["Calling Bell","Velvet Choker"],"picked":"Empty Cage"},{"not_picked":["Orrery","Runic Pyramid"],"picked":"Inserter"}],"items_purged_floors":[5,19,22,38],"is_endless":false,"potions_floor_spawned":[1,6,14,16,20,23,28,37,40,48],"ascension_level":1}