{"gold_per_floor":[115,134,234,234,234,262,262,282,337,337,371,70,70,70],"floor_reached":14,"playtime":605,"items_purged":["Defend_B"],"score":144,"play_id":"a59f40f8-97e1-4cfb-bab8-05c4b892c151","local_time":"20190926115559","is_ascension_mode":true,"campfire_choices":[{"floor":7,"key":"REST"},{"data":"Zap","floor":10,"key":"SMITH"}],"neow_cost":"NONE","seed_source_timestamp":1230345724852748,"circlet_count":0,"master_deck":["AscendersBane","Strike_B","Strike_B","Strike_B","Defend_B","Defend_B","Defend_B","Zap+1","Dualcast","Conserve Battery","FTL","Streamline","Leap","Cold Snap","Hologram","Genetic Algorithm+1"],"relics":["Cracked Core","Juzu Bracelet","Orichalcum","Tiny Chest","Regal Pillow","Blood Vial"],"potions_floor_usage":[6],"damage_taken":[{"damage":2,"enemies":"2 Louse","floor":1,"turns":2},{"damage":1,"enemies":"Cultist","floor":2,"turns":4},{"damage":40,"enemies":"Gremlin Nob","floor":6,"turns":4},{"damage":8,"enemies":"Jaw Worm","floor":8,"turns":4},{"damage":31,"enemies":"Lagavulin","floor":11,"turns":7},{"damage":3,"enemies":"Red Slaver","floor":14,"turns":1}],"seed_played":"650159964088223862","potions_obtained":[{"floor":2,"key":"FocusPotion"},{"floor":11,"key":"FocusPotion"}],"is_trial":false,"path_per_floor":["M","M","?","?","?","E","R","M","T","R","E","$","?","M"],"character_chosen":"DEFECT","items_purchased":["Blood Vial","Genetic Algorithm"],"campfire_rested":1,"item_purchase_floors":[12,12],"current_hp_per_floor":[66,65,65,58,58,18,40,32,32,32,1,1,1,0],"gold":70,"neow_bonus":"RANDOM_COMMON_RELIC","is_prod":false,"is_daily":false,"chose_seed":false,"campfire_upgraded":1,"win_rate":0,"timestamp":1569513359,"path_taken":["M","M","?","?","?","E","R","M","T","R","E","$","?","M"],"build_version":"2019-07-17","purchased_purges":1,"victory":false,"max_hp_per_floor":[75,75,75,75,75,75,75,75,75,75,75,75,75,75],"card_choices":[{"not_picked":["Redo","Tempest"],"picked":"Conserve Battery","floor":1},{"not_picked":["Barrage","Stack"],"picked":"FTL","floor":2},{"not_picked":["Chaos","BootSequence"],"picked":"Leap","floor":6},{"not_picked":["Streamline","Glacier"],"picked":"Cold Snap","floor":8},{"not_picked":["Go for the Eyes","Force Field"],"picked":"Hologram","floor":11}],"player_experience":423349,"relics_obtained":[{"floor":6,"key":"Orichalcum"},{"floor":9,"key":"Tiny Chest"},{"floor":11,"key":"Regal Pillow"}],"event_choices":[{"damage_healed":0,"gold_gain":100,"player_choice":"Pray","damage_taken":0,"max_hp_gain":0,"max_hp_loss":0,"event_name":"Golden Shrine","floor":3,"gold_loss":0},{"cards_removed":["Strike_B"],"damage_healed":0,"gold_gain":0,"player_choice":"Card Removal","damage_taken":7,"max_hp_gain":0,"max_hp_loss":0,"event_name":"Golden Wing","floor":4,"gold_loss":0},{"damage_healed":0,"gold_gain":0,"player_choice":"1 cards matched","damage_taken":0,"max_hp_gain":0,"max_hp_loss":0,"event_name":"Match and Keep!","floor":5,"gold_loss":0,"cards_obtained":["Streamline"]},{"damage_healed":0,"gold_gain":0,"player_choice":"Grow","damage_taken":0,"max_hp_gain":0,"max_hp_loss":0,"event_name":"Living Wall","floor":13,"gold_loss":0,"cards_upgraded":["Genetic Algorithm"]}],"is_beta":false,"boss_relics":[],"items_purged_floors":[12],"is_endless":false,"potions_floor_spawned":[2,11],"killed_by":"Red Slaver","ascension_level":10}