{"gold_per_floor":[14,27,44,57,69,97,97,123,146,146,146,182,9,23,23,151,151,175,199,65,84,84,84,117,40,40,40],"floor_reached":27,"playtime":1484,"items_purged":[],"score":276,"play_id":"d2ba058b-f90f-4f2a-bab6-22c8af02ace0","local_time":"20190906032607","is_ascension_mode":true,"campfire_choices":[{"data":"Neutralize","floor":7,"key":"SMITH"},{"floor":10,"key":"REST"},{"floor":15,"key":"REST"},{"floor":23,"key":"REST"}],"neow_cost":"NO_GOLD","seed_source_timestamp":873573851719100,"circlet_count":0,"master_deck":["Strike_G","Strike_G","Strike_G","Strike_G","Defend_G","Defend_G","Defend_G","Defend_G","Survivor","Neutralize+1","Heel Hook","Slice","Quick Slash","Choke","All Out Attack","Accuracy","Backflip","Blur","All Out Attack","Leg Sweep","Injury","Sucker Punch","The Bomb","Wraith Form v2","Finisher","Adrenaline","Dagger Throw","Flying Knee","Noxious Fumes","Footwork","J.A.X.","Well Laid Plans+1","Prepared","Burst"],"relics":["Ring of the Snake","Dream Catcher","WingedGreaves","Golden Idol","Centennial Puzzle","WristBlade","Smiling Mask","Omamori","Gremlin Horn"],"potions_floor_usage":[6,8,12,12,14,16,24,24,24],"damage_taken":[{"damage":1,"enemies":"Cultist","floor":1,"turns":3},{"damage":4,"enemies":"Jaw Worm","floor":2,"turns":3},{"damage":1,"enemies":"2 Louse","floor":3,"turns":3},{"damage":0,"enemies":"Lots of Slimes","floor":4,"turns":1},{"damage":4,"enemies":"2 Fungi Beasts","floor":5,"turns":3},{"damage":17,"enemies":"3 Sentries","floor":6,"turns":6},{"damage":1,"enemies":"Gremlin Nob","floor":8,"turns":3},{"damage":34,"enemies":"Lagavulin","floor":12,"turns":7},{"damage":11,"enemies":"Exordium Wildlife","floor":14,"turns":3},{"damage":35,"enemies":"Slime Boss","floor":16,"turns":7},{"damage":17,"enemies":"Spheric Guardian","floor":18,"turns":4},{"damage":26,"enemies":"Shell Parasite","floor":21,"turns":7},{"damage":29,"enemies":"Book of Stabbing","floor":24,"turns":6},{"damage":32,"enemies":"Cultist and Chosen","floor":27,"turns":4}],"seed_played":"-5102330318850876932","potions_obtained":[{"floor":2,"key":"Strength Potion"},{"floor":4,"key":"GamblersBrew"},{"floor":5,"key":"Poison Potion"},{"floor":8,"key":"Energy Potion"},{"floor":12,"key":"Weak Potion"},{"floor":14,"key":"Energy Potion"},{"floor":18,"key":"Poison Potion"},{"floor":21,"key":"Poison Potion"}],"is_trial":false,"path_per_floor":["M","M","M","M","M","E","R","E","T","R","?","E","$","M","R","B",null,"M","T","$","M","?","R","E","$","T","M"],"character_chosen":"THE_SILENT","items_purchased":["The Bomb","Flying Knee","Noxious Fumes","PowerPotion","Burst"],"campfire_rested":3,"item_purchase_floors":[13,20,20,20,25],"current_hp_per_floor":[69,65,64,64,60,43,43,42,42,63,63,29,29,18,39,4,70,53,53,53,27,27,48,19,19,19,0],"gold":40,"neow_bonus":"TRANSFORM_TWO_CARDS","is_prod":false,"is_daily":false,"chose_seed":false,"campfire_upgraded":1,"win_rate":0,"timestamp":1567765567,"path_taken":["M","M","M","?","M","E","R","E","T","R","?","E","?","?","R","BOSS","M","?","$","M","?","R","E","?","T","M"],"build_version":"2019-07-17","purchased_purges":0,"victory":false,"max_hp_per_floor":[70,70,70,70,70,70,70,70,70,70,70,70,70,70,70,70,70,70,70,70,70,70,70,70,70,70,70],"card_choices":[{"not_picked":["Bane","Concentrate"],"picked":"Quick Slash","floor":1},{"not_picked":["Deadly Poison","PiercingWail"],"picked":"Choke","floor":2},{"not_picked":["Expertise","Masterful Stab"],"picked":"All Out Attack","floor":3},{"not_picked":["Flying Knee","Dagger Throw"],"picked":"Accuracy","floor":4},{"not_picked":["Acrobatics","Flying Knee"],"picked":"Backflip","floor":5},{"not_picked":["Reflex","Eviscerate"],"picked":"Blur","floor":6},{"not_picked":["Eviscerate","Masterful Stab"],"picked":"All Out Attack","floor":8},{"not_picked":["Flechettes","Quick Slash"],"picked":"Leg Sweep","floor":10},{"not_picked":["Prepared","Poisoned Stab"],"picked":"Sucker Punch","floor":12},{"not_picked":["Bane","Blade Dance"],"picked":"Wraith Form v2","floor":14},{"not_picked":["Poisoned Stab","Backflip"],"picked":"Finisher","floor":15},{"not_picked":["Night Terror","Glass Knife"],"picked":"Adrenaline","floor":16},{"not_picked":["Masterful Stab","Deadly Poison"],"picked":"Dagger Throw","floor":18},{"not_picked":["Dodge and Roll+1","Quick Slash"],"picked":"Footwork","floor":21},{"not_picked":["Backflip","Flying Knee"],"picked":"Well Laid Plans+1","floor":23},{"not_picked":["Predator","Dodge and Roll"],"picked":"Prepared","floor":24}],"player_experience":275550,"relics_obtained":[{"floor":6,"key":"Dream Catcher"},{"floor":8,"key":"WingedGreaves"},{"floor":12,"key":"Centennial Puzzle"},{"floor":19,"key":"Smiling Mask"},{"floor":24,"key":"Omamori"},{"floor":26,"key":"Gremlin Horn"}],"event_choices":[{"damage_healed":0,"gold_gain":0,"player_choice":"Take Wound","damage_taken":0,"relics_obtained":["Golden Idol"],"max_hp_gain":0,"max_hp_loss":0,"event_name":"Golden Idol","floor":11,"gold_loss":0,"cards_obtained":["Injury"]},{"damage_healed":0,"gold_gain":0,"player_choice":"Obtain J.A.X.","damage_taken":0,"max_hp_gain":0,"max_hp_loss":0,"event_name":"Drug Dealer","floor":22,"gold_loss":0,"cards_obtained":["J.A.X."]}],"is_beta":false,"boss_relics":[{"not_picked":["Busted Crown","Lizard Tail"],"picked":"WristBlade"}],"items_purged_floors":[],"is_endless":false,"potions_floor_spawned":[2,4,5,8,12,14,18,21],"killed_by":"Cultist and Chosen","ascension_level":2}