{"gold_per_floor":[114,64,64,82,35,69,85,118,118,158,158,179,241,24,24,155,155,170,170,30,30,30,73,73,88,88,112,128,253,297,315,315,445,445,465,478,537,552,677,677,716,716,716,743,769,856,884,917,929,941],"floor_reached":50,"playtime":3357,"items_purged":[],"score":686,"play_id":"b469cc89-ade2-4e4f-af6d-3bac9181c86c","local_time":"20190507043242","is_ascension_mode":true,"campfire_choices":[{"floor":15,"key":"REST"},{"floor":24,"key":"REST"},{"floor":32,"key":"REST"},{"data":"Double Tap","floor":40,"key":"SMITH"},{"floor":42,"key":"REST"},{"data":"Seeing Red","floor":49,"key":"SMITH"}],"neow_cost":"NONE","seed_source_timestamp":107969234602244,"circlet_count":0,"master_deck":["Bash","Cleave","Shrug It Off","Entrench","Seeing Red+1","Hemokinesis+1","Rampage+1","Perfected Strike+1","Armaments","Body Slam+1","Bludgeon+1","Anger+1","Heavy Blade+1","Pommel Strike+1","Mind Blast+1","RitualDagger+1","Intimidate","Whirlwind+1","Iron Wave+1","Flex+1","Headbutt+1","Clothesline+1","Immolate+1","Infernal Blade+1","Double Tap+1","Blood for Blood+1","Second Wind","Bloodletting","Shrug It Off","Pommel Strike+1","Twin Strike+1","Metallicize","Shockwave","Thunderclap+1","Dropkick+1","Searing Blow+1","Entrench+1","Disarm+1","Warcry+1","Dropkick+1","Infernal Blade","Anger+1"],"relics":["Burning Blood","NeowsBlessing","Golden Idol","Molten Egg 2","Pen Nib","Matryoshka","Smiling Mask","Lantern","White Beast Statue","Bag of Marbles","Oddly Smooth Stone","Red Skull","StoneCalendar","Question Card","Boot","Pandora\u0027s Box","Magic Flower","Unceasing Top","Dodecahedron","Bronze Scales","MawBank","Bottled Flame"],"potions_floor_usage":[10,10,16,27,27,27,29,29,33,33,36,37,38,39,39,41,41,44,45,50,50,50],"damage_taken":[{"damage":0,"enemies":"Jaw Worm","floor":1,"turns":1},{"damage":0,"enemies":"Small Slimes","floor":4,"turns":1},{"damage":0,"enemies":"Gremlin Nob","floor":6,"turns":1},{"damage":0,"enemies":"2 Louse","floor":7,"turns":2},{"damage":59,"enemies":"Lagavulin","floor":8,"turns":9},{"damage":23,"enemies":"3 Sentries","floor":10,"turns":7},{"damage":9,"enemies":"Exordium Thugs","floor":12,"turns":3},{"damage":49,"enemies":"Hexaghost","floor":16,"turns":10},{"damage":16,"enemies":"3 Byrds","floor":18,"turns":6},{"damage":45,"enemies":"Book of Stabbing","floor":23,"turns":4},{"damage":5,"enemies":"Chosen","floor":25,"turns":2},{"damage":3,"enemies":"Centurion and Healer","floor":27,"turns":4},{"damage":15,"enemies":"Snecko","floor":28,"turns":3},{"damage":3,"enemies":"Colosseum Slavers","floor":29,"turns":2},{"damage":0,"enemies":"Colosseum Nobs","floor":29,"turns":2},{"damage":7,"enemies":"Slavers","floor":30,"turns":2},{"damage":6,"enemies":"Cultist and Chosen","floor":31,"turns":3},{"damage":35,"enemies":"Automaton","floor":33,"turns":8},{"damage":7,"enemies":"Orb Walker","floor":35,"turns":3},{"damage":0,"enemies":"3 Darklings","floor":36,"turns":2},{"damage":18,"enemies":"2 Orb Walkers","floor":37,"turns":3},{"damage":12,"enemies":"Transient","floor":38,"turns":5},{"damage":27,"enemies":"Mind Bloom Boss Battle","floor":39,"turns":6},{"damage":57,"enemies":"Giant Head","floor":41,"turns":7},{"damage":4,"enemies":"Spire Growth","floor":44,"turns":1},{"damage":0,"enemies":"Sphere and 2 Shapes","floor":45,"turns":1},{"damage":8,"enemies":"Transient","floor":47,"turns":5},{"damage":0,"enemies":"Jaw Worm Horde","floor":48,"turns":1},{"damage":98,"enemies":"Donu and Deca","floor":50,"turns":6}],"seed_played":"-3984288128180983662","potions_obtained":[{"floor":4,"key":"Weak Potion"},{"floor":8,"key":"GamblersBrew"},{"floor":12,"key":"Block Potion"},{"floor":18,"key":"LiquidBronze"},{"floor":23,"key":"Explosive Potion"},{"floor":25,"key":"Swift Potion"},{"floor":27,"key":"Explosive Potion"},{"floor":28,"key":"EssenceOfSteel"},{"floor":29,"key":"GamblersBrew"},{"floor":30,"key":"PowerPotion"},{"floor":31,"key":"EssenceOfSteel"},{"floor":33,"key":"Swift Potion"},{"floor":35,"key":"Regen Potion"},{"floor":36,"key":"Swift Potion"},{"floor":37,"key":"BloodPotion"},{"floor":38,"key":"SteroidPotion"},{"floor":39,"key":"Poison Potion"},{"floor":41,"key":"Fruit Juice"},{"floor":44,"key":"Poison Potion"},{"floor":45,"key":"PowerPotion"},{"floor":47,"key":"Ancient Potion"},{"floor":48,"key":"Swift Potion"}],"is_trial":false,"path_per_floor":["M","?","?","M","$","E","M","E","T","E","?","M","?","$","R","B",null,"M","?","$","?","?","E","R","M","T","M","M","?","E","M","R","B",null,"M","M","?","M","?","R","E","R","T","M","M","T","M","M","R","B"],"character_chosen":"IRONCLAD","items_purchased":["Shrug It Off","Lantern","Armaments","Body Slam+1","Pommel Strike+1","Mind Blast+1"],"campfire_rested":4,"item_purchase_floors":[5,14,14,14,20,20],"current_hp_per_floor":[80,80,60,66,66,72,78,25,25,8,34,31,31,31,55,12,80,70,70,70,64,64,25,49,50,50,53,44,53,52,52,76,47,80,79,80,68,65,69,69,38,63,63,68,77,77,78,85,85,0],"gold":941,"neow_bonus":"THREE_ENEMY_KILL","is_prod":false,"is_daily":false,"chose_seed":false,"campfire_upgraded":2,"win_rate":0,"timestamp":1557228762,"path_taken":["M","?","?","M","$","E","M","E","T","E","?","?","?","?","R","BOSS","M","?","$","?","?","E","R","M","T","?","M","?","E","M","R","BOSS","M","M","?","M","?","R","E","R","T","M","M","?","?","M","R","BOSS"],"build_version":"2019-01-23","purchased_purges":0,"victory":false,"max_hp_per_floor":[80,80,80,80,80,80,80,80,80,80,80,80,80,80,80,80,80,80,80,80,80,80,80,80,80,80,80,80,80,80,80,80,80,80,80,80,80,80,80,80,85,85,85,85,85,85,85,85,85,85],"card_choices":[{"not_picked":["Body Slam","Evolve"],"picked":"Cleave","floor":1},{"not_picked":["Corruption","Wild Strike","Sword Boomerang"],"picked":"SKIP","floor":4},{"not_picked":["Corruption","Burning Pact"],"picked":"Entrench","floor":6},{"not_picked":["Rage","Metallicize"],"picked":"Seeing Red","floor":7},{"not_picked":["Metallicize","Burning Pact"],"picked":"Hemokinesis+1","floor":8},{"not_picked":["Shrug It Off","Pommel Strike+1"],"picked":"Rampage+1","floor":10},{"not_picked":["Wild Strike+1","Seeing Red"],"picked":"Perfected Strike+1","floor":12},{"not_picked":["Limit Break","Immolate+1"],"picked":"Bludgeon+1","floor":16},{"not_picked":["Bloodletting","Intimidate"],"picked":"Anger+1","floor":18},{"not_picked":["Blood for Blood+1","Clothesline+1"],"picked":"Whirlwind+1","floor":23},{"not_picked":["Sever Soul+1","Carnage+1"],"picked":"Iron Wave+1","floor":25},{"not_picked":["Clothesline+1","Body Slam+1"],"picked":"Flex+1","floor":27},{"not_picked":["Flex+1","Sword Boomerang+1"],"picked":"Headbutt+1","floor":28},{"not_picked":["Havoc","Clash+1"],"picked":"Clothesline+1","floor":29},{"not_picked":["Flex","Perfected Strike+1","Sentinel"],"picked":"Immolate+1","floor":30},{"not_picked":["Clash+1","Heavy Blade+1","Perfected Strike+1"],"picked":"Infernal Blade+1","floor":31},{"not_picked":["Exhume","Reaper+1","Fiend Fire+1"],"picked":"Double Tap","floor":33},{"not_picked":["Hemokinesis+1","Havoc+1","Body Slam+1"],"picked":"Shockwave","floor":35},{"not_picked":["Shockwave","Cleave+1","Uppercut+1"],"picked":"Thunderclap+1","floor":36},{"not_picked":["Twin Strike+1","Thunderclap+1","Dual Wield+1"],"picked":"Dropkick+1","floor":37},{"not_picked":["Immolate+1","Battle Trance","Heavy Blade+1"],"picked":"Searing Blow+1","floor":38},{"not_picked":["Flex+1","Havoc+1","Perfected Strike+1"],"picked":"Entrench+1","floor":39},{"not_picked":["Feel No Pain","Metallicize+1","Cleave+1"],"picked":"Disarm+1","floor":41},{"not_picked":["Burning Pact+1","Sentinel","Wild Strike+1"],"picked":"Warcry+1","floor":44},{"not_picked":["Corruption+1","Searing Blow+1","Hemokinesis+1"],"picked":"Dropkick+1","floor":45},{"not_picked":["Entrench+1","Thunderclap+1","Dual Wield"],"picked":"Infernal Blade","floor":47},{"not_picked":["Cleave+1","Flex","Sword Boomerang+1"],"picked":"Anger+1","floor":48}],"player_experience":126858,"relics_obtained":[{"floor":6,"key":"Molten Egg 2"},{"floor":8,"key":"Pen Nib"},{"floor":9,"key":"Matryoshka"},{"floor":10,"key":"Smiling Mask"},{"floor":23,"key":"Bag of Marbles"},{"floor":26,"key":"Oddly Smooth Stone"},{"floor":26,"key":"Red Skull"},{"floor":29,"key":"StoneCalendar"},{"floor":29,"key":"Question Card"},{"floor":30,"key":"Boot"},{"floor":37,"key":"Magic Flower"},{"floor":39,"key":"Unceasing Top"},{"floor":41,"key":"Dodecahedron"},{"floor":43,"key":"Bronze Scales"},{"floor":43,"key":"MawBank"},{"floor":46,"key":"Bottled Flame"}],"event_choices":[{"cards_removed":["Strike_R"],"damage_healed":0,"gold_gain":0,"player_choice":"Card Removal","damage_taken":0,"max_hp_gain":0,"max_hp_loss":0,"event_name":"The Cleric","floor":2,"gold_loss":50},{"damage_healed":0,"gold_gain":0,"player_choice":"Take Damage","damage_taken":20,"relics_obtained":["Golden Idol"],"max_hp_gain":0,"max_hp_loss":0,"event_name":"Golden Idol","floor":3,"gold_loss":0},{"damage_healed":26,"gold_gain":0,"player_choice":"Banana","damage_taken":0,"max_hp_gain":0,"max_hp_loss":0,"event_name":"Big Fish","floor":11,"gold_loss":0},{"damage_healed":0,"gold_gain":62,"player_choice":"Gained Gold","damage_taken":0,"max_hp_gain":0,"max_hp_loss":0,"event_name":"Golden Wing","floor":13,"gold_loss":0},{"damage_healed":0,"gold_gain":0,"player_choice":"Read","damage_taken":0,"max_hp_gain":0,"max_hp_loss":0,"event_name":"The Library","floor":19,"gold_loss":0,"cards_obtained":["Heavy Blade"]},{"damage_healed":0,"gold_gain":0,"player_choice":"Joined the Cult","damage_taken":6,"max_hp_gain":0,"max_hp_loss":0,"event_name":"Nest","floor":21,"gold_loss":0,"cards_obtained":["RitualDagger"]},{"damage_healed":0,"gold_gain":0,"cards_transformed":["Strike_R"],"player_choice":"Transformed","damage_taken":0,"max_hp_gain":0,"max_hp_loss":0,"event_name":"Transmorgrifier","floor":22,"gold_loss":0,"cards_obtained":["Intimidate"]},{"damage_healed":0,"gold_gain":0,"player_choice":"Fight","damage_taken":0,"max_hp_gain":0,"max_hp_loss":0,"event_name":"Colosseum","floor":29,"gold_loss":0},{"damage_healed":0,"gold_gain":0,"player_choice":"Fought Nobs","damage_taken":0,"max_hp_gain":0,"max_hp_loss":0,"event_name":"Colosseum","floor":29,"gold_loss":0},{"damage_healed":0,"gold_gain":0,"player_choice":"Fight","damage_taken":0,"max_hp_gain":0,"max_hp_loss":0,"event_name":"Mysterious Sphere","floor":37,"gold_loss":0},{"damage_healed":0,"gold_gain":0,"player_choice":"Fight","damage_taken":0,"max_hp_gain":0,"max_hp_loss":0,"event_name":"MindBloom","floor":39,"gold_loss":0}],"is_beta":false,"boss_relics":[{"not_picked":["Fusion Hammer","Busted Crown"],"picked":"White Beast Statue"},{"not_picked":["Sozu","Runic Pyramid"],"picked":"Pandora\u0027s Box"}],"items_purged_floors":[],"is_endless":false,"potions_floor_spawned":[4,8,12,18,23,25,27,28,29,29,30,31,33,35,36,37,38,39,41,44,45,47,48],"killed_by":"Donu and Deca","ascension_level":1}