{"gold_per_floor":[118,136,153,153,170,170,204,204,204,235,255,7,7],"floor_reached":13,"playtime":1051,"items_purged":[],"score":109,"play_id":"aea8ff3c-cd91-479d-a73f-f1973fa1f523","local_time":"20190812000145","is_ascension_mode":true,"campfire_choices":[{"floor":6,"key":"REST"},{"floor":8,"key":"REST"}],"neow_cost":"NONE","seed_source_timestamp":422391360215500,"circlet_count":0,"master_deck":["Strike_R","Strike_R","Strike_R","Strike_R","Strike_R","Defend_R","Defend_R+1","Defend_R","Defend_R","Bash","Dual Wield","Headbutt+1","Thunderclap","Pommel Strike","Barricade","Flex+1","Power Through+1","Trip+1"],"relics":["Burning Blood","Bronze Scales","Toxic Egg 2","Matryoshka","Bag of Marbles","Lantern"],"potions_floor_usage":[7,11,13],"damage_taken":[{"damage":18,"enemies":"Jaw Worm","floor":1,"turns":4},{"damage":15,"enemies":"2 Louse","floor":2,"turns":2},{"damage":1,"enemies":"Cultist","floor":3,"turns":3},{"damage":7,"enemies":"Large Slime","floor":5,"turns":5},{"damage":37,"enemies":"3 Sentries","floor":7,"turns":5},{"damage":55,"enemies":"Lagavulin","floor":10,"turns":7},{"damage":7,"enemies":"Lots of Slimes","floor":11,"turns":3},{"damage":18,"enemies":"Gremlin Gang","floor":13,"turns":3}],"seed_played":"-6856587940801221812","potions_obtained":[{"floor":1,"key":"Poison Potion"},{"floor":3,"key":"FearPotion"},{"floor":7,"key":"EssenceOfSteel"},{"floor":11,"key":"Dexterity Potion"}],"is_trial":false,"path_per_floor":["M","M","M","?","M","R","E","R","T","E","M","$","M"],"character_chosen":"IRONCLAD","items_purchased":["Lantern","Trip+1"],"campfire_rested":2,"item_purchase_floors":[12,12],"current_hp_per_floor":[68,59,64,48,47,71,40,64,64,15,14,14,0],"gold":7,"neow_bonus":"RANDOM_COMMON_RELIC","is_prod":false,"is_daily":false,"chose_seed":false,"campfire_upgraded":0,"win_rate":0,"timestamp":1565593305,"path_taken":["M","M","M","?","M","R","E","R","T","E","M","$","M"],"build_version":"2019-07-17","purchased_purges":0,"victory":false,"max_hp_per_floor":[80,80,80,80,80,80,80,80,80,80,80,80,80],"card_choices":[{"not_picked":["Combust","Warcry"],"picked":"Dual Wield","floor":1},{"not_picked":["Infernal Blade","Evolve"],"picked":"Headbutt","floor":2},{"not_picked":["Sever Soul","Entrench"],"picked":"Thunderclap","floor":3},{"not_picked":["Wild Strike","Shrug It Off"],"picked":"Pommel Strike","floor":5},{"not_picked":["Rupture","Rage"],"picked":"Barricade","floor":7},{"not_picked":["Warcry+1","Entrench+1"],"picked":"Flex+1","floor":10},{"not_picked":["Body Slam","Clothesline"],"picked":"Power Through+1","floor":11}],"player_experience":225026,"relics_obtained":[{"floor":7,"key":"Toxic Egg 2"},{"floor":9,"key":"Matryoshka"},{"floor":10,"key":"Bag of Marbles"}],"event_choices":[{"damage_healed":0,"gold_gain":0,"player_choice":"Entered Light","damage_taken":16,"max_hp_gain":0,"max_hp_loss":0,"event_name":"Shining Light","floor":4,"gold_loss":0,"cards_upgraded":["Defend_R","Headbutt"]}],"is_beta":false,"boss_relics":[],"items_purged_floors":[],"is_endless":false,"potions_floor_spawned":[1,3,7,11],"killed_by":"Gremlin Gang","ascension_level":3}