{"gold_per_floor":[18,18,37,54,54,54,82,82,82,100,100,114,114,114],"floor_reached":14,"playtime":525,"items_purged":[],"score":99,"play_id":"119fb146-4a9d-46bf-a68b-76f89eb7fc86","local_time":"20190605011504","is_ascension_mode":true,"campfire_choices":[{"data":"Bash","floor":6,"key":"SMITH"},{"data":"Dual Wield","floor":8,"key":"SMITH"}],"neow_cost":"NO_GOLD","seed_source_timestamp":1656267247474762,"circlet_count":0,"master_deck":["Strike_R","Strike_R","Strike_R","Strike_R","Strike_R","Defend_R","Defend_R","Defend_R","Bash+1","Inflame","Perfected Strike","Shrug It Off","Dual Wield+1","Headbutt","Seeing Red"],"relics":["Burning Blood","StoneCalendar","Question Card","Sundial","CultistMask","Blue Candle"],"potions_floor_usage":[12],"damage_taken":[{"damage":6,"enemies":"Cultist","floor":1,"turns":3},{"damage":0,"enemies":"Small Slimes","floor":3,"turns":3},{"damage":14,"enemies":"Jaw Worm","floor":4,"turns":3},{"damage":29,"enemies":"3 Sentries","floor":7,"turns":7},{"damage":14,"enemies":"Red Slaver","floor":10,"turns":2},{"damage":34,"enemies":"Lots of Slimes","floor":12,"turns":4},{"damage":21,"enemies":"Exordium Thugs","floor":14,"turns":3}],"seed_played":"-4469307315652343340","potions_obtained":[{"floor":1,"key":"LiquidBronze"},{"floor":7,"key":"Dexterity Potion"},{"floor":12,"key":"Ancient Potion"}],"is_trial":false,"path_per_floor":["M","?","M","M","?","R","E","R","T","M","?","M","T","M"],"character_chosen":"IRONCLAD","items_purchased":[],"campfire_rested":0,"item_purchase_floors":[],"current_hp_per_floor":[80,80,80,72,77,77,54,54,54,46,46,18,18,0],"gold":114,"neow_bonus":"ONE_RARE_RELIC","is_prod":false,"is_daily":false,"chose_seed":false,"campfire_upgraded":2,"win_rate":0,"timestamp":1559722504,"path_taken":["M","?","M","?","?","R","E","R","T","M","?","?","?","?"],"build_version":"2019-01-23","purchased_purges":0,"victory":false,"max_hp_per_floor":[80,80,80,80,85,85,85,85,85,85,85,85,85,85],"card_choices":[{"not_picked":["Power Through","Dropkick"],"picked":"Inflame","floor":1},{"not_picked":["Dropkick","Battle Trance"],"picked":"Perfected Strike","floor":3},{"not_picked":["Twin Strike","Body Slam"],"picked":"Shrug It Off","floor":4},{"not_picked":["Heavy Blade","Thunderclap"],"picked":"Dual Wield","floor":7},{"not_picked":["Clothesline","Perfected Strike","Clash"],"picked":"Headbutt","floor":10},{"not_picked":["Body Slam","Offering","Infernal Blade"],"picked":"Seeing Red","floor":12}],"player_experience":161733,"relics_obtained":[{"floor":7,"key":"Question Card"},{"floor":9,"key":"Sundial"},{"floor":13,"key":"Blue Candle"}],"event_choices":[{"cards_removed":["Defend_R"],"damage_healed":0,"gold_gain":0,"player_choice":"Offered Basic","damage_taken":0,"max_hp_gain":0,"max_hp_loss":0,"event_name":"Bonfire Elementals","floor":2,"gold_loss":0},{"damage_healed":0,"gold_gain":0,"player_choice":"Donut","damage_taken":0,"max_hp_gain":5,"max_hp_loss":0,"event_name":"Big Fish","floor":5,"gold_loss":0},{"damage_healed":0,"gold_gain":0,"player_choice":"Trade","damage_taken":0,"relics_obtained":["CultistMask"],"max_hp_gain":0,"max_hp_loss":0,"event_name":"FaceTrader","floor":11,"gold_loss":0}],"is_beta":false,"boss_relics":[],"items_purged_floors":[],"is_endless":false,"potions_floor_spawned":[1,7,12],"killed_by":"Exordium Thugs","ascension_level":2}