{"gold_per_floor":[114,128,140,215,195,222,240,240,264,275,289,289,307,319,319,416,416,434,444,52,52],"floor_reached":21,"playtime":665,"items_purged":["Strike_B"],"score":185,"play_id":"612368a2-60e5-4c6e-9c34-89ab1947b834","local_time":"20191025151751","is_ascension_mode":false,"campfire_choices":[{"data":"Defragment","floor":8,"key":"SMITH"},{"floor":12,"key":"REST"},{"floor":15,"key":"REST"}],"neow_cost":"NONE","seed_source_timestamp":1320018643494800,"circlet_count":0,"master_deck":["Strike_B","Strike_B","Strike_B","Defend_B","Defend_B","Defend_B","Defend_B","Zap","Dualcast","Defragment+1","Undo","Conserve Battery","Sweeping Beam","Leap","Conserve Battery","Barrage","Biased Cognition","Defragment","Chrysalis"],"relics":["Cracked Core","Ancient Tea Set","Centennial Puzzle","Pen Nib","Snecko Eye","Regal Pillow"],"potions_floor_usage":[5,6,6,14,16],"damage_taken":[{"damage":0,"enemies":"Small Slimes","floor":1,"turns":4},{"damage":0,"enemies":"2 Louse","floor":2,"turns":2},{"damage":6,"enemies":"Cultist","floor":3,"turns":3},{"damage":16,"enemies":"Lagavulin","floor":6,"turns":5},{"damage":6,"enemies":"2 Fungi Beasts","floor":7,"turns":3},{"damage":7,"enemies":"Blue Slaver","floor":10,"turns":3},{"damage":24,"enemies":"Large Slime","floor":11,"turns":8},{"damage":0,"enemies":"Exordium Wildlife","floor":13,"turns":2},{"damage":5,"enemies":"Exordium Thugs","floor":14,"turns":5},{"damage":25,"enemies":"Slime Boss","floor":16,"turns":9},{"damage":22,"enemies":"2 Thieves","floor":18,"turns":4},{"damage":11,"enemies":"Shell Parasite","floor":19,"turns":7},{"damage":10,"enemies":"Centurion and Healer","floor":21,"turns":7}],"seed_played":"-6772413454815883019","potions_obtained":[{"floor":2,"key":"AttackPotion"},{"floor":3,"key":"FearPotion"},{"floor":5,"key":"Fruit Juice"},{"floor":7,"key":"Weak Potion"},{"floor":10,"key":"Strength Potion"},{"floor":11,"key":"Block Potion"},{"floor":19,"key":"Weak Potion"}],"is_trial":false,"path_per_floor":["M","M","M","?","?","E","M","R","T","M","M","R","M","M","R","B",null,"M","M","$","M"],"character_chosen":"DEFECT","items_purchased":["Chrysalis","Regal Pillow"],"campfire_rested":2,"item_purchase_floors":[20,20],"current_hp_per_floor":[75,75,69,58,63,47,41,41,41,34,10,34,34,29,53,28,80,58,47,47,37],"gold":52,"neow_bonus":"RANDOM_COMMON_RELIC","is_prod":false,"is_daily":false,"chose_seed":false,"campfire_upgraded":1,"win_rate":0,"timestamp":1572031071,"path_taken":["M","M","M","?","?","E","M","R","T","M","M","R","M","?","R","BOSS","M","M","$","M"],"build_version":"2019-07-17","purchased_purges":1,"victory":false,"max_hp_per_floor":[75,75,75,75,80,80,80,80,80,80,80,80,80,80,80,80,80,80,80,80,80],"card_choices":[{"not_picked":["Conserve Battery","Auto Shields"],"picked":"Defragment","floor":1},{"not_picked":["Tempest","Darkness"],"picked":"Undo","floor":2},{"not_picked":["Chaos","Steam"],"picked":"Conserve Battery","floor":3},{"not_picked":["White Noise","Compile Driver"],"picked":"Sweeping Beam","floor":6},{"not_picked":["Hologram","Tempest"],"picked":"Leap","floor":7},{"not_picked":["Leap","Hologram","Redo"],"picked":"SKIP","floor":10},{"not_picked":["Turbo","Scrape","Chaos"],"picked":"SKIP","floor":11},{"not_picked":["Recycle","Hello World"],"picked":"Conserve Battery","floor":13},{"not_picked":["Beam Cell","Go for the Eyes"],"picked":"Barrage","floor":14},{"not_picked":["Thunder Strike","Creative AI"],"picked":"Biased Cognition","floor":16},{"not_picked":["Go for the Eyes","Hello World+1"],"picked":"Defragment","floor":18},{"not_picked":["White Noise","Steam","Blizzard"],"picked":"SKIP","floor":19}],"player_experience":584632,"relics_obtained":[{"floor":6,"key":"Centennial Puzzle"},{"floor":9,"key":"Pen Nib"}],"event_choices":[{"damage_healed":0,"gold_gain":75,"player_choice":"Gather Gold","damage_taken":11,"max_hp_gain":0,"max_hp_loss":0,"event_name":"World of Goop","floor":4,"gold_loss":0},{"damage_healed":0,"gold_gain":0,"player_choice":"Bought 1 Potion","damage_taken":0,"max_hp_gain":0,"max_hp_loss":0,"event_name":"The Woman in Blue","floor":5,"gold_loss":0}],"is_beta":false,"boss_relics":[{"not_picked":["Lizard Tail","Runic Dome"],"picked":"Snecko Eye"}],"items_purged_floors":[20],"is_endless":false,"potions_floor_spawned":[2,3,7,10,11,19],"killed_by":"Centurion and Healer","ascension_level":0}