{"gold_per_floor":[117,127,140,152,164,164,183,183,183,183,208,208,226,28,28,124,124,147,197,221,221],"floor_reached":21,"playtime":832,"items_purged":["Strike_B"],"score":339,"play_id":"df05600c-b76b-423e-ac25-2d19c1380add","local_time":"20191029190123","is_ascension_mode":true,"campfire_choices":[{"data":"Loop","floor":6,"key":"SMITH"},{"data":"Loop","floor":8,"key":"SMITH"},{"floor":10,"key":"REST"},{"floor":15,"key":"REST"}],"neow_cost":"NONE","seed_source_timestamp":1678909489656400,"circlet_count":0,"master_deck":["AscendersBane","Strike_B","Strike_B","Strike_B","Defend_B","Defend_B","Defend_B","Defend_B","Zap+1","Dualcast","Loop+1","Gash","Streamline","Gash","Conserve Battery","Loop+1","Cold Snap","Reinforced Body","Electrodynamics","Coolheaded","Coolheaded"],"relics":["Cracked Core","Mercury Hourglass","Golden Idol","Busted Crown"],"potions_floor_usage":[11,11,16,18,18,20],"damage_taken":[{"damage":2,"enemies":"Cultist","floor":1,"turns":4},{"damage":0,"enemies":"2 Louse","floor":2,"turns":2},{"damage":7,"enemies":"Jaw Worm","floor":3,"turns":3},{"damage":11,"enemies":"Blue Slaver","floor":4,"turns":3},{"damage":5,"enemies":"2 Fungi Beasts","floor":5,"turns":4},{"damage":2,"enemies":"Red Slaver","floor":7,"turns":3},{"damage":13,"enemies":"Lagavulin","floor":11,"turns":5},{"damage":25,"enemies":"Gremlin Gang","floor":13,"turns":3},{"damage":33,"enemies":"The Guardian","floor":16,"turns":9},{"damage":0,"enemies":"3 Byrds","floor":18,"turns":3},{"damage":27,"enemies":"2 Thieves","floor":20,"turns":4},{"damage":26,"enemies":"Snecko","floor":21,"turns":4}],"seed_played":"3733867333840323877","potions_obtained":[{"floor":1,"key":"Strength Potion"},{"floor":3,"key":"SpeedPotion"},{"floor":16,"key":"EntropicBrew"}],"is_trial":false,"path_per_floor":["M","M","M","M","M","R","M","R","T","R","E","?","M","$","R","B",null,"M","?","M","M"],"character_chosen":"DEFECT","items_purchased":["Reinforced Body","LiquidBronze"],"campfire_rested":2,"item_purchase_floors":[14,14],"current_hp_per_floor":[62,62,55,44,39,39,37,37,37,58,45,45,20,20,39,6,50,50,50,23,0],"gold":221,"neow_bonus":"UPGRADE_CARD","is_prod":false,"is_daily":false,"chose_seed":false,"campfire_upgraded":2,"win_rate":0,"timestamp":1572390083,"path_taken":["M","M","M","M","M","R","M","R","T","R","E","?","M","$","R","BOSS","M","?","M","M"],"build_version":"2019-07-17","purchased_purges":1,"victory":false,"max_hp_per_floor":[71,71,71,71,71,71,71,71,71,71,71,64,64,64,64,64,64,64,64,64,64],"card_choices":[{"not_picked":["Beam Cell","Scrape"],"picked":"Loop","floor":1},{"not_picked":["Redo","Compile Driver"],"picked":"Gash","floor":2},{"not_picked":["Fusion","Lockon"],"picked":"Streamline","floor":3},{"not_picked":["Self Repair","Go for the Eyes"],"picked":"Gash","floor":4},{"not_picked":["Hologram","Beam Cell"],"picked":"Conserve Battery","floor":5},{"not_picked":["Stack","Rip and Tear"],"picked":"Loop","floor":7},{"not_picked":["Tempest","Stack","Turbo"],"picked":"SKIP","floor":11},{"not_picked":["Redo","Recycle"],"picked":"Cold Snap","floor":13},{"not_picked":["Meteor Strike","Core Surge"],"picked":"Electrodynamics","floor":16},{"not_picked":[],"picked":"Coolheaded","floor":18},{"not_picked":[],"picked":"Coolheaded","floor":20}],"player_experience":688947,"relics_obtained":[{"floor":11,"key":"Mercury Hourglass"}],"event_choices":[{"damage_healed":0,"gold_gain":0,"player_choice":"Lose Max HP","damage_taken":0,"relics_obtained":["Golden Idol"],"max_hp_gain":0,"max_hp_loss":7,"event_name":"Golden Idol","floor":12,"gold_loss":0},{"damage_healed":0,"gold_gain":50,"player_choice":"Stole From Cult","damage_taken":0,"max_hp_gain":0,"max_hp_loss":0,"event_name":"Nest","floor":19,"gold_loss":0}],"is_beta":false,"boss_relics":[{"not_picked":["Pandora\u0027s Box","White Beast Statue"],"picked":"Busted Crown"}],"items_purged_floors":[14],"is_endless":false,"potions_floor_spawned":[1,3,7,16],"killed_by":"Snecko","ascension_level":17}