{"gold_per_floor":[110,110,127,127,127,171,171,214,237,1,41,41,65,26,26,151,151,167,167,160,183,183],"floor_reached":22,"playtime":1282,"items_purged":[],"score":211,"play_id":"461f1d16-bb3e-4f00-bdd3-598420b2fed6","local_time":"20190507030912","is_ascension_mode":true,"campfire_choices":[{"floor":7,"key":"REST"},{"data":"Fire Breathing","floor":12,"key":"SMITH"},{"data":"Bash","floor":15,"key":"SMITH"}],"neow_cost":"CURSE","seed_source_timestamp":105036424271093,"circlet_count":0,"master_deck":["Strike_R","Strike_R+1","Strike_R","Strike_R","Defend_R","Defend_R","Defend_R","Bash+1","Iron Wave+1","Flex","Cleave","Injury","Fire Breathing+1","Bandage Up","Twin Strike","Ghostly Armor","Rage","Juggernaut","Parasite","Decay","Pain","Clash","Bandage Up","Heavy Blade+1","Seeing Red+1"],"relics":["Burning Blood","Golden Idol","Spirit Poop","Bag of Marbles","Strawberry","Ancient Tea Set","PreservedInsect","Pantograph","Calling Bell","Vajra","Darkstone Periapt","Ginger"],"potions_floor_usage":[6,11,16,16,21],"damage_taken":[{"damage":4,"enemies":"Jaw Worm","floor":1,"turns":3},{"damage":1,"enemies":"2 Louse","floor":3,"turns":3},{"damage":24,"enemies":"3 Sentries","floor":6,"turns":6},{"damage":17,"enemies":"Gremlin Nob","floor":8,"turns":4},{"damage":2,"enemies":"3 Sentries","floor":11,"turns":6},{"damage":1,"enemies":"Small Slimes","floor":13,"turns":2},{"damage":53,"enemies":"The Guardian","floor":16,"turns":10},{"damage":32,"enemies":"Spheric Guardian","floor":18,"turns":6},{"damage":30,"enemies":"2 Thieves","floor":20,"turns":4},{"damage":25,"enemies":"Snake Plant","floor":21,"turns":4},{"damage":41,"enemies":"Shelled Parasite and Fungi","floor":22,"turns":5}],"seed_played":"-9118008723653063368","potions_obtained":[{"floor":3,"key":"Explosive Potion"},{"floor":6,"key":"Energy Potion"},{"floor":11,"key":"Poison Potion"},{"floor":13,"key":"FearPotion"},{"floor":18,"key":"EssenceOfSteel"}],"is_trial":false,"path_per_floor":["M","?","M","?","?","E","R","E","T","$","E","R","M","$","R","B",null,"M","?","M","M","M"],"character_chosen":"IRONCLAD","items_purchased":["PreservedInsect","Bandage Up","Rage"],"campfire_rested":1,"item_purchase_floors":[10,10,14],"current_hp_per_floor":[80,64,69,69,69,51,75,71,71,71,79,79,87,87,87,44,87,64,64,48,33,0],"gold":183,"neow_bonus":"TRANSFORM_TWO_CARDS","is_prod":false,"is_daily":false,"chose_seed":false,"campfire_upgraded":2,"win_rate":0,"timestamp":1557223752,"path_taken":["M","?","M","?","?","E","R","E","T","$","E","R","?","?","R","BOSS","M","?","?","M","M"],"build_version":"2019-01-23","purchased_purges":0,"victory":false,"max_hp_per_floor":[80,80,80,80,80,80,80,87,87,87,87,87,87,87,87,87,87,87,87,87,87,87],"card_choices":[{"not_picked":["Searing Blow","Iron Wave","Sword Boomerang"],"picked":"SKIP","floor":1},{"not_picked":["Iron Wave","Perfected Strike"],"picked":"Cleave","floor":3},{"not_picked":["Sentinel","Flex"],"picked":"Fire Breathing","floor":6},{"not_picked":["Feel No Pain","Wild Strike","Sever Soul"],"picked":"SKIP","floor":8},{"not_picked":["Cleave","Havoc"],"picked":"Twin Strike","floor":11},{"not_picked":["Sword Boomerang","Reckless Charge"],"picked":"Ghostly Armor","floor":13},{"not_picked":["Fiend Fire","Impervious"],"picked":"Juggernaut","floor":16},{"not_picked":["Cleave","Perfected Strike"],"picked":"Clash","floor":18},{"not_picked":["Bloodletting+1","Thunderclap"],"picked":"Heavy Blade+1","floor":20},{"not_picked":["Twin Strike","Second Wind"],"picked":"Seeing Red+1","floor":21}],"player_experience":123998,"relics_obtained":[{"floor":6,"key":"Bag of Marbles"},{"floor":8,"key":"Strawberry"},{"floor":9,"key":"Ancient Tea Set"},{"floor":11,"key":"Pantograph"},{"floor":17,"key":"Vajra"},{"floor":17,"key":"Darkstone Periapt"},{"floor":17,"key":"Ginger"}],"event_choices":[{"damage_healed":0,"gold_gain":0,"player_choice":"Entered Light","damage_taken":16,"max_hp_gain":0,"max_hp_loss":0,"event_name":"Shining Light","floor":2,"gold_loss":0,"cards_upgraded":["Strike_R","Iron Wave"]},{"damage_healed":0,"gold_gain":0,"player_choice":"Take Wound","damage_taken":0,"relics_obtained":["Golden Idol"],"max_hp_gain":0,"max_hp_loss":0,"event_name":"Golden Idol","floor":4,"gold_loss":0,"cards_obtained":["Injury"]},{"cards_removed":["Regret"],"damage_healed":0,"gold_gain":0,"player_choice":"Offered Curse","damage_taken":0,"relics_obtained":["Spirit Poop"],"max_hp_gain":0,"max_hp_loss":0,"event_name":"Bonfire Elementals","floor":5,"gold_loss":0},{"damage_healed":0,"gold_gain":0,"player_choice":"Copied","damage_taken":0,"max_hp_gain":0,"max_hp_loss":0,"event_name":"Duplicator","floor":19,"gold_loss":0,"cards_obtained":["Bandage Up"]}],"is_beta":false,"boss_relics":[{"not_picked":["Sozu","Runic Cube"],"picked":"Calling Bell"}],"items_purged_floors":[],"is_endless":false,"potions_floor_spawned":[3,6,11,13,18],"killed_by":"Shelled Parasite and Fungi","ascension_level":1}