{"gold_per_floor":[117,117,135,135,149,149,149,164,187,187,157,192,212,241,241,338,338,357,357,376,291,69,103,103,3,58,58,76,176,189,222,222,222],"floor_reached":33,"playtime":1366,"items_purged":["Strike_R","Defend_R"],"score":377,"play_id":"8f45026b-8b83-4f57-90c8-249aee4e52c8","local_time":"20191010005052","is_ascension_mode":true,"campfire_choices":[{"data":"Bash","floor":6,"key":"SMITH"},{"data":"Double Tap","floor":15,"key":"SMITH"},{"floor":24,"key":"REST"},{"data":"Spot Weakness","floor":27,"key":"SMITH"},{"floor":32,"key":"REST"}],"neow_cost":"NONE","seed_source_timestamp":33287279792200,"circlet_count":0,"master_deck":["Strike_R","Strike_R","Strike_R+1","Strike_R+1","Defend_R","Defend_R","Bash+1","True Grit","Spot Weakness+1","Ghostly Armor","Rampage","Double Tap+1","Second Wind","Impervious","Clash","Sentinel","Perfected Strike+1"],"relics":["Burning Blood","Lantern","Bronze Scales","Letter Opener","Blood Vial","Pear","Matryoshka","Philosopher\u0027s Stone","Art of War","Singing Bowl","PreservedInsect","Orichalcum","Bag of Preparation","Gremlin Horn","Oddly Smooth Stone","Ginger","Frozen Egg 2","Self Forming Clay"],"potions_floor_usage":[14,14,16,16,29,31,33],"damage_taken":[{"damage":4,"enemies":"Small Slimes","floor":1,"turns":3},{"damage":12,"enemies":"Jaw Worm","floor":3,"turns":2},{"damage":6,"enemies":"2 Louse","floor":5,"turns":2},{"damage":23,"enemies":"Gremlin Gang","floor":8,"turns":4},{"damage":22,"enemies":"Gremlin Nob","floor":12,"turns":4},{"damage":6,"enemies":"Looter","floor":13,"turns":3},{"damage":10,"enemies":"Lagavulin","floor":14,"turns":4},{"damage":21,"enemies":"The Guardian","floor":16,"turns":9},{"damage":15,"enemies":"Shell Parasite","floor":18,"turns":4},{"damage":19,"enemies":"3 Byrds","floor":20,"turns":4},{"damage":55,"enemies":"Gremlin Leader","floor":23,"turns":5},{"damage":16,"enemies":"Centurion and Healer","floor":28,"turns":4},{"damage":8,"enemies":"Colosseum Slavers","floor":29,"turns":3},{"damage":1,"enemies":"Colosseum Nobs","floor":29,"turns":4},{"damage":13,"enemies":"Shelled Parasite and Fungi","floor":30,"turns":3},{"damage":31,"enemies":"Slavers","floor":31,"turns":4},{"damage":93,"enemies":"Collector","floor":33,"turns":7}],"seed_played":"-7798477420379995533","potions_obtained":[{"floor":5,"key":"Dexterity Potion"},{"floor":11,"key":"FearPotion"},{"floor":11,"key":"BloodPotion"},{"floor":12,"key":"AttackPotion"},{"floor":14,"key":"Weak Potion"},{"floor":23,"key":"Dexterity Potion"},{"floor":28,"key":"SkillPotion"},{"floor":29,"key":"GamblersBrew"}],"is_trial":false,"path_per_floor":["M","?","M","?","M","R","?","M","T","?","?","E","M","E","R","B",null,"M","T","M","?","$","E","R","$","T","R","M","?","M","E","R","B"],"character_chosen":"IRONCLAD","items_purchased":["Orichalcum"],"campfire_rested":2,"item_purchase_floors":[22],"current_hp_per_floor":[80,73,67,60,60,60,60,43,43,27,27,23,25,45,45,32,90,81,81,70,70,70,25,52,52,52,52,46,55,52,29,58,0],"gold":222,"neow_bonus":"RANDOM_COMMON_RELIC","is_prod":false,"is_daily":false,"chose_seed":false,"campfire_upgraded":3,"win_rate":0,"timestamp":1570693852,"path_taken":["M","?","M","?","M","R","?","?","T","?","?","E","M","E","R","BOSS","M","?","?","?","$","E","R","?","T","R","M","?","?","E","R","BOSS"],"build_version":"2019-07-17","purchased_purges":2,"victory":false,"max_hp_per_floor":[80,80,80,80,80,80,80,80,80,80,80,90,90,90,90,90,90,90,90,90,90,90,92,92,92,92,92,94,96,98,98,98,98],"card_choices":[{"not_picked":["Warcry","Searing Blow"],"picked":"True Grit","floor":1},{"not_picked":["Sword Boomerang","Reckless Charge"],"picked":"Spot Weakness","floor":3},{"not_picked":["Iron Wave","Thunderclap"],"picked":"Ghostly Armor","floor":5},{"not_picked":["Anger","Sword Boomerang"],"picked":"Rampage","floor":8},{"not_picked":["Sword Boomerang","Power Through","Clothesline"],"picked":"SKIP","floor":12},{"not_picked":["Uppercut","Bloodletting"],"picked":"Double Tap","floor":13},{"not_picked":["Ghostly Armor","Pommel Strike"],"picked":"Second Wind","floor":14},{"not_picked":["Berserk","Fiend Fire"],"picked":"Impervious","floor":16},{"not_picked":["Inflame+1","Iron Wave"],"picked":"Clash","floor":18},{"not_picked":["Sever Soul","Perfected Strike+1"],"picked":"Sentinel","floor":20},{"not_picked":["Cleave+1","Entrench","Seeing Red"],"picked":"Singing Bowl","floor":23},{"not_picked":["Uppercut+1","Sword Boomerang+1","Heavy Blade"],"picked":"Singing Bowl","floor":28},{"not_picked":["Shrug It Off","Clash","Fire Breathing"],"picked":"Singing Bowl","floor":29},{"not_picked":["Clothesline","Dropkick","Fire Breathing+1"],"picked":"Singing Bowl","floor":30},{"not_picked":["Metallicize+1","Impervious"],"picked":"Perfected Strike+1","floor":31}],"player_experience":314261,"relics_obtained":[{"floor":9,"key":"Blood Vial"},{"floor":12,"key":"Pear"},{"floor":14,"key":"Matryoshka"},{"floor":19,"key":"Art of War"},{"floor":19,"key":"Singing Bowl"},{"floor":23,"key":"Bag of Preparation"},{"floor":26,"key":"Gremlin Horn"},{"floor":26,"key":"Oddly Smooth Stone"},{"floor":29,"key":"Ginger"},{"floor":29,"key":"Frozen Egg 2"},{"floor":31,"key":"Self Forming Clay"}],"event_choices":[{"cards_removed":["Defend_R"],"damage_healed":0,"gold_gain":0,"player_choice":"Card Removal","damage_taken":7,"max_hp_gain":0,"max_hp_loss":0,"event_name":"Golden Wing","floor":2,"gold_loss":0},{"damage_healed":0,"gold_gain":0,"player_choice":"Success","damage_taken":7,"relics_obtained":["Bronze Scales"],"max_hp_gain":0,"max_hp_loss":0,"event_name":"Scrap Ooze","floor":4,"gold_loss":0},{"damage_healed":0,"gold_gain":0,"player_choice":"Gave Potion","damage_taken":0,"relics_obtained":["Letter Opener"],"max_hp_gain":0,"max_hp_loss":0,"event_name":"WeMeetAgain","floor":7,"gold_loss":0},{"damage_healed":0,"gold_gain":0,"player_choice":"Entered Light","damage_taken":16,"max_hp_gain":0,"max_hp_loss":0,"event_name":"Shining Light","floor":10,"gold_loss":0,"cards_upgraded":["Strike_R","Strike_R"]},{"damage_healed":0,"gold_gain":0,"player_choice":"Bought 2 Potions","damage_taken":0,"max_hp_gain":0,"max_hp_loss":0,"event_name":"The Woman in Blue","floor":11,"gold_loss":0},{"damage_healed":0,"gold_gain":0,"player_choice":"Obtained Relic","damage_taken":0,"relics_obtained":["PreservedInsect"],"max_hp_gain":0,"max_hp_loss":0,"event_name":"Addict","floor":21,"gold_loss":85},{"damage_healed":0,"gold_gain":0,"player_choice":"Fight","damage_taken":0,"max_hp_gain":0,"max_hp_loss":0,"event_name":"Colosseum","floor":29,"gold_loss":0},{"damage_healed":0,"gold_gain":0,"player_choice":"Fought Nobs","damage_taken":0,"max_hp_gain":0,"max_hp_loss":0,"event_name":"Colosseum","floor":29,"gold_loss":0}],"is_beta":false,"boss_relics":[{"not_picked":["Black Blood","Calling Bell"],"picked":"Philosopher\u0027s Stone"}],"items_purged_floors":[22,25],"is_endless":false,"potions_floor_spawned":[5,12,14,23,28,29],"killed_by":"Collector","ascension_level":4}