{"gold_per_floor":[217,217,228,245,195,226,226,246,246,272,285,285,305,337,337,440,440,450,450,470,570,570],"floor_reached":22,"playtime":1927,"items_purged":[],"score":214,"play_id":"a5718dc3-ed7d-4671-9ef8-4eeb2eca2697","local_time":"20190505235930","is_ascension_mode":true,"campfire_choices":[{"floor":7,"key":"REST"},{"data":"Entrench","floor":12,"key":"SMITH"},{"floor":15,"key":"REST"}],"neow_cost":"NONE","seed_source_timestamp":6609105506477,"circlet_count":0,"master_deck":["Strike_R","Strike_R","Strike_R","Strike_R","Strike_R","Defend_R","Defend_R","Defend_R+1","Bash","Heavy Blade+1","Evolve","Perfected Strike+1","Seeing Red","Flex","Dual Wield+1","Entrench+1","Cleave","Anger","Double Tap","Spot Weakness","Whirlwind","Headbutt","Shrug It Off","Burning Pact","Spot Weakness","Decay","Twin Strike+1"],"relics":["Burning Blood","FaceOfCleric","Whetstone","Smiling Mask","Ornamental Fan","Odd Mushroom","War Paint","Orrery"],"potions_floor_usage":[13,14,14,22,22],"damage_taken":[{"damage":2,"enemies":"Small Slimes","floor":1,"turns":5},{"damage":6,"enemies":"Cultist","floor":3,"turns":3},{"damage":1,"enemies":"Jaw Worm","floor":4,"turns":3},{"damage":39,"enemies":"3 Sentries","floor":6,"turns":9},{"damage":10,"enemies":"Looter","floor":8,"turns":2},{"damage":3,"enemies":"Gremlin Nob","floor":10,"turns":3},{"damage":21,"enemies":"Lots of Slimes","floor":11,"turns":5},{"damage":23,"enemies":"The Mushroom Lair","floor":13,"turns":5},{"damage":30,"enemies":"3 Sentries","floor":14,"turns":6},{"damage":54,"enemies":"Hexaghost","floor":16,"turns":8},{"damage":32,"enemies":"2 Thieves","floor":18,"turns":4},{"damage":49,"enemies":"Chosen","floor":20,"turns":8},{"damage":31,"enemies":"Shelled Parasite and Fungi","floor":22,"turns":2}],"seed_played":"-4962168050329765725","potions_obtained":[{"floor":1,"key":"Strength Potion"},{"floor":4,"key":"Poison Potion"},{"floor":8,"key":"Regen Potion"},{"floor":16,"key":"EssenceOfSteel"},{"floor":18,"key":"LiquidBronze"}],"is_trial":false,"path_per_floor":["M","?","M","M","?","E","R","M","T","E","M","R","?","E","R","B",null,"M","?","M","?","M"],"character_chosen":"IRONCLAD","items_purchased":[],"campfire_rested":2,"item_purchase_floors":[],"current_hp_per_floor":[80,80,81,82,82,50,74,71,71,75,61,61,45,36,62,15,89,64,64,22,22,0],"gold":570,"neow_bonus":"HUNDRED_GOLD","is_prod":false,"is_daily":false,"chose_seed":false,"campfire_upgraded":1,"win_rate":0,"timestamp":1557125970,"path_taken":["M","?","M","?","?","E","R","M","T","E","M","R","?","E","R","BOSS","M","?","M","?","?"],"build_version":"2019-01-23","purchased_purges":0,"victory":false,"max_hp_per_floor":[80,80,81,82,82,83,83,84,84,85,86,86,87,88,88,89,89,90,90,91,91,91],"card_choices":[{"not_picked":["Shockwave","Wild Strike"],"picked":"Heavy Blade","floor":1},{"not_picked":["Iron Wave","Shockwave"],"picked":"Evolve","floor":3},{"not_picked":["Pummel","Twin Strike"],"picked":"Perfected Strike","floor":4},{"not_picked":["Disarm","Immolate"],"picked":"Seeing Red","floor":6},{"not_picked":["Feel No Pain","Perfected Strike"],"picked":"Flex","floor":8},{"not_picked":["Headbutt","Armaments"],"picked":"Dual Wield","floor":10},{"not_picked":["Corruption","Feel No Pain"],"picked":"Entrench","floor":11},{"not_picked":["Heavy Blade","Perfected Strike"],"picked":"Cleave","floor":13},{"not_picked":["Body Slam","Perfected Strike"],"picked":"Anger","floor":14},{"not_picked":["Fiend Fire","Immolate"],"picked":"Double Tap","floor":16},{"not_picked":["Twin Strike","Thunderclap"],"picked":"Spot Weakness","floor":17},{"not_picked":["Flex","Shrug It Off"],"picked":"Whirlwind","floor":17},{"not_picked":["Havoc","Body Slam"],"picked":"Headbutt","floor":17},{"not_picked":["Headbutt","Uppercut"],"picked":"Shrug It Off","floor":17},{"not_picked":["Heavy Blade","Cleave"],"picked":"Burning Pact","floor":17},{"not_picked":["Burning Pact","Feel No Pain"],"picked":"Spot Weakness","floor":18},{"not_picked":["Uppercut+1","Sentinel+1"],"picked":"Twin Strike+1","floor":20}],"player_experience":90599,"relics_obtained":[{"floor":6,"key":"Whetstone"},{"floor":9,"key":"Smiling Mask"},{"floor":10,"key":"Ornamental Fan"},{"floor":13,"key":"Odd Mushroom"},{"floor":14,"key":"War Paint"}],"event_choices":[{"damage_healed":0,"gold_gain":0,"player_choice":"Trade","damage_taken":0,"relics_obtained":["FaceOfCleric"],"max_hp_gain":0,"max_hp_loss":0,"event_name":"FaceTrader","floor":2,"gold_loss":0},{"cards_removed":["Defend_R"],"damage_healed":0,"gold_gain":0,"player_choice":"Card Removal","damage_taken":0,"max_hp_gain":0,"max_hp_loss":0,"event_name":"The Cleric","floor":5,"gold_loss":50},{"damage_healed":0,"gold_gain":0,"player_choice":"Fought Mushrooms","damage_taken":0,"max_hp_gain":0,"max_hp_loss":0,"event_name":"Mushrooms","floor":13,"gold_loss":0},{"damage_healed":0,"gold_gain":0,"player_choice":"Smashed Altar","damage_taken":0,"max_hp_gain":0,"max_hp_loss":0,"event_name":"Forgotten Altar","floor":19,"gold_loss":0,"cards_obtained":["Decay"]},{"damage_healed":0,"gold_gain":100,"player_choice":"Pray","damage_taken":0,"max_hp_gain":0,"max_hp_loss":0,"event_name":"Golden Shrine","floor":21,"gold_loss":0}],"is_beta":false,"boss_relics":[{"not_picked":["Astrolabe","Philosopher\u0027s Stone"],"picked":"Orrery"}],"items_purged_floors":[],"is_endless":false,"potions_floor_spawned":[1,4,8,10,11,16,18],"killed_by":"Shelled Parasite and Fungi","ascension_level":1}