{"gold_per_floor":[114,114,130,130,149,183,194,194,247,277,123,139,55,73,73,174,174,189,203,67,67,87,120,131,94,94,110,110,25,25,39,39,39],"floor_reached":33,"playtime":3834,"items_purged":["Strike_B"],"score":294,"play_id":"7f5adf5e-037a-4482-8631-301e0ed28716","local_time":"20190303145322","is_ascension_mode":false,"campfire_choices":[{"floor":8,"key":"REST"},{"floor":15,"key":"REST"},{"data":"Discovery","floor":30,"key":"SMITH"},{"data":"Zap","floor":32,"key":"SMITH"}],"neow_cost":"NONE","seed_source_timestamp":61970367302076,"circlet_count":0,"master_deck":["Defend_B","Defend_B","Defend_B","Defend_B","Zap+1","Dualcast","Chill","Skim+1","Beam Cell","Ball Lightning","Cold Snap","Capacitor","Storm","Loop","Cold Snap","Sweeping Beam","Amplify","Rebound+1","Coolheaded+1","Discovery+1","Conserve Battery","RitualDagger","Hologram+1","Turbo+1","Self Repair+1","Lockon","Doom and Gloom","Bite","Bite","Bite","Bite","Bite"],"relics":["Cracked Core","Darkstone Periapt","PreservedInsect","Strawberry","Nuclear Battery","Ancient Tea Set","Centennial Puzzle","Bronze Scales"],"potions_floor_usage":[6,6,12,16,23,24,33],"damage_taken":[{"damage":10,"enemies":"Cultist","floor":1,"turns":4},{"damage":3,"enemies":"2 Louse","floor":3,"turns":3},{"damage":0,"enemies":"Jaw Worm","floor":5,"turns":3},{"damage":17,"enemies":"Lagavulin","floor":6,"turns":5},{"damage":0,"enemies":"Looter","floor":7,"turns":2},{"damage":10,"enemies":"3 Louse","floor":12,"turns":5},{"damage":10,"enemies":"Large Slime","floor":14,"turns":5},{"damage":7,"enemies":"Slime Boss","floor":16,"turns":9},{"damage":6,"enemies":"Spheric Guardian","floor":18,"turns":4},{"damage":5,"enemies":"Chosen","floor":19,"turns":5},{"damage":10,"enemies":"Snecko","floor":22,"turns":6},{"damage":24,"enemies":"Gremlin Leader","floor":23,"turns":5},{"damage":16,"enemies":"Centurion and Healer","floor":24,"turns":11},{"damage":8,"enemies":"Cultist and Chosen","floor":27,"turns":6},{"damage":0,"enemies":"Chosen and Byrds","floor":31,"turns":3},{"damage":69,"enemies":"Automaton","floor":33,"turns":8}],"seed_played":"2428544780186020602","potions_obtained":[{"floor":3,"key":"Explosive Potion"},{"floor":5,"key":"LiquidBronze"},{"floor":6,"key":"Weak Potion"},{"floor":7,"key":"Dexterity Potion"},{"floor":19,"key":"AttackPotion"},{"floor":23,"key":"Regen Potion"},{"floor":27,"key":"FearPotion"},{"floor":31,"key":"PowerPotion"}],"is_trial":false,"path_per_floor":["M","?","M","?","M","E","M","R","T","?","$","M","$","M","R","B",null,"M","M","$","?","M","E","M","$","T","M","?","?","R","M","R","B"],"character_chosen":"DEFECT","items_purchased":["Capacitor","Loop","Cold Snap","Discovery","Conserve Battery","Lockon"],"campfire_rested":2,"item_purchase_floors":[11,13,13,20,20,25],"current_hp_per_floor":[72,69,66,50,50,33,33,57,64,64,64,54,54,44,70,63,89,83,78,78,72,62,38,37,37,37,39,39,39,39,53,53,0],"gold":39,"neow_bonus":"TEN_PERCENT_HP_BONUS","is_prod":false,"is_daily":false,"chose_seed":false,"campfire_upgraded":2,"win_rate":0.0,"timestamp":1551653602,"path_taken":["M","?","M","?","M","E","M","R","T","?","$","M","$","M","R","BOSS","M","M","$","?","M","E","M","$","T","M","?","?","R","M","R","BOSS"],"build_version":"2019-01-23","purchased_purges":1,"victory":false,"max_hp_per_floor":[82,82,82,82,82,82,82,82,89,89,89,89,89,89,89,89,89,89,89,89,89,89,89,89,89,89,89,62,62,62,62,62,62],"card_choices":[{"not_picked":["Compile Driver","Blizzard"],"picked":"Chill","floor":1},{"not_picked":["Undo","Tempest"],"picked":"Skim","floor":3},{"not_picked":["Rip and Tear","Consume"],"picked":"Beam Cell","floor":5},{"not_picked":["Sunder","Stack"],"picked":"Ball Lightning","floor":6},{"not_picked":["FTL","Reprogram"],"picked":"Cold Snap","floor":7},{"not_picked":["Sunder","Steam"],"picked":"Storm","floor":12},{"not_picked":["Compile Driver","Lockon"],"picked":"Sweeping Beam","floor":14},{"not_picked":["Fission","Rainbow"],"picked":"Amplify","floor":16},{"not_picked":["Consume","Force Field+1"],"picked":"Rebound+1","floor":18},{"not_picked":["Heatsinks","Cold Snap+1"],"picked":"Coolheaded+1","floor":19},{"not_picked":["Sweeping Beam","Redo"],"picked":"Hologram+1","floor":22},{"not_picked":["Barrage","Buffer"],"picked":"Turbo+1","floor":23},{"not_picked":["Consume","Gash"],"picked":"Self Repair+1","floor":24},{"not_picked":["Chaos","Steam"],"picked":"Doom and Gloom","floor":27},{"not_picked":["Barrage","Cold Snap","Go for the Eyes"],"picked":"SKIP","floor":31}],"player_experience":32391,"relics_obtained":[{"floor":6,"key":"PreservedInsect"},{"floor":9,"key":"Strawberry"},{"floor":23,"key":"Ancient Tea Set"},{"floor":26,"key":"Centennial Puzzle"}],"event_choices":[{"damage_healed":0,"gold_gain":0,"player_choice":"Success","damage_taken":3,"relics_obtained":["Darkstone Periapt"],"max_hp_gain":0,"max_hp_loss":0,"event_name":"Scrap Ooze","floor":2,"gold_loss":0},{"damage_healed":0,"gold_gain":0,"player_choice":"Entered Light","damage_taken":16,"max_hp_gain":0,"max_hp_loss":0,"event_name":"Shining Light","floor":4,"gold_loss":0,"cards_upgraded":["Skim","Strike_B"]},{"damage_healed":0,"gold_gain":30,"player_choice":"Searched \u00271\u0027 times","damage_taken":0,"max_hp_gain":0,"max_hp_loss":0,"event_name":"Dead Adventurer","floor":10,"gold_loss":0},{"damage_healed":0,"gold_gain":0,"player_choice":"Joined the Cult","damage_taken":6,"max_hp_gain":0,"max_hp_loss":0,"event_name":"Nest","floor":21,"gold_loss":0,"cards_obtained":["RitualDagger"]},{"damage_healed":0,"gold_gain":0,"player_choice":"Became a vampire","damage_taken":0,"max_hp_gain":0,"max_hp_loss":27,"event_name":"Vampires","floor":28,"gold_loss":0,"cards_obtained":["Bite","Bite","Bite","Bite","Bite"]},{"damage_healed":0,"gold_gain":0,"player_choice":"Obtained Relic","damage_taken":0,"relics_obtained":["Bronze Scales"],"max_hp_gain":0,"max_hp_loss":0,"event_name":"Addict","floor":29,"gold_loss":85}],"is_beta":false,"boss_relics":[{"not_picked":["Tiny House","Ectoplasm"],"picked":"Nuclear Battery"}],"items_purged_floors":[11],"is_endless":false,"potions_floor_spawned":[3,5,6,7,19,23,27,31],"killed_by":"Automaton","ascension_level":0}