{"gold_per_floor":[110,130,147,147,167,208,8,8,79,79,94,109,284,300,300,425,425,445,445,570,570,586,586,601,641,641,665,665,665],"floor_reached":29,"playtime":2406,"items_purged":[],"score":259,"play_id":"84dacdbb-b055-4a3e-b01b-3d86f1b2ed7f","local_time":"20190506021515","is_ascension_mode":true,"campfire_choices":[{"floor":8,"key":"REST"},{"floor":10,"key":"REST"},{"floor":15,"key":"REST"},{"floor":23,"key":"REST"}],"neow_cost":"PERCENT_DAMAGE","seed_source_timestamp":14274836159028,"circlet_count":0,"master_deck":["Strike_B","Strike_B","Strike_B","Strike_B","Defend_B","Defend_B","Defend_B","Defend_B","Zap","Dualcast","Chaos","FTL","Beam Cell","Injury","Double Energy","Genetic Algorithm","Core Surge","Self Repair","Conserve Battery","Creative AI+1","Coolheaded","Doubt","Rebound","Meteor Strike","Ball Lightning","Writhe","Heatsinks+1","Storm+1","Chill+1","Double Energy+1","Buffer"],"relics":["Cracked Core","Gambling Chip","Golden Idol","Pocketwatch","Pear","Lizard Tail","Lantern","Du-Vu Doll","Ornamental Fan","Bottled Lightning","Molten Egg 2","Darkstone Periapt"],"potions_floor_usage":[6,16,16,20,22,25],"damage_taken":[{"damage":1,"enemies":"Cultist","floor":1,"turns":3},{"damage":6,"enemies":"2 Louse","floor":2,"turns":2},{"damage":4,"enemies":"Jaw Worm","floor":3,"turns":2},{"damage":5,"enemies":"Looter","floor":5,"turns":3},{"damage":35,"enemies":"Gremlin Nob","floor":6,"turns":4},{"damage":6,"enemies":"Blue Slaver","floor":11,"turns":3},{"damage":32,"enemies":"Lots of Slimes","floor":12,"turns":5},{"damage":14,"enemies":"Exordium Thugs","floor":14,"turns":6},{"damage":28,"enemies":"Hexaghost","floor":16,"turns":10},{"damage":22,"enemies":"Shell Parasite","floor":18,"turns":10},{"damage":37,"enemies":"Colosseum Slavers","floor":20,"turns":8},{"damage":82,"enemies":"Colosseum Nobs","floor":20,"turns":7},{"damage":10,"enemies":"Spheric Guardian","floor":22,"turns":3},{"damage":33,"enemies":"Cultist and Chosen","floor":24,"turns":7},{"damage":6,"enemies":"Gremlin Leader","floor":25,"turns":5},{"damage":19,"enemies":"Snake Plant","floor":27,"turns":4},{"damage":41,"enemies":"Slavers","floor":29,"turns":4}],"seed_played":"7817321098017477456","potions_obtained":[{"floor":1,"key":"Poison Potion"},{"floor":2,"key":"FocusPotion"},{"floor":12,"key":"Energy Potion"},{"floor":16,"key":"Regen Potion"},{"floor":20,"key":"SteroidPotion"},{"floor":22,"key":"Fire Potion"},{"floor":25,"key":"SteroidPotion"}],"is_trial":false,"path_per_floor":["M","M","M","?","M","E","$","R","T","R","M","M","?","M","R","B",null,"M","?","?","?","M","R","M","E","T","M","T","E"],"character_chosen":"DEFECT","items_purchased":["Core Surge","Self Repair","Conserve Battery"],"campfire_rested":4,"item_purchase_floors":[7,7,7],"current_hp_per_floor":[53,47,43,43,38,3,3,25,35,60,61,36,36,29,54,33,85,70,70,49,49,46,71,45,46,46,34,34,0],"gold":665,"neow_bonus":"ONE_RARE_RELIC","is_prod":false,"is_daily":false,"chose_seed":false,"campfire_upgraded":0,"win_rate":0,"timestamp":1557134115,"path_taken":["M","?","M","?","M","E","$","R","T","R","M","M","?","M","R","BOSS","M","?","?","?","M","R","?","E","T","M","?","E"],"build_version":"2019-01-23","purchased_purges":0,"victory":false,"max_hp_per_floor":[75,75,75,75,75,75,75,75,85,85,85,85,85,85,85,85,85,85,85,85,85,85,85,85,85,85,85,85,85],"card_choices":[{"not_picked":["Fusion","Streamline"],"picked":"Chaos","floor":1},{"not_picked":["Barrage","Streamline"],"picked":"FTL","floor":2},{"not_picked":["Reinforced Body","Gash"],"picked":"Beam Cell","floor":3},{"not_picked":["Compile Driver","Turbo"],"picked":"Double Energy","floor":5},{"not_picked":["Stack","Double Energy"],"picked":"Genetic Algorithm","floor":6},{"not_picked":["Double Energy","Coolheaded"],"picked":"Creative AI","floor":11},{"not_picked":["Scrape","Skim"],"picked":"Coolheaded","floor":12},{"not_picked":["Steam","Coolheaded"],"picked":"Rebound","floor":14},{"not_picked":["All For One","Hyperbeam"],"picked":"Meteor Strike","floor":16},{"not_picked":["Self Repair","Auto Shields"],"picked":"Ball Lightning","floor":18},{"not_picked":["Genetic Algorithm","Steam"],"picked":"Heatsinks+1","floor":20},{"not_picked":["Steam Power","Streamline"],"picked":"Storm+1","floor":22},{"not_picked":["Glacier","Auto Shields+1"],"picked":"Chill+1","floor":24},{"not_picked":["Defragment","Rebound"],"picked":"Double Energy+1","floor":25},{"not_picked":["Ball Lightning+1","Reinforced Body+1"],"picked":"Buffer","floor":27}],"player_experience":98170,"relics_obtained":[{"floor":6,"key":"Pocketwatch"},{"floor":9,"key":"Pear"},{"floor":20,"key":"Du-Vu Doll"},{"floor":20,"key":"Ornamental Fan"},{"floor":25,"key":"Bottled Lightning"},{"floor":26,"key":"Molten Egg 2"},{"floor":28,"key":"Darkstone Periapt"}],"event_choices":[{"damage_healed":0,"gold_gain":0,"player_choice":"Take Wound","damage_taken":0,"relics_obtained":["Golden Idol"],"max_hp_gain":0,"max_hp_loss":0,"event_name":"Golden Idol","floor":4,"gold_loss":0,"cards_obtained":["Injury"]},{"damage_healed":0,"gold_gain":175,"player_choice":"AGREE","damage_taken":0,"max_hp_gain":0,"max_hp_loss":0,"event_name":"Liars Game","floor":13,"gold_loss":0,"cards_obtained":["Doubt"]},{"damage_healed":0,"gold_gain":0,"player_choice":"Opened","damage_taken":0,"relics_obtained":["Lantern"],"max_hp_gain":0,"max_hp_loss":0,"event_name":"The Mausoleum","floor":19,"gold_loss":0,"cards_obtained":["Writhe"]},{"damage_healed":0,"gold_gain":0,"player_choice":"Fight","damage_taken":0,"max_hp_gain":0,"max_hp_loss":0,"event_name":"Colosseum","floor":20,"gold_loss":0},{"damage_healed":0,"gold_gain":0,"player_choice":"Fought Nobs","damage_taken":0,"max_hp_gain":0,"max_hp_loss":0,"event_name":"Colosseum","floor":20,"gold_loss":0},{"damage_healed":0,"gold_gain":0,"player_choice":"Forge","damage_taken":0,"max_hp_gain":0,"max_hp_loss":0,"event_name":"Accursed Blacksmith","floor":21,"gold_loss":0,"cards_upgraded":["Creative AI"]}],"is_beta":false,"boss_relics":[{"not_picked":["Busted Crown","Cursed Key"],"picked":"Lizard Tail"}],"items_purged_floors":[],"is_endless":false,"potions_floor_spawned":[1,2,12,16,20,22,25],"killed_by":"Slavers","ascension_level":1}