{"gold_per_floor":[112,132,307,5,5,37,37,47,100,100,113,148,171,171,171,269,269,281,281,281,312,328,361,373,373,373,392,410,436,447,447,447,545,545,562,577,596,119,134,134,150,250,276,20,50,50,80,80],"floor_reached":48,"playtime":2845,"items_purged":["Doubt","Strike_G"],"score":699,"play_id":"960ee061-48db-46e1-9b61-fd8e0fd5fc9b","local_time":"20191010224429","is_ascension_mode":true,"campfire_choices":[{"data":"Infinite Blades","floor":7,"key":"SMITH"},{"data":"Neutralize","floor":10,"key":"SMITH"},{"floor":15,"key":"REST"},{"floor":25,"key":"REST"},{"floor":32,"key":"REST"},{"floor":40,"key":"REST"},{"data":"1","floor":46,"key":"LIFT"}],"neow_cost":"NONE","seed_source_timestamp":110624624194700,"circlet_count":0,"master_deck":["Strike_G","Strike_G","Strike_G","Defend_G","Defend_G","Defend_G","Defend_G","Defend_G","Survivor","Neutralize+1","Backflip","Caltrops","Infinite Blades+1","Cloak And Dagger","Dagger Spray","Outmaneuver","Terror","Calculated Gamble","Venomology+1","Slice","J.A.X.","Flying Knee","Cloak And Dagger+1","Die Die Die","Finisher","Quick Slash+1","Acrobatics","Backstab","Crippling Poison","Night Terror","Dagger Throw","Underhanded Strike+1","Blade Dance+1","Infinite Blades","Choke+1","Acrobatics+1","Envenom","Prepared"],"relics":["Ring of the Serpent","NeowsBlessing","Vajra","Art of War","Boot","Bag of Preparation","Blood Vial","Unceasing Top","WristBlade","Red Mask","Bottled Flame","Gambling Chip","Orichalcum","Girya","Ice Cream","Oddly Smooth Stone","PreservedInsect","Ancient Tea Set","Toxic Egg 2"],"potions_floor_usage":[16,18,21,21,23,23,24,28,28,29,30,33,35,36,36,37,39,39,42,44,45,45,47,48,48,48],"damage_taken":[{"damage":0,"enemies":"Cultist","floor":1,"turns":1},{"damage":0,"enemies":"2 Louse","floor":2,"turns":1},{"damage":0,"enemies":"3 Sentries","floor":6,"turns":2},{"damage":1,"enemies":"Jaw Worm","floor":8,"turns":5},{"damage":15,"enemies":"Large Slime","floor":11,"turns":5},{"damage":13,"enemies":"Lagavulin","floor":12,"turns":6},{"damage":3,"enemies":"Hexaghost","floor":16,"turns":8},{"damage":7,"enemies":"Chosen","floor":18,"turns":4},{"damage":21,"enemies":"Masked Bandits","floor":21,"turns":4},{"damage":10,"enemies":"Shell Parasite","floor":22,"turns":3},{"damage":18,"enemies":"Slavers","floor":23,"turns":4},{"damage":0,"enemies":"Snecko","floor":24,"turns":5},{"damage":15,"enemies":"Snake Plant","floor":27,"turns":3},{"damage":9,"enemies":"Centurion and Healer","floor":28,"turns":3},{"damage":22,"enemies":"Book of Stabbing","floor":29,"turns":5},{"damage":0,"enemies":"Snecko","floor":30,"turns":3},{"damage":16,"enemies":"Collector","floor":33,"turns":8},{"damage":9,"enemies":"3 Darklings","floor":35,"turns":3},{"damage":6,"enemies":"3 Shapes","floor":36,"turns":3},{"damage":10,"enemies":"Maw","floor":37,"turns":6},{"damage":33,"enemies":"3 Darklings","floor":39,"turns":3},{"damage":5,"enemies":"Transient","floor":41,"turns":5},{"damage":13,"enemies":"Mind Bloom Boss Battle","floor":42,"turns":4},{"damage":15,"enemies":"Nemesis","floor":45,"turns":3},{"damage":0,"enemies":"Reptomancer","floor":47,"turns":3},{"damage":37,"enemies":"Maw","floor":48,"turns":5}],"seed_played":"-2429065084119505567","potions_obtained":[{"floor":2,"key":"Swift Potion"},{"floor":6,"key":"SneckoOil"},{"floor":8,"key":"PowerPotion"},{"floor":23,"key":"GamblersBrew"},{"floor":24,"key":"Poison Potion"},{"floor":28,"key":"Ancient Potion"},{"floor":33,"key":"Block Potion"},{"floor":37,"key":"GamblersBrew"},{"floor":41,"key":"Poison Potion"},{"floor":42,"key":"Fruit Juice"},{"floor":45,"key":"Regen Potion"}],"is_trial":false,"path_per_floor":["M","M","?","$","?","E","R","M","T","R","M","E","T","?","R","B",null,"M","?","?","?","M","E","M","R","T","M","M","E","M","?","R","B",null,"M","M","M","$","M","R","M","?","T","$","E","R","E","M"],"character_chosen":"THE_SILENT","items_purchased":["Vajra","Infinite Blades","Cloak And Dagger","Girya","Energy Potion","Infinite Blades","PreservedInsect","Prepared","Energy Potion"],"campfire_rested":4,"item_purchase_floors":[4,4,4,38,38,38,44,44,44],"current_hp_per_floor":[70,70,70,70,63,63,63,62,62,62,47,34,34,9,30,29,70,63,63,63,44,36,20,22,43,43,30,23,3,5,5,26,12,70,61,57,49,49,18,39,36,25,25,30,17,17,19,0],"gold":80,"neow_bonus":"THREE_ENEMY_KILL","is_prod":false,"is_daily":false,"chose_seed":false,"campfire_upgraded":2,"win_rate":0,"timestamp":1570772669,"path_taken":["M","?","?","?","?","E","R","M","T","R","M","E","?","?","R","BOSS","M","?","?","?","M","E","M","R","T","M","?","E","M","?","R","BOSS","M","?","M","$","M","R","M","?","T","$","E","R","E","M"],"build_version":"2019-07-17","purchased_purges":2,"victory":false,"max_hp_per_floor":[70,70,70,70,70,70,70,70,70,70,70,70,70,70,70,70,70,70,70,70,70,70,70,70,70,70,70,70,70,70,70,70,70,70,70,70,70,70,70,70,70,70,70,75,75,75,75,75],"card_choices":[{"not_picked":["Underhanded Strike","Bane"],"picked":"Backflip","floor":1},{"not_picked":["Acrobatics","Dodge and Roll"],"picked":"Caltrops","floor":2},{"not_picked":["PiercingWail","Poisoned Stab"],"picked":"Dagger Spray","floor":6},{"not_picked":["Dagger Spray","Tactician"],"picked":"Outmaneuver","floor":8},{"not_picked":["Deadly Poison","Underhanded Strike"],"picked":"Terror","floor":11},{"not_picked":["Slice","Backflip"],"picked":"Calculated Gamble","floor":12},{"not_picked":["Malaise","Storm of Steel"],"picked":"Venomology","floor":16},{"not_picked":["Deadly Poison","Dodge and Roll"],"picked":"Slice","floor":18},{"not_picked":["Dodge and Roll+1","Eviscerate"],"picked":"Flying Knee","floor":21},{"not_picked":["Choke","Outmaneuver"],"picked":"Cloak And Dagger+1","floor":22},{"not_picked":["Poisoned Stab+1","Dodge and Roll+1"],"picked":"Die Die Die","floor":23},{"not_picked":["Bane","Acrobatics"],"picked":"Finisher","floor":24},{"not_picked":["Underhanded Strike","Predator"],"picked":"Quick Slash+1","floor":27},{"not_picked":["Backflip","Dagger Spray"],"picked":"Acrobatics","floor":28},{"not_picked":["Tactician","Outmaneuver"],"picked":"Backstab","floor":29},{"not_picked":["Backflip","Cloak And Dagger"],"picked":"Crippling Poison","floor":30},{"not_picked":["Phantasmal Killer","Bullet Time"],"picked":"Night Terror","floor":33},{"not_picked":["Heel Hook+1","Flying Knee+1"],"picked":"Dagger Throw","floor":35},{"not_picked":["Poisoned Stab","Expertise"],"picked":"Underhanded Strike+1","floor":36},{"not_picked":["Acrobatics+1","Poisoned Stab+1"],"picked":"Blade Dance+1","floor":37},{"not_picked":["Riddle With Holes","Blade Dance+1"],"picked":"Choke+1","floor":39},{"not_picked":["Cloak And Dagger","Poisoned Stab+1"],"picked":"Acrobatics+1","floor":41},{"not_picked":["Dagger Spray+1","Heel Hook"],"picked":"Envenom","floor":42},{"not_picked":["Poisoned Stab+1","Acrobatics","All Out Attack"],"picked":"SKIP","floor":45},{"not_picked":["Flying Knee","Dagger Spray","Poisoned Stab"],"picked":"SKIP","floor":47}],"player_experience":323079,"relics_obtained":[{"floor":6,"key":"Art of War"},{"floor":9,"key":"Boot"},{"floor":12,"key":"Bag of Preparation"},{"floor":13,"key":"Blood Vial"},{"floor":21,"key":"Red Mask"},{"floor":23,"key":"Bottled Flame"},{"floor":26,"key":"Gambling Chip"},{"floor":29,"key":"Orichalcum"},{"floor":42,"key":"Ice Cream"},{"floor":43,"key":"Oddly Smooth Stone"},{"floor":45,"key":"Ancient Tea Set"},{"floor":47,"key":"Toxic Egg 2"}],"event_choices":[{"damage_healed":0,"gold_gain":175,"player_choice":"AGREE","damage_taken":0,"max_hp_gain":0,"max_hp_loss":0,"event_name":"Liars Game","floor":3,"gold_loss":0,"cards_obtained":["Doubt"]},{"cards_removed":["Strike_G"],"damage_healed":0,"gold_gain":0,"player_choice":"Card Removal","damage_taken":7,"max_hp_gain":0,"max_hp_loss":0,"event_name":"Golden Wing","floor":5,"gold_loss":0},{"damage_healed":0,"gold_gain":0,"player_choice":"Success","damage_taken":25,"relics_obtained":["Unceasing Top"],"max_hp_gain":0,"max_hp_loss":0,"event_name":"Scrap Ooze","floor":14,"gold_loss":0},{"damage_healed":0,"gold_gain":0,"player_choice":"Obtain J.A.X.","damage_taken":0,"max_hp_gain":0,"max_hp_loss":0,"event_name":"Drug Dealer","floor":19,"gold_loss":0,"cards_obtained":["J.A.X."]},{"damage_healed":0,"gold_gain":0,"player_choice":"Ignored","damage_taken":0,"max_hp_gain":0,"max_hp_loss":0,"event_name":"Ghosts","floor":20,"gold_loss":0},{"damage_healed":0,"gold_gain":0,"player_choice":"Fought Bandits","damage_taken":0,"max_hp_gain":0,"max_hp_loss":0,"event_name":"Masked Bandits","floor":21,"gold_loss":0},{"damage_healed":0,"gold_gain":0,"player_choice":"Forge","damage_taken":0,"max_hp_gain":0,"max_hp_loss":0,"event_name":"Accursed Blacksmith","floor":31,"gold_loss":0,"cards_upgraded":["Venomology"]},{"damage_healed":0,"gold_gain":0,"player_choice":"Fight","damage_taken":0,"max_hp_gain":0,"max_hp_loss":0,"event_name":"MindBloom","floor":42,"gold_loss":0}],"is_beta":false,"boss_relics":[{"not_picked":["Calling Bell","Orrery"],"picked":"WristBlade"},{"not_picked":["White Beast Statue","Runic Pyramid"],"picked":"Ring of the Serpent"}],"items_purged_floors":[4,38],"is_endless":false,"potions_floor_spawned":[2,6,8,23,24,28,33,37,41,42,45],"killed_by":"Maw","ascension_level":2}