{"gold_per_floor":[111,111,111,123,133,133,165,11,11,36,53,67,85,85,85,214,214,227,152,152,83,96,96,134,154,180,219,494,534,552,477,477,477],"floor_reached":33,"playtime":8808,"items_purged":["Injury"],"score":391,"play_id":"f712642d-8b7b-4e01-9a63-3a0eb8ba8c39","local_time":"20191007000442","is_ascension_mode":true,"campfire_choices":[{"data":"Bash","floor":6,"key":"SMITH"},{"data":"Armaments","floor":15,"key":"SMITH"},{"data":"Perfected Strike","floor":23,"key":"SMITH"},{"floor":32,"key":"REST"}],"neow_cost":"NONE","seed_source_timestamp":1718203247035700,"circlet_count":0,"master_deck":["Strike_R","Strike_R","Strike_R","Strike_R","Strike_R","Defend_R","Defend_R","Defend_R","Bash+1","Rampage","Sword Boomerang","Panacea","Spot Weakness","Perfected Strike+1","Seeing Red","Pommel Strike","Entrench","Armaments+1","Headbutt","Feed","Offering","Burning Pact+1","Wild Strike+1","Fiend Fire","Limit Break","Regret","Seeing Red+1","Inflame+1"],"relics":["Burning Blood","NeowsBlessing","Ginger","Turnip","Bag of Preparation","Meat on the Bone","Nunchaku","Golden Idol","Runic Pyramid","Lantern","Bag of Marbles","Blue Candle","Frozen Egg 2"],"potions_floor_usage":[7,7,16,16,24,27,27,33],"damage_taken":[{"damage":0,"enemies":"2 Louse","floor":1,"turns":1},{"damage":0,"enemies":"Jaw Worm","floor":4,"turns":1},{"damage":0,"enemies":"Cultist","floor":5,"turns":1},{"damage":23,"enemies":"3 Sentries","floor":7,"turns":7},{"damage":24,"enemies":"Gremlin Nob","floor":10,"turns":4},{"damage":11,"enemies":"Exordium Thugs","floor":11,"turns":2},{"damage":0,"enemies":"2 Fungi Beasts","floor":12,"turns":2},{"damage":13,"enemies":"Blue Slaver","floor":13,"turns":3},{"damage":35,"enemies":"Hexaghost","floor":16,"turns":7},{"damage":23,"enemies":"Spheric Guardian","floor":18,"turns":4},{"damage":18,"enemies":"Chosen","floor":22,"turns":2},{"damage":23,"enemies":"Slavers","floor":24,"turns":5},{"damage":32,"enemies":"Centurion and Healer","floor":25,"turns":5},{"damage":6,"enemies":"Book of Stabbing","floor":27,"turns":1},{"damage":32,"enemies":"Slavers","floor":29,"turns":6},{"damage":27,"enemies":"Snake Plant","floor":30,"turns":3},{"damage":78,"enemies":"Collector","floor":33,"turns":5}],"seed_played":"-3561994368332644374","potions_obtained":[{"floor":1,"key":"Fire Potion"},{"floor":4,"key":"Block Potion"},{"floor":11,"key":"Strength Potion"},{"floor":13,"key":"AttackPotion"},{"floor":16,"key":"EssenceOfSteel"},{"floor":22,"key":"Fire Potion"},{"floor":24,"key":"SteroidPotion"},{"floor":30,"key":"GamblersBrew"}],"is_trial":false,"path_per_floor":["M","?","?","M","M","R","E","$","T","E","M","M","M","?","R","B",null,"M","$","?","$","M","R","E","M","T","E","?","E","M","?","R","B"],"character_chosen":"IRONCLAD","items_purchased":["Bag of Preparation","Offering"],"campfire_rested":1,"item_purchase_floors":[8,21],"current_hp_per_floor":[80,73,73,79,80,80,63,63,63,57,52,58,51,51,51,34,80,66,66,66,66,57,57,55,41,41,53,53,39,30,30,56,0],"gold":477,"neow_bonus":"THREE_ENEMY_KILL","is_prod":false,"is_daily":false,"chose_seed":false,"campfire_upgraded":3,"win_rate":0,"timestamp":1570431882,"path_taken":["M","?","?","M","?","R","E","?","T","E","M","M","M","?","R","BOSS","M","$","?","?","M","R","E","M","T","E","?","E","?","?","R","BOSS"],"build_version":"2019-07-17","purchased_purges":1,"victory":false,"max_hp_per_floor":[80,80,80,80,80,80,80,80,80,80,80,80,80,80,80,80,80,83,83,83,83,86,86,89,89,89,89,89,89,89,89,89,89],"card_choices":[{"not_picked":["Anger","Battle Trance"],"picked":"Rampage","floor":1},{"not_picked":["Shrug It Off","Heavy Blade"],"picked":"Spot Weakness","floor":4},{"not_picked":["Anger","Flex"],"picked":"Perfected Strike","floor":5},{"not_picked":["Uppercut","Iron Wave"],"picked":"Seeing Red","floor":7},{"not_picked":["Perfected Strike","Dual Wield"],"picked":"Pommel Strike","floor":10},{"not_picked":["Feel No Pain","Impervious"],"picked":"Entrench","floor":11},{"not_picked":["Anger","Flex"],"picked":"Armaments","floor":12},{"not_picked":["Perfected Strike","Anger"],"picked":"Headbutt","floor":13},{"not_picked":["Juggernaut","Exhume"],"picked":"Feed","floor":16},{"not_picked":["Dual Wield","Sword Boomerang","Warcry"],"picked":"SKIP","floor":18},{"not_picked":["Headbutt","Dual Wield"],"picked":"Burning Pact+1","floor":22},{"not_picked":["Rage","Anger+1"],"picked":"Wild Strike+1","floor":24},{"not_picked":["Perfected Strike","Heavy Blade"],"picked":"Fiend Fire","floor":25},{"not_picked":["Armaments+1","Corruption"],"picked":"Limit Break","floor":27},{"not_picked":["Demon Form","Iron Wave"],"picked":"Seeing Red+1","floor":29},{"not_picked":["Armaments","Anger"],"picked":"Inflame+1","floor":30}],"player_experience":281990,"relics_obtained":[{"floor":7,"key":"Turnip"},{"floor":9,"key":"Meat on the Bone"},{"floor":10,"key":"Nunchaku"},{"floor":24,"key":"Lantern"},{"floor":26,"key":"Bag of Marbles"},{"floor":27,"key":"Blue Candle"},{"floor":29,"key":"Frozen Egg 2"}],"event_choices":[{"damage_healed":0,"gold_gain":0,"player_choice":"Success","damage_taken":7,"relics_obtained":["Ginger"],"max_hp_gain":0,"max_hp_loss":0,"event_name":"Scrap Ooze","floor":2,"gold_loss":0},{"damage_healed":0,"gold_gain":0,"player_choice":"2 cards matched","damage_taken":0,"max_hp_gain":0,"max_hp_loss":0,"event_name":"Match and Keep!","floor":3,"gold_loss":0,"cards_obtained":["Sword Boomerang","Panacea"]},{"damage_healed":0,"gold_gain":0,"player_choice":"Take Wound","damage_taken":0,"relics_obtained":["Golden Idol"],"max_hp_gain":0,"max_hp_loss":0,"event_name":"Golden Idol","floor":14,"gold_loss":0,"cards_obtained":["Injury"]},{"damage_healed":0,"gold_gain":0,"player_choice":"Ignored","damage_taken":0,"max_hp_gain":0,"max_hp_loss":0,"event_name":"N\u0027loth","floor":20,"gold_loss":0},{"damage_healed":0,"gold_gain":275,"player_choice":"Desecrate","damage_taken":0,"max_hp_gain":0,"max_hp_loss":0,"event_name":"Golden Shrine","floor":28,"gold_loss":0,"cards_obtained":["Regret"]},{"cards_removed":["Defend_R"],"damage_healed":0,"gold_gain":0,"player_choice":"Gave Gold","damage_taken":0,"max_hp_gain":0,"max_hp_loss":0,"event_name":"Beggar","floor":31,"gold_loss":75}],"is_beta":false,"boss_relics":[{"not_picked":["Ectoplasm","Calling Bell"],"picked":"Runic Pyramid"}],"items_purged_floors":[19],"is_endless":false,"potions_floor_spawned":[1,4,11,13,16,22,24,30],"killed_by":"Collector","ascension_level":3}