{"gold_per_floor":[10,10,28,28,41,41,71,71,71,84,101,176,176,191,191,191],"floor_reached":16,"playtime":716,"items_purged":[],"score":112,"play_id":"f994cb91-3328-4c1c-ace4-0f66c0920628","local_time":"20190906033814","is_ascension_mode":true,"campfire_choices":[{"data":"Blind","floor":6,"key":"SMITH"},{"floor":8,"key":"REST"},{"floor":15,"key":"REST"}],"neow_cost":"NO_GOLD","seed_source_timestamp":875069430213400,"circlet_count":0,"master_deck":["Strike_G","Strike_G","Strike_G","Strike_G","Defend_G","Defend_G","Defend_G","Defend_G","Defend_G","Survivor","Neutralize","Dramatic Entrance","Blind+1","Outmaneuver+1","Crippling Poison","Sucker Punch","Heel Hook","Terror+1","Poisoned Stab","Blade Dance"],"relics":["Ring of the Snake","WingedGreaves","The Specimen"],"potions_floor_usage":[14,14],"damage_taken":[{"damage":0,"enemies":"Small Slimes","floor":1,"turns":3},{"damage":1,"enemies":"Jaw Worm","floor":3,"turns":4},{"damage":2,"enemies":"Cultist","floor":5,"turns":4},{"damage":38,"enemies":"3 Sentries","floor":7,"turns":18},{"damage":10,"enemies":"Looter","floor":10,"turns":4},{"damage":0,"enemies":"2 Fungi Beasts","floor":11,"turns":3},{"damage":0,"enemies":"Gremlin Gang","floor":14,"turns":3},{"damage":48,"enemies":"Slime Boss","floor":16,"turns":7}],"seed_played":"1948228183105278393","potions_obtained":[{"floor":3,"key":"Weak Potion"},{"floor":10,"key":"GhostInAJar"},{"floor":11,"key":"Fire Potion"}],"is_trial":false,"path_per_floor":["M","?","M","?","M","R","E","R","T","M","M","?","?","M","R","B"],"character_chosen":"THE_SILENT","items_purchased":[],"campfire_rested":2,"item_purchase_floors":[],"current_hp_per_floor":[70,70,69,62,60,60,22,43,43,33,33,22,22,22,43,0],"gold":191,"neow_bonus":"RANDOM_COLORLESS_2","is_prod":false,"is_daily":false,"chose_seed":false,"campfire_upgraded":1,"win_rate":0,"timestamp":1567766294,"path_taken":["M","?","M","?","M","R","E","R","T","M","M","?","?","M","R","BOSS"],"build_version":"2019-07-17","purchased_purges":0,"victory":false,"max_hp_per_floor":[70,70,70,70,70,70,70,70,70,70,70,70,70,70,70,70],"card_choices":[{"not_picked":["Underhanded Strike","Acrobatics"],"picked":"Outmaneuver","floor":1},{"not_picked":["Backflip","Riddle With Holes"],"picked":"Crippling Poison","floor":3},{"not_picked":["Quick Slash","Finisher"],"picked":"Sucker Punch","floor":5},{"not_picked":["Blade Dance","Deflect"],"picked":"Heel Hook","floor":7},{"not_picked":["Accuracy","Expertise"],"picked":"Terror","floor":10},{"not_picked":["Terror","Deflect"],"picked":"Poisoned Stab","floor":11},{"not_picked":["Poisoned Stab","Quick Slash"],"picked":"Blade Dance","floor":14}],"player_experience":277034,"relics_obtained":[{"floor":7,"key":"WingedGreaves"},{"floor":9,"key":"The Specimen"}],"event_choices":[{"damage_healed":0,"gold_gain":0,"player_choice":"Grow","damage_taken":0,"max_hp_gain":0,"max_hp_loss":0,"event_name":"Living Wall","floor":2,"gold_loss":0,"cards_upgraded":["Outmaneuver"]},{"cards_removed":["Strike_G"],"damage_healed":0,"gold_gain":0,"player_choice":"Card Removal","damage_taken":7,"max_hp_gain":0,"max_hp_loss":0,"event_name":"Golden Wing","floor":4,"gold_loss":0},{"damage_healed":0,"gold_gain":75,"player_choice":"Gather Gold","damage_taken":11,"max_hp_gain":0,"max_hp_loss":0,"event_name":"World of Goop","floor":12,"gold_loss":0},{"damage_healed":0,"gold_gain":0,"player_choice":"Forge","damage_taken":0,"max_hp_gain":0,"max_hp_loss":0,"event_name":"Accursed Blacksmith","floor":13,"gold_loss":0,"cards_upgraded":["Terror"]}],"is_beta":false,"boss_relics":[],"items_purged_floors":[],"is_endless":false,"potions_floor_spawned":[3,10,11],"killed_by":"Slime Boss","ascension_level":2}