{"gold_per_floor":[117,117,117,117,127,153,172,206,254,254,272,304,318,331,331,430,430,447,461,46,46,63,63,63,79,79,79,79,79,96,106,106,106],"floor_reached":33,"playtime":4778,"items_purged":[],"score":294,"play_id":"3d7e9e36-45a4-469e-9eb0-3be12e847df5","local_time":"20190303005915","is_ascension_mode":false,"campfire_choices":[{"floor":10,"key":"REST"},{"floor":15,"key":"REST"},{"floor":23,"key":"REST"},{"floor":27,"key":"REST"},{"floor":29,"key":"REST"},{"floor":32,"key":"REST"}],"neow_cost":"NONE","seed_source_timestamp":10980843017576,"circlet_count":0,"master_deck":["Strike_B+1","Strike_B+1","Strike_B+1","Strike_B+1","Defend_B+1","Defend_B+1","Defend_B+1","Defend_B+1","Zap","Dualcast+1","Coolheaded","Beam Cell","Cold Snap","Compile Driver","White Noise","Chill","Fission","Sweeping Beam","Defragment","Machine Learning","Ball Lightning","Capacitor","Rainbow","Stack","Capacitor","Go for the Eyes","Conserve Battery+1","Melter","Dark Shackles+1","Genetic Algorithm+1","Streamline+1","RitualDagger","Double Energy+1","Barrage"],"relics":["Cracked Core","NeowsBlessing","Question Card","Potion Belt","PreservedInsect","WingedGreaves","Orrery","Toxic Egg 2","Bottled Flame","Lantern"],"potions_floor_usage":[16,16,16,19,31],"damage_taken":[{"damage":0,"enemies":"Small Slimes","floor":1,"turns":1},{"damage":0,"enemies":"Jaw Worm","floor":5,"turns":1},{"damage":0,"enemies":"Gremlin Nob","floor":6,"turns":1},{"damage":0,"enemies":"Cultist","floor":7,"turns":3},{"damage":25,"enemies":"3 Sentries","floor":8,"turns":9},{"damage":6,"enemies":"Gremlin Gang","floor":11,"turns":4},{"damage":22,"enemies":"Gremlin Nob","floor":12,"turns":4},{"damage":13,"enemies":"Lots of Slimes","floor":13,"turns":5},{"damage":0,"enemies":"2 Fungi Beasts","floor":14,"turns":3},{"damage":23,"enemies":"The Guardian","floor":16,"turns":12},{"damage":16,"enemies":"3 Byrds","floor":18,"turns":6},{"damage":16,"enemies":"Shell Parasite","floor":19,"turns":6},{"damage":33,"enemies":"Snake Plant","floor":22,"turns":6},{"damage":21,"enemies":"Chosen and Byrds","floor":25,"turns":7},{"damage":15,"enemies":"Snecko","floor":30,"turns":7},{"damage":16,"enemies":"Centurion and Healer","floor":31,"turns":5},{"damage":59,"enemies":"Automaton","floor":33,"turns":12}],"seed_played":"-2812018326986089533","potions_obtained":[{"floor":7,"key":"FearPotion"},{"floor":11,"key":"SteroidPotion"},{"floor":13,"key":"Weak Potion"},{"floor":16,"key":"PowerPotion"},{"floor":25,"key":"PowerPotion"},{"floor":31,"key":"Fire Potion"}],"is_trial":false,"path_per_floor":["M","?","?","?","M","E","M","E","T","R","M","E","M","M","R","B",null,"M","M","$","?","M","R","T","M","T","R","?","R","M","M","R","B"],"character_chosen":"DEFECT","items_purchased":["Toxic Egg 2","Melter","Dark Shackles+1"],"campfire_rested":6,"item_purchase_floors":[20,20,20],"current_hp_per_floor":[75,80,80,72,72,72,72,47,47,71,65,43,30,30,54,31,80,64,48,48,48,15,39,39,18,18,42,36,60,45,29,53,0],"gold":106,"neow_bonus":"THREE_ENEMY_KILL","is_prod":false,"is_daily":false,"chose_seed":false,"campfire_upgraded":0,"win_rate":0.0,"timestamp":1551603555,"path_taken":["M","?","?","?","?","E","?","E","T","R","M","E","M","M","R","BOSS","M","M","?","?","?","R","?","M","T","R","?","R","M","M","R","BOSS"],"build_version":"2019-01-23","purchased_purges":0,"victory":false,"max_hp_per_floor":[75,80,80,80,80,80,80,80,80,80,80,80,80,80,80,80,80,80,80,80,80,80,80,80,80,80,80,80,80,80,80,80,80],"card_choices":[{"not_picked":["Hologram","Leap"],"picked":"Coolheaded","floor":1},{"not_picked":["Redo","Gash"],"picked":"Beam Cell","floor":5},{"not_picked":["Blizzard","Double Energy"],"picked":"Cold Snap","floor":6},{"not_picked":["Hologram","Beam Cell","Go for the Eyes"],"picked":"Compile Driver","floor":7},{"not_picked":["Compile Driver","Coolheaded","Conserve Battery"],"picked":"White Noise","floor":8},{"not_picked":["Cold Snap","Hologram","Rip and Tear"],"picked":"Chill","floor":11},{"not_picked":["Go for the Eyes","Ball Lightning","Lockon"],"picked":"Fission","floor":12},{"not_picked":["Cold Snap","Steam Power","Beam Cell"],"picked":"Sweeping Beam","floor":13},{"not_picked":["White Noise","Force Field","Go for the Eyes"],"picked":"Defragment","floor":14},{"not_picked":["Seek","Amplify","Electrodynamics"],"picked":"Machine Learning","floor":16},{"not_picked":["Barrage","Redo","Steam"],"picked":"Ball Lightning","floor":17},{"not_picked":["Redo","Leap","Sweeping Beam"],"picked":"Capacitor","floor":17},{"not_picked":["Sweeping Beam","Darkness","Redo"],"picked":"Rainbow","floor":17},{"not_picked":["Reboot","Leap","Gash"],"picked":"Stack","floor":17},{"not_picked":["Cold Snap","Compile Driver","Chill"],"picked":"Capacitor","floor":17},{"not_picked":["Coolheaded","Steam","Cold Snap"],"picked":"Go for the Eyes","floor":18},{"not_picked":["Gash","Chill","Redo"],"picked":"Conserve Battery+1","floor":19},{"not_picked":["Coolheaded+1","Scrape","Streamline"],"picked":"Genetic Algorithm+1","floor":22},{"not_picked":["Lockon","Go for the Eyes+1","Loop"],"picked":"Streamline+1","floor":25},{"not_picked":["Go for the Eyes","Hologram+1","Streamline"],"picked":"Double Energy+1","floor":30},{"not_picked":["Streamline","Steam+1","Seek+1"],"picked":"Barrage","floor":31}],"player_experience":9916,"relics_obtained":[{"floor":6,"key":"Question Card"},{"floor":8,"key":"Potion Belt"},{"floor":9,"key":"PreservedInsect"},{"floor":12,"key":"WingedGreaves"},{"floor":24,"key":"Bottled Flame"},{"floor":26,"key":"Lantern"}],"event_choices":[{"damage_healed":0,"gold_gain":0,"player_choice":"Donut","damage_taken":0,"max_hp_gain":5,"max_hp_loss":0,"event_name":"Big Fish","floor":2,"gold_loss":0},{"damage_healed":0,"gold_gain":0,"player_choice":"Grow","damage_taken":0,"max_hp_gain":0,"max_hp_loss":0,"event_name":"Living Wall","floor":3,"gold_loss":0,"cards_upgraded":["Dualcast"]},{"damage_healed":0,"gold_gain":0,"player_choice":"Damaged","damage_taken":8,"max_hp_gain":0,"max_hp_loss":0,"event_name":"Wheel of Change","floor":4,"gold_loss":0},{"damage_healed":0,"gold_gain":0,"player_choice":"Simplicity","damage_taken":0,"max_hp_gain":0,"max_hp_loss":0,"event_name":"Back to Basics","floor":21,"gold_loss":0,"cards_upgraded":["Strike_B","Strike_B","Strike_B","Strike_B","Defend_B","Defend_B","Defend_B","Defend_B"]},{"damage_healed":0,"gold_gain":0,"player_choice":"Joined the Cult","damage_taken":6,"max_hp_gain":0,"max_hp_loss":0,"event_name":"Nest","floor":28,"gold_loss":0,"cards_obtained":["RitualDagger"]}],"is_beta":false,"boss_relics":[{"not_picked":["Empty Cage","Busted Crown"],"picked":"Orrery"}],"items_purged_floors":[],"is_endless":false,"potions_floor_spawned":[7,11,13,16,25,31],"killed_by":"Automaton","ascension_level":0}