{"gold_per_floor":[111,111,131,141,141,171,171,197,197,162,141,141,176,451,451,546,546,559,576,134,150,160,218,288,288,288,288,288,288,300,311,311,416,416,436,371,385,400,423,423,65,78,78,92,92,107,127,140,140,140],"floor_reached":50,"playtime":2979,"items_purged":["Pain"],"score":709,"play_id":"79993266-3510-4126-a4e7-3e274de307d8","local_time":"20190509214254","is_ascension_mode":true,"campfire_choices":[{"data":"Bash","floor":7.0,"key":"SMITH"},{"data":"Rage","floor":15.0,"key":"SMITH"},{"floor":27,"key":"REST"},{"data":"Limit Break","floor":32,"key":"SMITH"},{"data":"Barricade","floor":40,"key":"SMITH"},{"floor":45,"key":"REST"},{"floor":49,"key":"REST"}],"neow_cost":"NONE","seed_source_timestamp":0,"circlet_count":0,"master_deck":["Strike_R","Strike_R","Strike_R","Strike_R","Strike_R","Defend_R","Defend_R","Defend_R","Bash+1","Pommel Strike","Anger","Warcry+1","Anger","Brutality","Dropkick","Parasite","Rage+1","Regret","Limit Break+1","Headbutt","Perfected Strike+1","Flex+1","Blind","Spot Weakness","Iron Wave","Uppercut+1","Decay","J.A.X.","Clumsy","Pommel Strike+1","Shame","Shame","Cleave+1","Disarm+1","Barricade+1","Parasite","Writhe","Body Slam+1","Flex+1","Shrug It Off","Injury","Perfected Strike+1","Bludgeon+1","Juggernaut","Rage+1","Pain","Heavy Blade+1","Entrench+1","Shockwave+1","Heavy Blade+1","Dual Wield+1","Flame Barrier+1"],"special_seed":0,"relics":["Burning Blood","NeowsBlessing","Du-Vu Doll","Question Card","Gremlin Horn","Bronze Scales","Cursed Key","Dream Catcher","Vajra","Tiny Chest","Kunai","War Paint","Mercury Hourglass","Molten Egg 2","Calling Bell","Bag of Marbles","The Courier","Nunchaku","Centennial Puzzle","Bag of Preparation","Pear"],"potions_floor_usage":[23,30,31,44,50,50,50],"damage_taken":[{"damage":0.0,"enemies":"Cultist","floor":1.0,"turns":1.0},{"damage":0.0,"enemies":"Small Slimes","floor":3.0,"turns":1.0},{"damage":0.0,"enemies":"2 Louse","floor":4.0,"turns":1.0},{"damage":16.0,"enemies":"Gremlin Nob","floor":6.0,"turns":3.0},{"damage":30.0,"enemies":"Lagavulin","floor":8.0,"turns":5.0},{"damage":21.0,"enemies":"3 Sentries","floor":13.0,"turns":7.0},{"damage":37.0,"enemies":"The Guardian","floor":16.0,"turns":7.0},{"damage":20,"enemies":"2 Thieves","floor":18,"turns":4},{"damage":25,"enemies":"Spheric Guardian","floor":19,"turns":4},{"damage":7,"enemies":"Cultist and Chosen","floor":21,"turns":4},{"damage":5,"enemies":"Sentry and Sphere","floor":22,"turns":3},{"damage":14,"enemies":"Gremlin Leader","floor":23,"turns":5},{"damage":3,"enemies":"Snake Plant","floor":30,"turns":1},{"damage":2,"enemies":"3 Cultists","floor":31,"turns":2},{"damage":30,"enemies":"Champ","floor":33,"turns":6},{"damage":22,"enemies":"3 Shapes","floor":35,"turns":2},{"damage":5,"enemies":"Orb Walker","floor":37,"turns":2},{"damage":1,"enemies":"4 Shapes","floor":38,"turns":1},{"damage":17,"enemies":"3 Darklings","floor":42,"turns":3},{"damage":24,"enemies":"Maw","floor":44,"turns":5},{"damage":22,"enemies":"Transient","floor":46,"turns":5},{"damage":9,"enemies":"Writhing Mass","floor":47,"turns":3},{"damage":0,"enemies":"Jaw Worm Horde","floor":48,"turns":2},{"damage":110,"enemies":"Awakened One","floor":50,"turns":8}],"seed_played":"6628537192819254740","potions_obtained":[{"floor":3.0,"key":"Regen Potion"},{"floor":4.0,"key":"GamblersBrew"},{"floor":16.0,"key":"Swift Potion"},{"floor":18,"key":"Poison Potion"},{"floor":21,"key":"Strength Potion"},{"floor":33,"key":"Weak Potion"},{"floor":37,"key":"Regen Potion"},{"floor":38,"key":"Swift Potion"},{"floor":46,"key":"SpeedPotion"}],"is_trial":false,"path_per_floor":["M","?","M","M","$","E","R","E","T","?","?","?","E","?","R","B",null,"M","M","$","M","M","E","T","?","T","R","T","T","M","M","R","B",null,"M","?","M","M","T","R","$","M","T","M","R","M","M","M","R","B"],"character_chosen":"IRONCLAD","items_purchased":["Dream Catcher","Vajra","Flex","Blind","Perfected Strike+1","Bludgeon+1","Juggernaut","PowerPotion"],"campfire_rested":3,"item_purchase_floors":[20,20,20,20,41,41,41,41],"current_hp_per_floor":[80,80,80,80,80,70,70,46,46,66,66,80,65,65,65,46,80,66,47,47,46,47,39,39,39,39,63,63,63,66,70,70,46,80,64,64,65,70,70,70,70,59,69,51,78,62,59,65,90,0],"gold":140,"neow_bonus":"THREE_ENEMY_KILL","is_prod":false,"is_daily":false,"chose_seed":false,"campfire_upgraded":4,"win_rate":0,"timestamp":1557463374,"path_taken":["M","?","?","M","$","E","R","E","T","?","?","?","E","?","R","BOSS","M","M","$","M","M","E","?","?","T","R","?","?","M","M","R","BOSS","M","?","?","M","?","R","$","M","T","M","R","M","?","M","R","BOSS"],"build_version":"2019-01-23","purchased_purges":1,"victory":false,"max_hp_per_floor":[80,80,80,80,80,80,80,80,80,80,80,80,80,80,80,80,80,80,80,80,80,80,80,80,80,80,80,80,80,80,80,80,80,80,80,80,80,80,80,80,80,80,90,90,90,90,90,90,90,90],"card_choices":[{"not_picked":["Clothesline","Iron Wave"],"picked":"Pommel Strike","floor":1.0},{"not_picked":["Power Through","Sword Boomerang"],"picked":"Warcry","floor":3.0},{"not_picked":["Wild Strike","Metallicize"],"picked":"Anger","floor":4.0},{"not_picked":["Intimidate","Havoc"],"picked":"Brutality","floor":6.0},{"not_picked":["Entrench","Iron Wave"],"picked":"Dropkick","floor":8.0},{"not_picked":["Ghostly Armor","Infernal Blade","Anger"],"picked":"Rage","floor":13.0},{"not_picked":["Fiend Fire","Immolate","Berserk"],"picked":"Limit Break","floor":16.0},{"not_picked":["Wild Strike","Shrug It Off","Sword Boomerang"],"picked":"Headbutt","floor":18},{"not_picked":["Whirlwind","Reckless Charge","True Grit+1"],"picked":"Perfected Strike+1","floor":19},{"not_picked":["Flex","Body Slam","Pommel Strike+1"],"picked":"Spot Weakness","floor":21},{"not_picked":["Corruption","Hemokinesis","Havoc+1"],"picked":"Iron Wave","floor":22},{"not_picked":["Perfected Strike","Limit Break","Twin Strike"],"picked":"Uppercut+1","floor":23},{"not_picked":["Sever Soul","Sword Boomerang+1","Perfected Strike"],"picked":"Pommel Strike+1","floor":27},{"not_picked":["Uppercut+1","Inflame+1","Havoc"],"picked":"Cleave+1","floor":30},{"not_picked":["Battle Trance","Dropkick+1","Flex+1"],"picked":"Disarm+1","floor":31},{"not_picked":["Berserk","Bludgeon+1","Exhume"],"picked":"Barricade","floor":33},{"not_picked":["Havoc+1","Pommel Strike+1","Infernal Blade"],"picked":"Body Slam+1","floor":35},{"not_picked":["Carnage+1","Disarm","Warcry+1"],"picked":"Flex+1","floor":37},{"not_picked":["Reckless Charge+1","Headbutt+1","Cleave+1"],"picked":"Shrug It Off","floor":38},{"not_picked":["Inflame","Rupture","True Grit"],"picked":"Rage+1","floor":42},{"not_picked":["Armaments+1","Sword Boomerang+1","Dual Wield+1"],"picked":"Heavy Blade+1","floor":44},{"not_picked":["Searing Blow+1","Hemokinesis+1","Pummel+1"],"picked":"Entrench+1","floor":45},{"not_picked":["Juggernaut","Bloodletting+1","Clash+1"],"picked":"Shockwave+1","floor":46},{"not_picked":["Clothesline+1","Headbutt+1","Clash+1"],"picked":"Heavy Blade+1","floor":47},{"not_picked":["Pommel Strike+1","Iron Wave+1","Barricade"],"picked":"Dual Wield+1","floor":48},{"not_picked":["Twin Strike+1","Sever Soul+1","Rage"],"picked":"Flame Barrier+1","floor":49}],"player_experience":130230,"relics_obtained":[{"floor":6.0,"key":"Du-Vu Doll"},{"floor":8.0,"key":"Question Card"},{"floor":9.0,"key":"Gremlin Horn"},{"floor":13.0,"key":"Bronze Scales"},{"floor":23,"key":"Tiny Chest"},{"floor":24,"key":"Kunai"},{"floor":26,"key":"War Paint"},{"floor":28,"key":"Mercury Hourglass"},{"floor":29,"key":"Molten Egg 2"},{"floor":34,"key":"Bag of Marbles"},{"floor":34,"key":"The Courier"},{"floor":34,"key":"Nunchaku"},{"floor":39,"key":"Bag of Preparation"},{"floor":43,"key":"Pear"}],"event_choices":[{"damage_healed":0.0,"max_hp_gain":0.0,"max_hp_loss":0.0,"gold_gain":0.0,"cards_transformed":["Defend_R"],"event_name":"Transmorgrifier","player_choice":"Transformed","floor":2.0,"gold_loss":0.0,"damage_taken":0.0,"cards_obtained":["Anger"]},{"damage_healed":20.0,"max_hp_gain":0.0,"max_hp_loss":0.0,"gold_gain":0.0,"event_name":"The Cleric","player_choice":"Healed","floor":10.0,"gold_loss":35.0,"damage_taken":0.0},{"damage_healed":0.0,"max_hp_gain":0.0,"max_hp_loss":0.0,"gold_gain":0.0,"event_name":"World of Goop","player_choice":"Left Gold","floor":11.0,"gold_loss":21.0,"damage_taken":0.0},{"damage_healed":20.0,"max_hp_gain":0.0,"max_hp_loss":0.0,"gold_gain":0.0,"event_name":"Mushrooms","player_choice":"Healed and dodged fight","floor":12.0,"gold_loss":0.0,"damage_taken":0.0,"cards_obtained":["Parasite"]},{"damage_healed":0.0,"max_hp_gain":0.0,"max_hp_loss":0.0,"gold_gain":275.0,"event_name":"Golden Shrine","player_choice":"Desecrate","floor":14.0,"gold_loss":0.0,"damage_taken":0.0,"cards_obtained":["Regret"]},{"damage_healed":0,"gold_gain":0,"player_choice":"Obtain J.A.X.","damage_taken":0,"max_hp_gain":0,"max_hp_loss":0,"event_name":"Drug Dealer","floor":25,"gold_loss":0,"cards_obtained":["J.A.X."]},{"damage_healed":0,"gold_gain":0,"player_choice":"Paid Gold","damage_taken":0,"relics_obtained":["Centennial Puzzle"],"max_hp_gain":0,"max_hp_loss":0,"event_name":"WeMeetAgain","floor":36,"gold_loss":65}],"is_beta":false,"boss_relics":[{"not_picked":["Ectoplasm","Snecko Eye"],"picked":"Cursed Key"},{"not_picked":["Orrery","Runic Cube"],"picked":"Calling Bell"}],"items_purged_floors":[41],"is_endless":false,"potions_floor_spawned":[3,4,16,18,21,33,37,38,46],"killed_by":"Awakened One","ascension_level":1}