{"gold_per_floor":[110,110,125,139,214,246,246,308,308,350,382,394,467,508,520,629,641,663,84,95,95,10,45,45,0,0,90,107,107,126,143,143,242,242,257,257,157,157,157,157],"floor_reached":40,"playtime":1515,"items_purged":["Strike_R","Strike_R"],"score":512,"play_id":"9e01d69e-f09c-4889-affd-0a67503d0fc8","local_time":"20191007003018","is_ascension_mode":true,"campfire_choices":[{"floor":15,"key":"REST"},{"data":"Rage","floor":24,"key":"SMITH"},{"floor":29,"key":"REST"},{"data":"Shockwave","floor":32,"key":"SMITH"}],"neow_cost":"NONE","seed_source_timestamp":1727011781400400,"circlet_count":0,"master_deck":["Strike_R","Defend_R","Defend_R","Defend_R","Defend_R","Bash","Shockwave+1","Carnage","Cleave","Headbutt","Whirlwind","Rampage","Spot Weakness","Shrug It Off","Immolate","Heavy Blade","Rage+1","J.A.X.","Rage","Pommel Strike","Barricade","Panacea"],"relics":["Burning Blood","NeowsBlessing","Mercury Hourglass","Oddly Smooth Stone","MawBank","Regal Pillow","Calipers","Vajra","Velvet Choker","Ginger","HandDrill","Torii","Bag of Preparation","Blue Candle","Busted Crown"],"potions_floor_usage":[6,10,14,14,16,23,33],"damage_taken":[{"damage":0,"enemies":"2 Louse","floor":1,"turns":1},{"damage":0,"enemies":"Small Slimes","floor":3,"turns":1},{"damage":0,"enemies":"Jaw Worm","floor":4,"turns":1},{"damage":20,"enemies":"Gremlin Nob","floor":6,"turns":3},{"damage":30,"enemies":"3 Sentries","floor":8,"turns":3},{"damage":34,"enemies":"Lagavulin","floor":10,"turns":6},{"damage":0,"enemies":"Large Slime","floor":11,"turns":3},{"damage":0,"enemies":"Gremlin Nob","floor":14,"turns":2},{"damage":43,"enemies":"The Guardian","floor":16,"turns":10},{"damage":1,"enemies":"3 Byrds","floor":18,"turns":3},{"damage":6,"enemies":"Chosen","floor":20,"turns":3},{"damage":24,"enemies":"Gremlin Leader","floor":23,"turns":4},{"damage":33,"enemies":"Shelled Parasite and Fungi","floor":28,"turns":4},{"damage":4,"enemies":"Snecko","floor":30,"turns":3},{"damage":15,"enemies":"Centurion and Healer","floor":31,"turns":5},{"damage":35,"enemies":"Collector","floor":33,"turns":6},{"damage":0,"enemies":"3 Shapes","floor":35,"turns":2},{"damage":101,"enemies":"Giant Head","floor":40,"turns":7}],"seed_played":"4630259840497404305","potions_obtained":[{"floor":3,"key":"PowerPotion"},{"floor":6,"key":"Regen Potion"},{"floor":8,"key":"Explosive Potion"},{"floor":10,"key":"PowerPotion"},{"floor":11,"key":"Fire Potion"},{"floor":18,"key":"SteroidPotion"},{"floor":30,"key":"Swift Potion"},{"floor":33,"key":"SteroidPotion"}],"is_trial":false,"path_per_floor":["M","?","M","M","?","E","?","?","T","E","M","?","?","E","R","B",null,"M","$","M","?","?","E","R","?","T","?","M","R","M","M","R","B",null,"M","?","$","?","?","E"],"character_chosen":"IRONCLAD","items_purchased":["Ginger","HandDrill"],"campfire_rested":2,"item_purchase_floors":[19,19],"current_hp_per_floor":[80,85,85,85,74,60,60,36,36,23,29,17,17,23,63,26,85,85,85,85,85,85,67,67,67,67,43,16,56,58,49,49,20,85,85,85,85,85,85,0],"gold":157,"neow_bonus":"THREE_ENEMY_KILL","is_prod":false,"is_daily":false,"chose_seed":false,"campfire_upgraded":2,"win_rate":0,"timestamp":1570433418,"path_taken":["M","?","M","M","?","E","?","?","T","E","M","?","?","E","R","BOSS","M","$","M","?","?","E","R","?","T","?","M","R","?","M","R","BOSS","M","?","$","?","?","E"],"build_version":"2019-07-17","purchased_purges":2,"victory":false,"max_hp_per_floor":[80,85,85,85,85,85,85,85,85,85,85,85,85,85,85,85,85,85,85,85,85,85,85,85,85,85,85,85,85,85,85,85,85,85,85,85,85,85,85,85],"card_choices":[{"not_picked":["Perfected Strike","Flex"],"picked":"Shockwave","floor":1},{"not_picked":["Rage","Perfected Strike"],"picked":"Carnage","floor":3},{"not_picked":["Searing Blow","Feel No Pain"],"picked":"Cleave","floor":4},{"not_picked":["Perfected Strike","Metallicize"],"picked":"Headbutt","floor":6},{"not_picked":["Heavy Blade","Intimidate"],"picked":"Rampage","floor":8},{"not_picked":["Evolve","Berserk"],"picked":"Spot Weakness","floor":10},{"not_picked":["Whirlwind","Clash"],"picked":"Shrug It Off","floor":11},{"not_picked":["Cleave","Headbutt","Fire Breathing"],"picked":"SKIP","floor":14},{"not_picked":["Brutality","Fiend Fire"],"picked":"Immolate","floor":16},{"not_picked":["Havoc","Twin Strike"],"picked":"Heavy Blade","floor":18},{"not_picked":["Flex","Clash+1"],"picked":"Rage","floor":20},{"not_picked":["Infernal Blade","Demon Form"],"picked":"Rage","floor":23},{"not_picked":["Hemokinesis","Body Slam","Sword Boomerang"],"picked":"SKIP","floor":28},{"not_picked":["Wild Strike","Fire Breathing+1","Cleave"],"picked":"SKIP","floor":30},{"not_picked":["Shockwave","Perfected Strike"],"picked":"Pommel Strike","floor":31},{"not_picked":["Demon Form","Juggernaut"],"picked":"Barricade","floor":33},{"not_picked":["Headbutt+1"],"picked":"SKIP","floor":35},{"not_picked":[],"picked":"Panacea","floor":38}],"player_experience":290798,"relics_obtained":[{"floor":6,"key":"Mercury Hourglass"},{"floor":8,"key":"Oddly Smooth Stone"},{"floor":9,"key":"MawBank"},{"floor":10,"key":"Regal Pillow"},{"floor":14,"key":"Vajra"},{"floor":23,"key":"Bag of Preparation"},{"floor":26,"key":"Blue Candle"}],"event_choices":[{"damage_healed":0,"gold_gain":0,"player_choice":"Donut","damage_taken":0,"max_hp_gain":5,"max_hp_loss":0,"event_name":"Big Fish","floor":2,"gold_loss":0},{"damage_healed":0,"gold_gain":75,"player_choice":"Gather Gold","damage_taken":11,"max_hp_gain":0,"max_hp_loss":0,"event_name":"World of Goop","floor":5,"gold_loss":0},{"damage_healed":0,"gold_gain":0,"cards_transformed":["Strike_R"],"player_choice":"Change","damage_taken":0,"max_hp_gain":0,"max_hp_loss":0,"event_name":"Living Wall","floor":7,"gold_loss":0,"cards_obtained":["Whirlwind"]},{"damage_healed":0,"gold_gain":30,"player_choice":"Searched \u00272\u0027 times","damage_taken":0,"max_hp_gain":0,"max_hp_loss":0,"event_name":"Dead Adventurer","floor":8,"gold_loss":0},{"damage_healed":0,"gold_gain":0,"player_choice":"Success","damage_taken":12,"relics_obtained":["Calipers"],"max_hp_gain":0,"max_hp_loss":0,"event_name":"Scrap Ooze","floor":12,"gold_loss":0},{"damage_healed":0,"gold_gain":61,"player_choice":"Gained Gold","damage_taken":0,"max_hp_gain":0,"max_hp_loss":0,"event_name":"Golden Wing","floor":13,"gold_loss":0},{"damage_healed":0,"gold_gain":0,"player_choice":"Obtain J.A.X.","damage_taken":0,"max_hp_gain":0,"max_hp_loss":0,"event_name":"Drug Dealer","floor":21,"gold_loss":0,"cards_obtained":["J.A.X."]},{"damage_healed":0,"gold_gain":0,"player_choice":"Obtained Relic","damage_taken":0,"relics_obtained":["Torii"],"max_hp_gain":0,"max_hp_loss":0,"event_name":"Addict","floor":22,"gold_loss":85},{"damage_healed":0,"gold_gain":0,"player_choice":"Paid Fearfully","damage_taken":0,"max_hp_gain":0,"max_hp_loss":0,"event_name":"Masked Bandits","floor":25,"gold_loss":45},{"damage_healed":0,"gold_gain":90,"player_choice":"POTION GOLD ","damage_taken":24,"max_hp_gain":0,"max_hp_loss":0,"event_name":"Knowing Skull","floor":27,"potions_obtained":["FearPotion"],"gold_loss":0,"cards_obtained":[]},{"damage_healed":0,"gold_gain":0,"player_choice":"Ignored","damage_taken":0,"max_hp_gain":0,"max_hp_loss":0,"event_name":"Tomb of Lord Red Mask","floor":36,"gold_loss":0},{"damage_healed":0,"gold_gain":0,"player_choice":"Memory 1","damage_taken":0,"max_hp_gain":0,"max_hp_loss":0,"event_name":"SensoryStone","floor":38,"gold_loss":0},{"cards_removed":["Strike_R"],"damage_healed":0,"gold_gain":0,"player_choice":"Removed Attack","damage_taken":0,"max_hp_gain":0,"max_hp_loss":0,"event_name":"Falling","floor":39,"gold_loss":0}],"is_beta":false,"boss_relics":[{"not_picked":["Sozu","Runic Pyramid"],"picked":"Velvet Choker"},{"not_picked":["Lizard Tail","Astrolabe"],"picked":"Busted Crown"}],"items_purged_floors":[19,37],"is_endless":false,"potions_floor_spawned":[3,6,8,10,11,18,30,33],"killed_by":"Giant Head","ascension_level":3}