{"gold_per_floor":[114,134,148,148,159,193,193,193,193,38,38,55,85,160,160,231,231,247,263,263,274,234,234],"floor_reached":23,"playtime":1361,"items_purged":["Strike_B"],"score":332,"play_id":"6bc9a70e-ac7e-4807-b0f8-431b1a7ac714","local_time":"20191023152922","is_ascension_mode":true,"campfire_choices":[{"data":"Zap","floor":7,"key":"SMITH"},{"data":"Rip and Tear","floor":11,"key":"SMITH"},{"floor":15,"key":"REST"}],"neow_cost":"NONE","seed_source_timestamp":1147185591233500,"circlet_count":0,"master_deck":["AscendersBane","Strike_B","Strike_B","Strike_B","Defend_B","Defend_B","Defend_B","Defend_B","Zap+1","Dualcast","White Noise","Go for the Eyes+1","Steam","Rebound","Capacitor","Rip and Tear+1","Sweeping Beam","Go for the Eyes","Rainbow","Reinforced Body+1","Conserve Battery","Writhe","Beam Cell+1"],"relics":["Runic Pyramid","Bag of Marbles","Centennial Puzzle","Shuriken","Busted Crown","Molten Egg 2"],"potions_floor_usage":[1,13,16,16,21,23],"damage_taken":[{"damage":8,"enemies":"Small Slimes","floor":1,"turns":4},{"damage":5,"enemies":"Jaw Worm","floor":2,"turns":5},{"damage":0,"enemies":"Cultist","floor":3,"turns":3},{"damage":7,"enemies":"Large Slime","floor":5,"turns":4},{"damage":17,"enemies":"Gremlin Nob","floor":6,"turns":4},{"damage":12,"enemies":"Exordium Wildlife","floor":12,"turns":3},{"damage":5,"enemies":"3 Sentries","floor":13,"turns":4},{"damage":5,"enemies":"The Guardian","floor":16,"turns":10},{"damage":2,"enemies":"Chosen","floor":18,"turns":4},{"damage":14,"enemies":"2 Thieves","floor":19,"turns":3},{"damage":26,"enemies":"Snake Plant","floor":21,"turns":5},{"damage":34,"enemies":"Slavers","floor":23,"turns":1}],"seed_played":"6003703596831572504","potions_obtained":[{"floor":1,"key":"Fruit Juice"},{"floor":2,"key":"FocusPotion"},{"floor":6,"key":"FearPotion"},{"floor":13,"key":"SteroidPotion"},{"floor":18,"key":"Energy Potion"},{"floor":22,"key":"Strength Potion"},{"floor":22,"key":"Fire Potion"}],"is_trial":false,"path_per_floor":["M","M","M","?","M","E","R","?","T","$","R","M","E","?","R","B",null,"M","M","?","M","?","E"],"character_chosen":"DEFECT","items_purchased":["Rip and Tear"],"campfire_rested":1,"item_purchase_floors":[10],"current_hp_per_floor":[65,60,60,60,53,36,36,36,36,36,36,24,19,8,32,27,67,65,51,51,25,25,0],"gold":234,"neow_bonus":"BOSS_RELIC","is_prod":false,"is_daily":false,"chose_seed":false,"campfire_upgraded":2,"win_rate":0,"timestamp":1571858962,"path_taken":["M","M","M","?","M","E","R","?","T","$","R","M","E","?","R","BOSS","M","M","?","M","?","E"],"build_version":"2019-07-17","purchased_purges":1,"victory":false,"max_hp_per_floor":[80,80,80,80,80,80,80,80,80,80,80,80,80,80,80,80,80,80,80,80,80,80,80],"card_choices":[{"not_picked":["Reprogram","Compile Driver"],"picked":"White Noise","floor":1},{"not_picked":["Chaos","FTL"],"picked":"Go for the Eyes","floor":2},{"not_picked":["Hologram","Consume"],"picked":"Steam","floor":3},{"not_picked":["Double Energy","BootSequence"],"picked":"Rebound","floor":5},{"not_picked":["Force Field","Tempest"],"picked":"Capacitor","floor":6},{"not_picked":["Conserve Battery","Steam Power"],"picked":"Sweeping Beam","floor":12},{"not_picked":["Sweeping Beam","Barrage"],"picked":"Go for the Eyes","floor":13},{"not_picked":["Multi-Cast","Hyperbeam"],"picked":"Rainbow","floor":16},{"not_picked":[],"picked":"Reinforced Body+1","floor":18},{"not_picked":[],"picked":"Conserve Battery","floor":19},{"not_picked":[],"picked":"Beam Cell+1","floor":21}],"player_experience":534132,"relics_obtained":[{"floor":6,"key":"Bag of Marbles"},{"floor":9,"key":"Centennial Puzzle"},{"floor":13,"key":"Shuriken"}],"event_choices":[{"damage_healed":0,"gold_gain":0,"player_choice":"Grow","damage_taken":0,"max_hp_gain":0,"max_hp_loss":0,"event_name":"Living Wall","floor":4,"gold_loss":0,"cards_upgraded":["Go for the Eyes"]},{"damage_healed":0,"gold_gain":0,"player_choice":"Ignored","damage_taken":0,"max_hp_gain":0,"max_hp_loss":0,"event_name":"Liars Game","floor":8,"gold_loss":0},{"damage_healed":0,"gold_gain":75,"player_choice":"Gather Gold","damage_taken":11,"max_hp_gain":0,"max_hp_loss":0,"event_name":"World of Goop","floor":14,"gold_loss":0},{"damage_healed":0,"gold_gain":0,"player_choice":"Opened","damage_taken":0,"relics_obtained":["Molten Egg 2"],"max_hp_gain":0,"max_hp_loss":0,"event_name":"The Mausoleum","floor":20,"gold_loss":0,"cards_obtained":["Writhe"]},{"damage_healed":0,"gold_gain":0,"player_choice":"Bought 3 Potions","damage_taken":0,"max_hp_gain":0,"max_hp_loss":0,"event_name":"The Woman in Blue","floor":22,"gold_loss":0}],"is_beta":false,"boss_relics":[{"not_picked":["Pandora\u0027s Box","Snecko Eye"],"picked":"Busted Crown"}],"items_purged_floors":[10],"is_endless":false,"potions_floor_spawned":[1,2,6,13,18],"killed_by":"Slavers","ascension_level":13}