{"gold_per_floor":[146,163,163,176,176,209,209,241,241,261,361,361,396,408,408,506,506,526,579,592,603,448,474,474,474,474,474,499,4,15,34,34,34],"floor_reached":33,"playtime":2085,"items_purged":[],"score":361,"play_id":"97e68d2c-763d-4ef8-aa98-917988ff6826","local_time":"20190620012754","is_ascension_mode":true,"campfire_choices":[{"floor":7,"key":"REST"},{"data":"Bash","floor":12,"key":"SMITH"},{"data":"Evolve","floor":15,"key":"SMITH"},{"floor":24,"key":"REST"},{"floor":32,"key":"REST"}],"neow_cost":"NONE","seed_source_timestamp":679212533336559,"circlet_count":0,"master_deck":["Defend_R+1","Defend_R","Bash+1","Dropkick","Cleave","Iron Wave","Ghostly Armor","Intimidate+1","Thunderclap","Evolve+1","Rampage","Double Tap","Flex","Infernal Blade","Heavy Blade","Fiend Fire","Bite","Bite","Bite","Bite","Bite","Shrug It Off","Fire Breathing","Turbo","Chill+1"],"relics":["Burning Blood","Tiny Chest","Bag of Preparation","Meat on the Bone","Dodecahedron","War Paint","Fusion Hammer","Omamori","Oddly Smooth Stone","Letter Opener","Nilry\u0027s Codex","Paper Frog","Strawberry","PrismaticShard","Bronze Scales"],"potions_floor_usage":[8,8,16,16,21,23,23,31,33],"damage_taken":[{"damage":12,"enemies":"Jaw Worm","floor":1,"turns":2},{"damage":1,"enemies":"2 Louse","floor":2,"turns":3},{"damage":6,"enemies":"Cultist","floor":4,"turns":3},{"damage":39,"enemies":"3 Sentries","floor":6,"turns":8},{"damage":30,"enemies":"Lagavulin","floor":8,"turns":6},{"damage":4,"enemies":"3 Louse","floor":10,"turns":2},{"damage":15,"enemies":"Gremlin Nob","floor":13,"turns":4},{"damage":18,"enemies":"Exordium Thugs","floor":14,"turns":5},{"damage":18,"enemies":"Slime Boss","floor":16,"turns":9},{"damage":26,"enemies":"Spheric Guardian","floor":18,"turns":5},{"damage":0,"enemies":"Chosen","floor":20,"turns":3},{"damage":45,"enemies":"Centurion and Healer","floor":21,"turns":7},{"damage":31,"enemies":"Gremlin Leader","floor":23,"turns":5},{"damage":31,"enemies":"Book of Stabbing","floor":28,"turns":4},{"damage":24,"enemies":"Cultist and Chosen","floor":30,"turns":5},{"damage":21,"enemies":"Shelled Parasite and Fungi","floor":31,"turns":4},{"damage":71,"enemies":"Automaton","floor":33,"turns":6}],"seed_played":"-6528554847518845527","potions_obtained":[{"floor":1,"key":"Energy Potion"},{"floor":2,"key":"SkillPotion"},{"floor":4,"key":"FearPotion"},{"floor":10,"key":"Regen Potion"},{"floor":16,"key":"SkillPotion"},{"floor":18,"key":"BloodPotion"},{"floor":21,"key":"Energy Potion"},{"floor":30,"key":"AttackPotion"},{"floor":31,"key":"LiquidBronze"}],"is_trial":false,"path_per_floor":["M","M","?","M","?","E","R","E","T","M","?","R","E","M","R","B",null,"M","T","M","M","$","E","R","?","T","?","E","$","M","M","R","B"],"character_chosen":"IRONCLAD","items_purchased":["Oddly Smooth Stone","PrismaticShard","Bronze Scales","Shrug It Off","Fire Breathing"],"campfire_rested":3,"item_purchase_floors":[22,29,29,29,29],"current_hp_per_floor":[74,79,72,72,72,39,63,39,39,53,53,53,56,56,56,59,80,60,60,66,39,39,34,58,42,42,42,40,40,44,49,63,0],"gold":34,"neow_bonus":"RANDOM_COMMON_RELIC","is_prod":false,"is_daily":false,"chose_seed":false,"campfire_upgraded":2,"win_rate":0,"timestamp":1561019274,"path_taken":["M","M","?","M","?","E","R","E","T","?","?","R","E","M","R","BOSS","M","?","M","M","$","E","R","?","T","?","E","$","M","M","R","BOSS"],"build_version":"2019-01-23","purchased_purges":0,"victory":false,"max_hp_per_floor":[80,80,80,80,80,80,80,80,80,80,80,80,80,80,80,80,80,80,80,80,80,80,80,80,80,80,56,63,63,63,63,63,63],"card_choices":[{"not_picked":["Intimidate","Second Wind"],"picked":"Dropkick","floor":1},{"not_picked":["Clash","Armaments"],"picked":"Cleave","floor":2},{"not_picked":["True Grit","Warcry"],"picked":"Iron Wave","floor":4},{"not_picked":["Headbutt","Iron Wave"],"picked":"Ghostly Armor","floor":6},{"not_picked":["Reckless Charge","Carnage"],"picked":"Intimidate","floor":8},{"not_picked":["Shrug It Off","Twin Strike"],"picked":"Thunderclap","floor":10},{"not_picked":["Second Wind","Reckless Charge"],"picked":"Evolve","floor":13},{"not_picked":["Anger","Iron Wave"],"picked":"Rampage","floor":14},{"not_picked":["Berserk","Brutality"],"picked":"Double Tap","floor":16},{"not_picked":["True Grit","Pummel"],"picked":"Flex","floor":18},{"not_picked":["Havoc","Inflame"],"picked":"Infernal Blade","floor":20},{"not_picked":["Warcry","Dropkick+1"],"picked":"Heavy Blade","floor":21},{"not_picked":["Second Wind","Intimidate"],"picked":"Fiend Fire","floor":23},{"not_picked":["Sword Boomerang","Havoc","Cleave"],"picked":"SKIP","floor":28},{"not_picked":["Conserve Battery","All Out Attack+1"],"picked":"Turbo","floor":30},{"not_picked":["Sword Boomerang","Envenom"],"picked":"Chill+1","floor":31}],"player_experience":187717,"relics_obtained":[{"floor":6,"key":"Bag of Preparation"},{"floor":8,"key":"Meat on the Bone"},{"floor":9,"key":"Dodecahedron"},{"floor":13,"key":"War Paint"},{"floor":19,"key":"Omamori"},{"floor":23,"key":"Letter Opener"},{"floor":25,"key":"Nilry\u0027s Codex"},{"floor":26,"key":"Paper Frog"},{"floor":28,"key":"Strawberry"}],"event_choices":[{"cards_removed":["Defend_R"],"damage_healed":0,"gold_gain":0,"player_choice":"Card Removal","damage_taken":7,"max_hp_gain":0,"max_hp_loss":0,"event_name":"Golden Wing","floor":3,"gold_loss":0},{"cards_removed":["Defend_R"],"damage_healed":0,"gold_gain":0,"player_choice":"Purged","damage_taken":0,"max_hp_gain":0,"max_hp_loss":0,"event_name":"Purifier","floor":5,"gold_loss":0},{"damage_healed":0,"gold_gain":100,"player_choice":"Pray","damage_taken":0,"max_hp_gain":0,"max_hp_loss":0,"event_name":"Golden Shrine","floor":11,"gold_loss":0},{"damage_healed":0,"gold_gain":0,"player_choice":"Obtained Book","damage_taken":16,"max_hp_gain":0,"max_hp_loss":0,"event_name":"Cursed Tome","floor":25,"gold_loss":0},{"damage_healed":0,"gold_gain":0,"player_choice":"Became a vampire","damage_taken":0,"max_hp_gain":0,"max_hp_loss":24,"event_name":"Vampires","floor":27,"gold_loss":0,"cards_obtained":["Bite","Bite","Bite","Bite","Bite"]}],"is_beta":false,"boss_relics":[{"not_picked":["Eternal Feather","Black Blood"],"picked":"Fusion Hammer"}],"items_purged_floors":[],"is_endless":false,"potions_floor_spawned":[1,2,4,10,16,18,21,30,31],"killed_by":"Automaton","ascension_level":2}