{"gold_per_floor":[416,366,379,397,409,436,436,468,468,468,481,510,573,174,174,279,279,296,296,308,318,83,118,118,118,145,49,69,169,203,220,220,220],"floor_reached":33,"playtime":2150,"items_purged":[],"score":345,"play_id":"a21156fe-7933-45b4-8af8-69cac533cba4","local_time":"20190520221223","is_ascension_mode":true,"campfire_choices":[{"floor":7,"key":"REST"},{"floor":10,"key":"REST"},{"floor":15,"key":"REST"},{"data":"Seeing Red","floor":24,"key":"SMITH"},{"floor":32,"key":"REST"}],"neow_cost":"TEN_PERCENT_HP_LOSS","seed_source_timestamp":347675353789506,"circlet_count":0,"master_deck":["Defend_R","Defend_R","Defend_R","Bash","Shockwave","Clothesline","Heavy Blade","Anger","Havoc","Berserk","Cleave","Rage","Flex","Seeing Red+1","Headbutt","Limit Break","Pommel Strike+1","Second Wind","Thunderclap","Feel No Pain","Dropkick","Bite","Bite","Bite","Bite","Bite","Shrug It Off+1","Armaments+1","Twin Strike+1","Heavy Blade+1"],"relics":["Burning Blood","Old Coin","Red Skull","Pantograph","Bottled Tornado","Letter Opener","Matryoshka","HandDrill","Mark of Pain","Lee\u0027s Waffle","Self Forming Clay","Bronze Scales","Dream Catcher","Paper Frog"],"potions_floor_usage":[8,12,16,18,21,21,28,30,33,33,33,33],"damage_taken":[{"damage":11,"enemies":"Jaw Worm","floor":1,"turns":2},{"damage":5,"enemies":"2 Louse","floor":3,"turns":4},{"damage":5,"enemies":"Cultist","floor":4,"turns":4},{"damage":12,"enemies":"Large Slime","floor":5,"turns":6},{"damage":36,"enemies":"3 Sentries","floor":6,"turns":7},{"damage":13,"enemies":"Gremlin Nob","floor":8,"turns":4},{"damage":27,"enemies":"Exordium Wildlife","floor":11,"turns":4},{"damage":34,"enemies":"3 Sentries","floor":12,"turns":4},{"damage":17,"enemies":"3 Sentries","floor":13,"turns":5},{"damage":26,"enemies":"Slime Boss","floor":16,"turns":6},{"damage":24,"enemies":"2 Thieves","floor":18,"turns":3},{"damage":28,"enemies":"Shell Parasite","floor":20,"turns":4},{"damage":32,"enemies":"Cultist and Chosen","floor":21,"turns":5},{"damage":33,"enemies":"Slavers","floor":23,"turns":6},{"damage":18,"enemies":"Shelled Parasite and Fungi","floor":28,"turns":4},{"damage":13,"enemies":"Book of Stabbing","floor":30,"turns":5},{"damage":20,"enemies":"Chosen and Byrds","floor":31,"turns":5},{"damage":87,"enemies":"Collector","floor":33,"turns":7}],"seed_played":"7790265757214840773","potions_obtained":[{"floor":1,"key":"FearPotion"},{"floor":5,"key":"BloodPotion"},{"floor":6,"key":"FearPotion"},{"floor":11,"key":"FearPotion"},{"floor":16,"key":"Fire Potion"},{"floor":18,"key":"Regen Potion"},{"floor":21,"key":"SneckoOil"},{"floor":28,"key":"AttackPotion"}],"is_trial":false,"path_per_floor":["M","?","M","M","M","E","R","E","T","R","M","E","?","$","R","B",null,"M","?","M","M","$","E","R","?","T","$","M","?","E","M","R","B"],"character_chosen":"IRONCLAD","items_purchased":["HandDrill","Seeing Red","BloodPotion","Headbutt","Lee\u0027s Waffle","Feel No Pain","EntropicBrew"],"campfire_rested":4,"item_purchase_floors":[14,14,14,14,22,22,27],"current_hp_per_floor":[67,67,68,69,63,33,54,47,47,68,47,26,15,15,36,41,72,54,54,32,25,79,52,52,52,52,52,46,46,49,39,55,0],"gold":220,"neow_bonus":"ONE_RARE_RELIC","is_prod":false,"is_daily":false,"chose_seed":false,"campfire_upgraded":1,"win_rate":0,"timestamp":1558415543,"path_taken":["M","?","M","M","M","E","R","E","T","R","M","E","?","?","R","BOSS","M","?","M","?","$","E","R","?","T","?","?","?","E","M","R","BOSS"],"build_version":"2019-01-23","purchased_purges":0,"victory":false,"max_hp_per_floor":[72,72,72,72,72,72,72,72,72,72,72,72,72,72,72,72,72,72,72,72,72,79,79,79,55,55,55,55,55,55,55,55,55],"card_choices":[{"not_picked":["Inflame","True Grit"],"picked":"Shockwave","floor":1},{"not_picked":["Havoc","Hemokinesis"],"picked":"Clothesline","floor":3},{"not_picked":["Sever Soul","Metallicize"],"picked":"Heavy Blade","floor":4},{"not_picked":["Heavy Blade","Perfected Strike"],"picked":"Anger","floor":5},{"not_picked":["Heavy Blade","Sword Boomerang"],"picked":"Havoc","floor":6},{"not_picked":["Pommel Strike","Sword Boomerang"],"picked":"Berserk","floor":8},{"not_picked":["Hemokinesis","Iron Wave"],"picked":"Cleave","floor":11},{"not_picked":["Havoc","Dual Wield"],"picked":"Rage","floor":12},{"not_picked":["Power Through","Iron Wave"],"picked":"Flex","floor":13},{"not_picked":["Dark Embrace","Impervious"],"picked":"Limit Break","floor":16},{"not_picked":["Headbutt","Perfected Strike"],"picked":"Pommel Strike+1","floor":18},{"not_picked":["Power Through+1","Clash"],"picked":"Second Wind","floor":20},{"not_picked":["Headbutt","Wild Strike"],"picked":"Thunderclap","floor":21},{"not_picked":["Havoc","Body Slam"],"picked":"Dropkick","floor":23},{"not_picked":["Ghostly Armor","Seeing Red"],"picked":"Shrug It Off+1","floor":28},{"not_picked":["True Grit","Havoc"],"picked":"Armaments+1","floor":30},{"not_picked":["Cleave","Berserk"],"picked":"Twin Strike+1","floor":31},{"not_picked":["Perfected Strike","Twin Strike+1"],"picked":"Heavy Blade+1","floor":32}],"player_experience":139940,"relics_obtained":[{"floor":6,"key":"Red Skull"},{"floor":8,"key":"Pantograph"},{"floor":9,"key":"Bottled Tornado"},{"floor":12,"key":"Letter Opener"},{"floor":13,"key":"Matryoshka"},{"floor":23,"key":"Self Forming Clay"},{"floor":26,"key":"Bronze Scales"},{"floor":26,"key":"Dream Catcher"},{"floor":30,"key":"Paper Frog"}],"event_choices":[{"cards_removed":["Defend_R"],"damage_healed":0,"gold_gain":0,"player_choice":"Card Removal","damage_taken":0,"max_hp_gain":0,"max_hp_loss":0,"event_name":"The Cleric","floor":2,"gold_loss":50},{"damage_healed":0,"gold_gain":30,"player_choice":"Searched \u00272\u0027 times","damage_taken":0,"max_hp_gain":0,"max_hp_loss":0,"event_name":"Dead Adventurer","floor":13,"gold_loss":0},{"damage_healed":0,"gold_gain":0,"player_choice":"Ignored","damage_taken":0,"max_hp_gain":0,"max_hp_loss":0,"event_name":"N\u0027loth","floor":19,"gold_loss":0},{"damage_healed":0,"gold_gain":0,"player_choice":"Became a vampire","damage_taken":0,"max_hp_gain":0,"max_hp_loss":24,"event_name":"Vampires","floor":25,"gold_loss":0,"cards_obtained":["Bite","Bite","Bite","Bite","Bite"]},{"damage_healed":0,"gold_gain":100,"player_choice":"Pray","damage_taken":0,"max_hp_gain":0,"max_hp_loss":0,"event_name":"Golden Shrine","floor":29,"gold_loss":0}],"is_beta":false,"boss_relics":[{"not_picked":["Cursed Key","Empty Cage"],"picked":"Mark of Pain"}],"items_purged_floors":[],"is_endless":false,"potions_floor_spawned":[1,5,6,11,16,18,20,21,28],"killed_by":"Collector","ascension_level":1}