{"gold_per_floor":[114,36,48,65,65,77,117,142,181,193,221,247,259,285,297,413,425,454,466,495,507,519,531,576,588,600,612,624,636,648,686,698,710],"floor_reached":33,"playtime":2100,"items_purged":[],"score":455,"play_id":"d9a97e0c-114c-46f2-a1b0-d74476aac353","local_time":"20190926125614","is_ascension_mode":true,"campfire_choices":[{"data":"Genetic Algorithm","floor":6,"key":"SMITH"},{"floor":10,"key":"REST"},{"data":"Barrage","floor":13,"key":"SMITH"},{"data":"Loop","floor":15,"key":"SMITH"},{"data":"Barrage","floor":23,"key":"SMITH"},{"floor":25,"key":"REST"},{"data":"Static Discharge","floor":27,"key":"SMITH"},{"floor":29,"key":"REST"},{"data":"Doom and Gloom","floor":32,"key":"SMITH"}],"neow_cost":"NONE","seed_source_timestamp":1232465440907362,"circlet_count":0,"master_deck":["AscendersBane","Strike_B","Defend_B","Defend_B","Zap","Dualcast","Coolheaded","Static Discharge+1","Conserve Battery","Ball Lightning","Genetic Algorithm+1","Barrage+1","Doom and Gloom+1","Loop+1","Auto Shields","Leap","Compile Driver","Thunder Strike","Aggregate+1","Static Discharge+1","Steam+1","Sweeping Beam","Stack","Barrage+1"],"relics":["Cracked Core","MawBank","Centennial Puzzle","Anchor","Astrolabe","Bottled Lightning","Sundial","Mercury Hourglass"],"potions_floor_usage":[16,18,28,28,28,33],"damage_taken":[{"damage":2,"enemies":"Cultist","floor":1,"turns":5},{"damage":0,"enemies":"Small Slimes","floor":3,"turns":2},{"damage":7,"enemies":"2 Louse","floor":4,"turns":2},{"damage":28,"enemies":"3 Sentries","floor":7,"turns":6},{"damage":8,"enemies":"Blue Slaver","floor":8,"turns":3},{"damage":0,"enemies":"Large Slime","floor":11,"turns":4},{"damage":3,"enemies":"3 Louse","floor":12,"turns":3},{"damage":4,"enemies":"Looter","floor":14,"turns":3},{"damage":32,"enemies":"Slime Boss","floor":16,"turns":9},{"damage":1,"enemies":"Shell Parasite","floor":18,"turns":5},{"damage":6,"enemies":"3 Byrds","floor":20,"turns":2},{"damage":36,"enemies":"Book of Stabbing","floor":24,"turns":5},{"damage":22,"enemies":"Slavers","floor":28,"turns":3},{"damage":23,"enemies":"Gremlin Leader","floor":31,"turns":7},{"damage":45,"enemies":"Automaton","floor":33,"turns":6}],"seed_played":"9183916350409527895","potions_obtained":[{"floor":1,"key":"FearPotion"},{"floor":7,"key":"SmokeBomb"},{"floor":14,"key":"Regen Potion"},{"floor":16,"key":"Ancient Potion"},{"floor":20,"key":"Ancient Potion"},{"floor":31,"key":"Dexterity Potion"}],"is_trial":false,"path_per_floor":["M","$","M","M","?","R","E","M","T","R","M","M","R","M","R","B",null,"M","?","M","?","?","R","E","R","T","R","E","R","?","E","R","B"],"character_chosen":"DEFECT","items_purchased":["Conserve Battery","Ball Lightning"],"campfire_rested":3,"item_purchase_floors":[2,2],"current_hp_per_floor":[66,66,66,59,47,47,19,11,11,33,33,30,30,26,26,9,59,58,58,52,52,52,52,16,38,38,38,16,38,63,40,40,0],"gold":710,"neow_bonus":"THREE_CARDS","is_prod":false,"is_daily":false,"chose_seed":false,"campfire_upgraded":6,"win_rate":0,"timestamp":1569516974,"path_taken":["M","?","M","M","?","R","E","M","T","R","M","M","R","M","R","BOSS","M","?","M","?","?","R","E","R","T","R","E","R","?","E","R","BOSS"],"build_version":"2019-07-17","purchased_purges":0,"victory":false,"max_hp_per_floor":[75,75,75,75,75,75,75,75,75,75,75,75,75,75,75,75,75,75,75,75,75,75,75,75,75,75,75,75,75,75,75,75,75],"card_choices":[{"not_picked":["Sweeping Beam","Barrage"],"picked":"Coolheaded","floor":0},{"not_picked":["Self Repair","Sweeping Beam"],"picked":"Static Discharge","floor":1},{"not_picked":["Conserve Battery","Gash"],"picked":"Genetic Algorithm","floor":3},{"not_picked":["Conserve Battery","White Noise"],"picked":"Barrage","floor":4},{"not_picked":["Conserve Battery","Hologram"],"picked":"Doom and Gloom","floor":7},{"not_picked":["Stack","Multi-Cast"],"picked":"Loop","floor":8},{"not_picked":["Reprogram","Stack"],"picked":"Auto Shields","floor":11},{"not_picked":["Go for the Eyes","Ball Lightning"],"picked":"Leap","floor":12},{"not_picked":["Go for the Eyes","Chill"],"picked":"Compile Driver","floor":14},{"not_picked":["Hyperbeam","Machine Learning"],"picked":"Thunder Strike","floor":16},{"not_picked":["Stack","Go for the Eyes","Auto Shields"],"picked":"SKIP","floor":18},{"not_picked":["BootSequence","Leap"],"picked":"Barrage","floor":20},{"not_picked":["Darkness","Conserve Battery","Creative AI"],"picked":"SKIP","floor":24},{"not_picked":["Leap+1","Redo","Creative AI"],"picked":"SKIP","floor":31}],"player_experience":425441,"relics_obtained":[{"floor":7,"key":"Centennial Puzzle"},{"floor":9,"key":"Anchor"},{"floor":24,"key":"Bottled Lightning"},{"floor":26,"key":"Sundial"},{"floor":31,"key":"Mercury Hourglass"}],"event_choices":[{"damage_healed":0,"gold_gain":0,"player_choice":"Success","damage_taken":12,"relics_obtained":["MawBank"],"max_hp_gain":0,"max_hp_loss":0,"event_name":"Scrap Ooze","floor":5,"gold_loss":0},{"damage_healed":0,"gold_gain":0,"cards_transformed":["Defend_B","Strike_B"],"player_choice":"Became Test Subject","damage_taken":0,"max_hp_gain":0,"max_hp_loss":0,"event_name":"Drug Dealer","floor":19,"gold_loss":0,"cards_obtained":["Sweeping Beam","Stack"]},{"damage_healed":0,"gold_gain":0,"player_choice":"Ignored","damage_taken":0,"max_hp_gain":0,"max_hp_loss":0,"event_name":"Ghosts","floor":21,"gold_loss":0},{"damage_healed":0,"gold_gain":0,"player_choice":"Ignored","damage_taken":0,"max_hp_gain":0,"max_hp_loss":0,"event_name":"Vampires","floor":22,"gold_loss":0},{"damage_healed":25,"gold_gain":0,"player_choice":"Heal","damage_taken":0,"max_hp_gain":0,"max_hp_loss":0,"event_name":"The Library","floor":30,"gold_loss":0}],"is_beta":false,"boss_relics":[{"not_picked":["Empty Cage","Snecko Eye"],"picked":"Astrolabe"}],"items_purged_floors":[],"is_endless":false,"potions_floor_spawned":[1,7,14,16,20,31],"killed_by":"Automaton","ascension_level":10}