{"gold_per_floor":[111,124,137,149,165,165,197,197,245,245,280,296,296,150,150,150],"floor_reached":16,"playtime":600,"items_purged":["Defend_B"],"score":196,"play_id":"28eba407-7290-42e7-8d14-7a812c139069","local_time":"20191026040904","is_ascension_mode":true,"campfire_choices":[{"data":"Barrage","floor":6,"key":"SMITH"},{"data":"Hologram","floor":8,"key":"SMITH"},{"data":"Steam","floor":10,"key":"SMITH"},{"data":"Sunder","floor":15,"key":"SMITH"}],"neow_cost":"NONE","seed_source_timestamp":1366357243323800,"circlet_count":0,"master_deck":["AscendersBane","Strike_B","Strike_B","Strike_B","Strike_B","Defend_B","Defend_B","Defend_B","Zap","Dualcast","Doom and Gloom","Ball Lightning","Steam+1","Barrage+1","Hologram+1","BootSequence","Echo Form+1","Sunder+1","Undo"],"relics":["Cracked Core","NeowsBlessing","Frozen Egg 2","Ancient Tea Set","Meat on the Bone"],"potions_floor_usage":[7,11,16],"damage_taken":[{"damage":0,"enemies":"Small Slimes","floor":1,"turns":1},{"damage":0,"enemies":"Cultist","floor":2,"turns":1},{"damage":0,"enemies":"Jaw Worm","floor":3,"turns":1},{"damage":11,"enemies":"Lots of Slimes","floor":4,"turns":3},{"damage":5,"enemies":"2 Fungi Beasts","floor":5,"turns":3},{"damage":4,"enemies":"Lagavulin","floor":7,"turns":5},{"damage":3,"enemies":"3 Sentries","floor":11,"turns":5},{"damage":12,"enemies":"Looter","floor":12,"turns":3},{"damage":41,"enemies":"The Guardian","floor":16,"turns":4}],"seed_played":"5990105603862424197","potions_obtained":[{"floor":1,"key":"Weak Potion"},{"floor":3,"key":"Ancient Potion"},{"floor":7,"key":"SkillPotion"},{"floor":13,"key":"Energy Potion"},{"floor":13,"key":"SmokeBomb"}],"is_trial":false,"path_per_floor":["M","M","M","M","M","R","E","R","T","R","E","M","?","$","R","B"],"character_chosen":"DEFECT","items_purchased":["Undo"],"campfire_rested":0,"item_purchase_floors":[14],"current_hp_per_floor":[64,64,64,53,48,48,44,44,44,44,41,41,41,41,41,0],"gold":150,"neow_bonus":"THREE_ENEMY_KILL","is_prod":false,"is_daily":false,"chose_seed":false,"campfire_upgraded":4,"win_rate":0,"timestamp":1572077344,"path_taken":["M","M","M","M","M","R","E","R","T","R","E","M","?","?","R","BOSS"],"build_version":"2019-07-17","purchased_purges":1,"victory":false,"max_hp_per_floor":[71,71,71,71,71,71,71,71,71,71,71,71,71,71,71,71],"card_choices":[{"not_picked":["Go for the Eyes","Storm"],"picked":"Doom and Gloom","floor":1},{"not_picked":["Cold Snap","Chill"],"picked":"Ball Lightning","floor":2},{"not_picked":["Barrage","Chaos"],"picked":"Steam","floor":3},{"not_picked":["Lockon","Force Field"],"picked":"Barrage","floor":4},{"not_picked":["Storm","Double Energy"],"picked":"Hologram","floor":5},{"not_picked":["Chaos","Turbo"],"picked":"BootSequence","floor":7},{"not_picked":["Turbo","Streamline"],"picked":"Echo Form+1","floor":11},{"not_picked":["Leap","Compile Driver"],"picked":"Sunder","floor":12}],"player_experience":610699,"relics_obtained":[{"floor":7,"key":"Frozen Egg 2"},{"floor":9,"key":"Ancient Tea Set"},{"floor":11,"key":"Meat on the Bone"}],"event_choices":[{"damage_healed":0,"gold_gain":0,"player_choice":"Got Potions","damage_taken":0,"max_hp_gain":0,"max_hp_loss":0,"event_name":"Lab","floor":13,"gold_loss":0}],"is_beta":false,"boss_relics":[],"items_purged_floors":[14],"is_endless":false,"potions_floor_spawned":[1,3,5,7],"killed_by":"The Guardian","ascension_level":15}