{"gold_per_floor":[110,110,123,146,116,142,159,159,231,243,260,288,388,413,413,511,511,522,522,403,403,156,182,198,198,198,7,7,26,104,2,2,101,101,113,0,54,71,1070,1070,1089,588,636,636,10,44,56,70,70,70],"floor_reached":50,"playtime":3249,"items_purged":["Normality","Normality"],"score":709,"play_id":"0e0a0e65-04a9-4d99-a357-f3a8007c1d8e","local_time":"20190605022703","is_ascension_mode":true,"campfire_choices":[{"data":"Armaments","floor":8,"key":"SMITH"},{"floor":15,"key":"REST"},{"floor":32,"key":"REST"},{"floor":40,"key":"REST"},{"floor":49,"key":"REST"}],"neow_cost":"NONE","seed_source_timestamp":1657859840279539,"circlet_count":0,"master_deck":["Strike_R","Strike_R","Strike_R","Strike_R","Strike_R","Defend_R","Defend_R","Defend_R","Bash","Armaments+1","Anger","Rage","Juggernaut","Cleave","Pommel Strike","Thunderclap","Perfected Strike","Headbutt","Whirlwind+1","Shrug It Off","Double Tap","Infernal Blade","Bludgeon","Uppercut","Rampage","Flash of Steel","Discovery","Inflame","Trip","Feed","Flex","Rupture","Reckless Charge+1","Immolate","Warcry","Anger+1","Heavy Blade","Wild Strike","Impervious","Evolve","Flex+1","Shrug It Off+1","Warcry+1","Twin Strike+1","Seeing Red","Spot Weakness","PanicButton","Blood for Blood","Infernal Blade","Blind","Magnetism","Second Wind","Dark Embrace","Shockwave","Disarm+1","Entrench+1","Warcry+1","Armaments+1","Exhume"],"relics":["Burning Blood","NeowsBlessing","Prayer Wheel","Juzu Bracelet","Pear","Question Card","Du-Vu Doll","Dream Catcher","Philosopher\u0027s Stone","Bottled Flame","Blue Candle","Membership Card","Ornamental Fan","Strange Spoon","Fusion Hammer","Red Mask","Peace Pipe","Bottled Lightning","Sling","Mercury Hourglass","Bag of Marbles","Anchor","Red Skull","Brimstone","Shuriken"],"potions_floor_usage":[16,18,23,23,23,23,33,37,38,46,48,48,48],"damage_taken":[{"damage":0,"enemies":"Jaw Worm","floor":1,"turns":1},{"damage":0,"enemies":"Small Slimes","floor":3,"turns":1},{"damage":0,"enemies":"3 Sentries","floor":6,"turns":2},{"damage":3,"enemies":"Cultist","floor":7,"turns":4},{"damage":8,"enemies":"Red Slaver","floor":10,"turns":4},{"damage":3,"enemies":"Exordium Thugs","floor":11,"turns":3},{"damage":38,"enemies":"Lagavulin","floor":12,"turns":6},{"damage":28,"enemies":"Gremlin Nob","floor":14,"turns":4},{"damage":25,"enemies":"Slime Boss","floor":16,"turns":10},{"damage":19,"enemies":"2 Thieves","floor":18,"turns":3},{"damage":31,"enemies":"Gremlin Leader","floor":23,"turns":6},{"damage":14,"enemies":"Chosen","floor":24,"turns":3},{"damage":0,"enemies":"Centurion and Healer","floor":29,"turns":3},{"damage":51,"enemies":"Champ","floor":33,"turns":10},{"damage":28,"enemies":"Orb Walker","floor":35,"turns":3},{"damage":56,"enemies":"2 Orb Walkers","floor":37,"turns":4},{"damage":3,"enemies":"3 Shapes","floor":38,"turns":4},{"damage":16,"enemies":"Transient","floor":41,"turns":5},{"damage":20,"enemies":"Nemesis","floor":46,"turns":5},{"damage":0,"enemies":"4 Shapes","floor":47,"turns":1},{"damage":17,"enemies":"Maw","floor":48,"turns":4},{"damage":50,"enemies":"Time Eater","floor":50,"turns":7}],"seed_played":"3563652002587195861","potions_obtained":[{"floor":3,"key":"Swift Potion"},{"floor":5,"key":"PowerPotion"},{"floor":5,"key":"EntropicBrew"},{"floor":18,"key":"Regen Potion"},{"floor":33,"key":"Explosive Potion"},{"floor":37,"key":"PowerPotion"},{"floor":41,"key":"Poison Potion"},{"floor":46,"key":"PowerPotion"}],"is_trial":false,"path_per_floor":["M","?","M","T","?","E","M","R","T","M","M","E","?","E","R","B",null,"M","?","$","?","$","E","M","?","T","$","?","M","T","$","R","B",null,"M","?","?","M","?","R","M","$","T","?","$","E","M","M","R","B"],"character_chosen":"IRONCLAD","items_purchased":["Inflame","Trip","Feed","Flex","Rupture","Membership Card","Strange Spoon","Bottled Lightning","Sling","LiquidBronze","LiquidBronze","PanicButton","Mercury Hourglass","Anchor","Red Skull","Blood for Blood","Infernal Blade","Blind","Magnetism","Brimstone","Second Wind","Dark Embrace"],"campfire_rested":4,"item_purchase_floors":[20,20,22,22,22,27,31,42,42,42,42,42,42,45,45,45,45,45,45,45,45,45],"current_hp_per_floor":[80,73,79,79,79,90,90,90,90,88,90,58,58,36,63,44,90,77,50,50,50,50,40,32,32,32,32,32,38,38,38,65,20,90,68,68,18,21,21,48,38,38,38,38,38,24,30,19,46,0],"gold":70,"neow_bonus":"THREE_ENEMY_KILL","is_prod":false,"is_daily":false,"chose_seed":false,"campfire_upgraded":1,"win_rate":0,"timestamp":1559726823,"path_taken":["M","?","M","?","?","E","M","R","T","M","M","E","?","E","R","BOSS","M","?","?","?","$","E","M","?","T","$","?","M","?","$","R","BOSS","M","?","?","M","?","R","M","$","T","?","$","E","M","M","R","BOSS"],"build_version":"2019-01-23","purchased_purges":2,"victory":false,"max_hp_per_floor":[80,80,80,80,80,90,90,90,90,90,90,90,90,90,90,90,90,90,90,90,90,90,90,90,90,90,90,90,90,90,90,90,90,90,90,90,90,90,90,90,90,90,90,90,90,90,90,90,90,90],"card_choices":[{"not_picked":["Body Slam","Headbutt"],"picked":"Armaments","floor":1},{"not_picked":["Pommel Strike","True Grit"],"picked":"Anger","floor":3},{"not_picked":["Clothesline","Body Slam"],"picked":"Rage","floor":3},{"not_picked":["Metallicize","Blood for Blood"],"picked":"Juggernaut","floor":6},{"not_picked":["Body Slam","Entrench"],"picked":"Cleave","floor":7},{"not_picked":["Heavy Blade","Body Slam"],"picked":"Pommel Strike","floor":7},{"not_picked":["Battle Trance","Dark Embrace","Heavy Blade"],"picked":"Thunderclap","floor":10},{"not_picked":["Seeing Red","Pommel Strike","Iron Wave"],"picked":"Perfected Strike","floor":10},{"not_picked":["Sword Boomerang","Warcry","Cleave"],"picked":"Headbutt","floor":11},{"not_picked":["Pommel Strike","Body Slam","True Grit"],"picked":"Whirlwind","floor":11},{"not_picked":["Wild Strike","True Grit","Twin Strike"],"picked":"Shrug It Off","floor":12},{"not_picked":["Pummel","True Grit","Thunderclap"],"picked":"Double Tap","floor":14},{"not_picked":["Hemokinesis","Iron Wave","Clothesline"],"picked":"Infernal Blade","floor":15},{"not_picked":["Brutality","Fiend Fire","Exhume"],"picked":"Bludgeon","floor":16},{"not_picked":["Clash","Whirlwind","Sword Boomerang+1"],"picked":"Uppercut","floor":18},{"not_picked":["Twin Strike","Armaments+1","Sword Boomerang"],"picked":"Rampage","floor":18},{"not_picked":["True Grit","Rupture","Shrug It Off"],"picked":"Reckless Charge+1","floor":23},{"not_picked":["Bloodletting","Rage","Clash"],"picked":"Immolate","floor":24},{"not_picked":["Sentinel","Clothesline","Cleave"],"picked":"Warcry","floor":24},{"not_picked":["Pommel Strike","Sever Soul","Armaments"],"picked":"Anger+1","floor":29},{"not_picked":["Double Tap","Headbutt+1","Warcry"],"picked":"Heavy Blade","floor":29},{"not_picked":["Headbutt","Hemokinesis","Heavy Blade"],"picked":"Wild Strike","floor":32},{"not_picked":["Exhume","Double Tap","Reaper"],"picked":"Impervious","floor":33},{"not_picked":["Iron Wave","Rupture","Sever Soul+1"],"picked":"Evolve","floor":35},{"not_picked":["Perfected Strike","Reckless Charge+1","Clothesline+1"],"picked":"Flex+1","floor":35},{"not_picked":["Sever Soul+1","Clothesline","Havoc"],"picked":"Shrug It Off+1","floor":37},{"not_picked":["Burning Pact","Pommel Strike+1","Hemokinesis+1"],"picked":"Warcry+1","floor":38},{"not_picked":["Rupture","Shrug It Off+1","Clothesline","Headbutt"],"picked":"SKIP","floor":38},{"not_picked":["True Grit+1","Sword Boomerang+1","Anger"],"picked":"Twin Strike+1","floor":40},{"not_picked":["Sever Soul","Clash","Perfected Strike+1"],"picked":"Seeing Red","floor":41},{"not_picked":["Anger+1","Havoc+1","Feel No Pain"],"picked":"Spot Weakness","floor":41},{"not_picked":["Corruption+1","Fire Breathing","Clash"],"picked":"Shockwave","floor":46},{"not_picked":["Demon Form","Inflame","Iron Wave+1"],"picked":"Disarm+1","floor":47},{"not_picked":["Anger+1","Reckless Charge","Fire Breathing"],"picked":"Entrench+1","floor":47},{"not_picked":["Cleave","Corruption+1","Blood for Blood+1"],"picked":"Warcry+1","floor":48},{"not_picked":["Heavy Blade+1","Pommel Strike","Headbutt+1"],"picked":"Armaments+1","floor":48},{"not_picked":["Sword Boomerang","Sever Soul+1","Armaments"],"picked":"Exhume","floor":49}],"player_experience":163298,"relics_obtained":[{"floor":4,"key":"Juzu Bracelet"},{"floor":6,"key":"Pear"},{"floor":9,"key":"Question Card"},{"floor":12,"key":"Du-Vu Doll"},{"floor":14,"key":"Dream Catcher"},{"floor":23,"key":"Bottled Flame"},{"floor":26,"key":"Blue Candle"},{"floor":30,"key":"Ornamental Fan"},{"floor":37,"key":"Peace Pipe"},{"floor":43,"key":"Bag of Marbles"},{"floor":46,"key":"Shuriken"}],"event_choices":[{"damage_healed":0,"gold_gain":0,"player_choice":"Success","damage_taken":7,"relics_obtained":["Prayer Wheel"],"max_hp_gain":0,"max_hp_loss":0,"event_name":"Scrap Ooze","floor":2,"gold_loss":0},{"damage_healed":0,"gold_gain":0,"player_choice":"Bought 2 Potions","damage_taken":0,"max_hp_gain":0,"max_hp_loss":0,"event_name":"The Woman in Blue","floor":5,"gold_loss":0},{"damage_healed":0,"gold_gain":100,"player_choice":"Pray","damage_taken":0,"max_hp_gain":0,"max_hp_loss":0,"event_name":"Golden Shrine","floor":13,"gold_loss":0},{"damage_healed":0,"gold_gain":0,"player_choice":"CARD CARD ","damage_taken":27,"max_hp_gain":0,"max_hp_loss":0,"event_name":"Knowing Skull","floor":19,"potions_obtained":[],"gold_loss":0,"cards_obtained":["Flash of Steel","Discovery"]},{"damage_healed":0,"gold_gain":0,"player_choice":"Ignored","damage_taken":0,"max_hp_gain":0,"max_hp_loss":0,"event_name":"Ghosts","floor":21,"gold_loss":0},{"damage_healed":0,"gold_gain":0,"player_choice":"Upgraded","damage_taken":0,"max_hp_gain":0,"max_hp_loss":0,"event_name":"Upgrade Shrine","floor":25,"gold_loss":0,"cards_upgraded":["Whirlwind"]},{"damage_healed":0,"gold_gain":0,"player_choice":"Ignored","damage_taken":0,"max_hp_gain":0,"max_hp_loss":0,"event_name":"Beggar","floor":28,"gold_loss":0},{"damage_healed":0,"gold_gain":0,"player_choice":"Paid","damage_taken":0,"relics_obtained":["Red Mask"],"max_hp_gain":0,"max_hp_loss":0,"event_name":"Tomb of Lord Red Mask","floor":36,"gold_loss":113},{"damage_healed":0,"gold_gain":0,"player_choice":"Fight","damage_taken":0,"max_hp_gain":0,"max_hp_loss":0,"event_name":"Mysterious Sphere","floor":37,"gold_loss":0},{"damage_healed":0,"gold_gain":999,"player_choice":"Gold","damage_taken":0,"max_hp_gain":0,"max_hp_loss":0,"event_name":"MindBloom","floor":39,"gold_loss":0,"cards_obtained":["Normality","Normality"]},{"cards_removed":["Defend_R"],"damage_healed":0,"gold_gain":0,"player_choice":"Removed Skill","damage_taken":0,"max_hp_gain":0,"max_hp_loss":0,"event_name":"Falling","floor":44,"gold_loss":0}],"is_beta":false,"boss_relics":[{"not_picked":["Lizard Tail","Empty Cage"],"picked":"Philosopher\u0027s Stone"},{"not_picked":["Tiny House","Astrolabe"],"picked":"Fusion Hammer"}],"items_purged_floors":[42,45],"is_endless":false,"potions_floor_spawned":[3,10,12,18,33,37,41,46],"killed_by":"Time Eater","ascension_level":2}