{"gold_per_floor":[113,113,113,125,31,31,61,72,96,108,120,167,191,203],"floor_reached":14,"playtime":1051,"items_purged":[],"score":98,"play_id":"673f12d4-bf21-4313-be3e-a260a9e84de3","local_time":"20190303011717","is_ascension_mode":false,"campfire_choices":[{"data":"Static Discharge","floor":6,"key":"SMITH"},{"floor":10,"key":"REST"}],"neow_cost":"NONE","seed_source_timestamp":15790337492581,"circlet_count":0,"master_deck":["Strike_B","Strike_B+1","Strike_B","Strike_B+1","Defend_B","Defend_B","Defend_B","Zap","Dualcast","Darkness","Defragment","Heatsinks","Beam Cell","Static Discharge+1","Defragment","Genetic Algorithm","Thunder Strike","Deep Breath","Hello World","Self Repair"],"relics":["Cracked Core","Whetstone","Bag of Marbles","MawBank","Bottled Lightning"],"potions_floor_usage":[12,12,12,14],"damage_taken":[{"damage":0,"enemies":"2 Louse","floor":1,"turns":2},{"damage":1,"enemies":"Cultist","floor":4,"turns":4},{"damage":21,"enemies":"Lagavulin","floor":7,"turns":6},{"damage":12,"enemies":"Small Slimes","floor":8,"turns":3},{"damage":52,"enemies":"Gremlin Nob","floor":12,"turns":4},{"damage":5,"enemies":"Red Slaver","floor":13,"turns":3},{"damage":8,"enemies":"2 Fungi Beasts","floor":14,"turns":2}],"seed_played":"-6125847493261159711","potions_obtained":[{"floor":1,"key":"SpeedPotion"},{"floor":4,"key":"Energy Potion"},{"floor":8,"key":"Swift Potion"},{"floor":13,"key":"Dexterity Potion"}],"is_trial":false,"path_per_floor":["M","?","?","M","$","R","E","M","T","R","?","E","M","M"],"character_chosen":"DEFECT","items_purchased":["Beam Cell","Static Discharge"],"campfire_rested":1,"item_purchase_floors":[5,5],"current_hp_per_floor":[75,75,75,74,74,74,53,41,41,63,63,11,6,0],"gold":203,"neow_bonus":"RANDOM_COMMON_RELIC","is_prod":false,"is_daily":false,"chose_seed":false,"campfire_upgraded":1,"win_rate":0.0,"timestamp":1551604637,"path_taken":["M","?","?","M","$","R","E","?","T","R","?","E","M","M"],"build_version":"2019-01-23","purchased_purges":0,"victory":false,"max_hp_per_floor":[75,75,75,75,75,75,75,75,75,75,75,75,75,75],"card_choices":[{"not_picked":["Auto Shields","Reinforced Body"],"picked":"Darkness","floor":1},{"not_picked":["Compile Driver","Barrage"],"picked":"Heatsinks","floor":4},{"not_picked":["Stack","Go for the Eyes"],"picked":"Defragment","floor":7},{"not_picked":["Ball Lightning","Redo"],"picked":"Genetic Algorithm","floor":8},{"not_picked":["Barrage","Static Discharge"],"picked":"Hello World","floor":12},{"not_picked":["Leap","Streamline"],"picked":"Self Repair","floor":13}],"player_experience":14694,"relics_obtained":[{"floor":7,"key":"Bag of Marbles"},{"floor":9,"key":"MawBank"},{"floor":12,"key":"Bottled Lightning"}],"event_choices":[{"damage_healed":0,"gold_gain":0,"player_choice":"Ignored","damage_taken":0,"max_hp_gain":0,"max_hp_loss":0,"event_name":"Liars Game","floor":2,"gold_loss":0},{"damage_healed":0,"gold_gain":0,"cards_transformed":["Defend_B"],"player_choice":"Transformed","damage_taken":0,"max_hp_gain":0,"max_hp_loss":0,"event_name":"Transmorgrifier","floor":3,"gold_loss":0,"cards_obtained":["Defragment"]},{"damage_healed":0,"gold_gain":0,"player_choice":"2 cards matched","damage_taken":0,"max_hp_gain":0,"max_hp_loss":0,"event_name":"Match and Keep!","floor":11,"gold_loss":0,"cards_obtained":["Thunder Strike","Deep Breath"]}],"is_beta":false,"boss_relics":[],"items_purged_floors":[],"is_endless":false,"potions_floor_spawned":[1,4,8,13],"killed_by":"2 Fungi Beasts","ascension_level":0}