{"gold_per_floor":[115,133,153,103,121,146,146,146,146,161,0,14,14,49,49,124,124,136,136,6,21,37,37,64,64,137,137],"floor_reached":27,"playtime":1960,"items_purged":["Strike_B"],"score":413,"play_id":"fcf780e1-0277-49f2-bcba-7259dd6aea45","local_time":"20191024135008","is_ascension_mode":true,"campfire_choices":[{"data":"Sunder","floor":7,"key":"SMITH"},{"data":"Beam Cell","floor":13,"key":"SMITH"},{"data":"Creative AI","floor":15,"key":"SMITH"},{"data":"Defragment","floor":23,"key":"SMITH"},{"data":"Conserve Battery","floor":25,"key":"SMITH"}],"neow_cost":"NONE","seed_source_timestamp":1227030256291900,"circlet_count":0,"master_deck":["AscendersBane","Defend_B","Defend_B","Defend_B","Defend_B","Zap","Dualcast","Impatience","Undo","Defragment+1","Ball Lightning","Sunder+1","Gash","Gash","Conserve Battery+1","Beam Cell+1","Go for the Eyes","Creative AI+1","Echo Form","Melter","Steam Power","Loop","Apotheosis","Ball Lightning","Leap+1","Core Surge"],"relics":["Cracked Core","Shuriken","Pantograph","The Courier","Pear","Velvet Choker","Regal Pillow","Letter Opener"],"potions_floor_usage":[6,14,16,27],"damage_taken":[{"damage":0,"enemies":"Small Slimes","floor":1,"turns":2},{"damage":0,"enemies":"Jaw Worm","floor":2,"turns":3},{"damage":1,"enemies":"Cultist","floor":3,"turns":3},{"damage":0,"enemies":"Large Slime","floor":5,"turns":4},{"damage":24,"enemies":"Lagavulin","floor":6,"turns":8},{"damage":0,"enemies":"2 Fungi Beasts","floor":10,"turns":2},{"damage":2,"enemies":"Exordium Wildlife","floor":12,"turns":3},{"damage":5,"enemies":"Gremlin Nob","floor":14,"turns":3},{"damage":32,"enemies":"Hexaghost","floor":16,"turns":6},{"damage":1,"enemies":"Spheric Guardian","floor":18,"turns":3},{"damage":8,"enemies":"Chosen","floor":21,"turns":3},{"damage":18,"enemies":"Snake Plant","floor":22,"turns":5},{"damage":11,"enemies":"Gremlin Leader","floor":24,"turns":7},{"damage":18,"enemies":"Colosseum Slavers","floor":27,"turns":3},{"damage":25,"enemies":"Colosseum Nobs","floor":27,"turns":3}],"seed_played":"4606010805693952595","potions_obtained":[{"floor":1,"key":"Swift Potion"},{"floor":6,"key":"AttackPotion"},{"floor":12,"key":"Ancient Potion"},{"floor":14,"key":"Strength Potion"},{"floor":24,"key":"EssenceOfSteel"}],"is_trial":false,"path_per_floor":["M","M","M","?","M","E","R","T","T","M","$","M","R","E","R","B",null,"M","?","$","M","M","R","E","R","T","?"],"character_chosen":"DEFECT","items_purchased":["Conserve Battery","Beam Cell","Go for the Eyes","Apotheosis"],"campfire_rested":0,"item_purchase_floors":[11,11,11,20],"current_hp_per_floor":[64,64,63,63,63,39,39,39,39,39,39,37,37,42,42,35,70,69,69,69,61,43,43,32,32,32,0],"gold":137,"neow_bonus":"RANDOM_COLORLESS","is_prod":false,"is_daily":false,"chose_seed":false,"campfire_upgraded":5,"win_rate":0,"timestamp":1571939408,"path_taken":["M","M","M","?","M","E","R","?","T","?","$","M","R","E","R","BOSS","M","?","$","M","M","R","E","R","T","?"],"build_version":"2019-07-17","purchased_purges":1,"victory":false,"max_hp_per_floor":[71,71,71,71,71,71,71,71,71,71,71,71,71,81,81,81,81,81,81,81,81,81,81,81,81,81,81],"card_choices":[{"not_picked":["Conserve Battery","Coolheaded"],"picked":"Undo","floor":1},{"not_picked":["Reinforced Body","Beam Cell"],"picked":"Defragment","floor":2},{"not_picked":["Steam Power","Compile Driver"],"picked":"Ball Lightning","floor":3},{"not_picked":["Hologram","Darkness"],"picked":"Sunder","floor":5},{"not_picked":["Static Discharge","Rip and Tear"],"picked":"Gash","floor":6},{"not_picked":["Go for the Eyes","Rip and Tear"],"picked":"Gash","floor":10},{"not_picked":["Thunder Strike","Beam Cell","Streamline"],"picked":"SKIP","floor":12},{"not_picked":["Rebound","Meteor Strike"],"picked":"Creative AI","floor":14},{"not_picked":["Amplify","Core Surge"],"picked":"Echo Form","floor":16},{"not_picked":["Chaos","Fusion"],"picked":"Melter","floor":18},{"not_picked":["Steam","Turbo"],"picked":"Ball Lightning","floor":21},{"not_picked":["Compile Driver+1","Defragment"],"picked":"Leap+1","floor":22},{"not_picked":["Static Discharge","Ball Lightning+1"],"picked":"Core Surge","floor":24}],"player_experience":559343,"relics_obtained":[{"floor":6,"key":"Shuriken"},{"floor":8,"key":"Pantograph"},{"floor":9,"key":"The Courier"},{"floor":14,"key":"Pear"},{"floor":24,"key":"Regal Pillow"},{"floor":26,"key":"Letter Opener"}],"event_choices":[{"cards_removed":["Strike_B"],"damage_healed":0,"gold_gain":0,"player_choice":"Card Removal","damage_taken":0,"max_hp_gain":0,"max_hp_loss":0,"event_name":"The Cleric","floor":4,"gold_loss":50},{"damage_healed":0,"gold_gain":0,"cards_transformed":["Strike_B","Strike_B"],"player_choice":"Became Test Subject","damage_taken":0,"max_hp_gain":0,"max_hp_loss":0,"event_name":"Drug Dealer","floor":19,"gold_loss":0,"cards_obtained":["Steam Power","Loop"]},{"damage_healed":0,"gold_gain":0,"player_choice":"Fight","damage_taken":0,"max_hp_gain":0,"max_hp_loss":0,"event_name":"Colosseum","floor":27,"gold_loss":0},{"damage_healed":0,"gold_gain":0,"player_choice":"Fought Nobs","damage_taken":0,"max_hp_gain":0,"max_hp_loss":0,"event_name":"Colosseum","floor":27,"gold_loss":0}],"is_beta":false,"boss_relics":[{"not_picked":["Calling Bell","Runic Dome"],"picked":"Velvet Choker"}],"items_purged_floors":[11],"is_endless":false,"potions_floor_spawned":[1,6,12,14,24,27],"killed_by":"Colosseum Nobs","ascension_level":14}