{"gold_per_floor":[115,115,53,228,34,62,72,106,106,106,127,156,156,181,181,317,317,336,151,177,177,191,224,253,278,316,345,357,394,406,418],"floor_reached":31,"playtime":2442,"items_purged":["Doubt"],"score":356,"play_id":"9b7c10c6-61db-4870-be8c-b0b082bf9efb","local_time":"20190620005252","is_ascension_mode":true,"campfire_choices":[{"floor":10,"key":"REST"},{"floor":15,"key":"REST"},{"floor":28,"key":"REST"}],"neow_cost":"NONE","seed_source_timestamp":676753540928778,"circlet_count":0,"master_deck":["Strike_R","Strike_R","Strike_R","Strike_R","Strike_R","Defend_R","Defend_R","Defend_R","Bash","Perfected Strike","Seeing Red","Power Through","Cleave","Whirlwind","Evolve+1","Flame Barrier","Demon Form+1","Barricade+1","Juggernaut+1","Metallicize+1","Feel No Pain+1","Rupture+1","Armaments","Headbutt+1","Twin Strike+1","Clothesline+1","Thunderclap+1","Limit Break","Entrench","Dual Wield+1"],"relics":["Black Blood","NeowsBlessing","The Courier","Toolbox","Kunai","Frozen Egg 2","Question Card","Odd Mushroom","Bird Faced Urn","Mummified Hand","Red Mask","Molten Egg 2","MawBank","Happy Flower","Girya","Nilry\u0027s Codex"],"potions_floor_usage":[14,14,16,23,23,27,27],"damage_taken":[{"damage":0,"enemies":"Jaw Worm","floor":1,"turns":1},{"damage":0,"enemies":"3 Sentries","floor":6,"turns":1},{"damage":0,"enemies":"2 Louse","floor":7,"turns":1},{"damage":38,"enemies":"Lagavulin","floor":8,"turns":8},{"damage":26,"enemies":"The Mushroom Lair","floor":11,"turns":4},{"damage":34,"enemies":"Gremlin Nob","floor":12,"turns":5},{"damage":20,"enemies":"Lagavulin","floor":14,"turns":5},{"damage":20,"enemies":"Slime Boss","floor":16,"turns":18},{"damage":4,"enemies":"Shell Parasite","floor":18,"turns":6},{"damage":48,"enemies":"Masked Bandits","floor":20,"turns":5},{"damage":12,"enemies":"Chosen","floor":22,"turns":6},{"damage":28,"enemies":"Gremlin Leader","floor":23,"turns":6},{"damage":30,"enemies":"Snake Plant","floor":24,"turns":4},{"damage":55,"enemies":"Shelled Parasite and Fungi","floor":25,"turns":8},{"damage":0,"enemies":"Snecko","floor":27,"turns":4},{"damage":59,"enemies":"Book of Stabbing","floor":29,"turns":6},{"damage":25,"enemies":"Gremlin Leader","floor":31,"turns":2}],"seed_played":"1105045780283742979","potions_obtained":[{"floor":7,"key":"Ancient Potion"},{"floor":8,"key":"LiquidBronze"},{"floor":14,"key":"Dexterity Potion"},{"floor":16,"key":"Regen Potion"},{"floor":20,"key":"FearPotion"},{"floor":22,"key":"SneckoOil"},{"floor":24,"key":"SteroidPotion"},{"floor":25,"key":"AttackPotion"}],"is_trial":false,"path_per_floor":["M","?","$","?","$","E","M","E","T","R","?","E","?","E","R","B",null,"M","$","?","?","M","E","M","M","T","M","R","E","?","E"],"character_chosen":"IRONCLAD","items_purchased":["Seeing Red","Toolbox","Power Through","Feel No Pain+1","Rupture+1","Armaments"],"campfire_rested":3,"item_purchase_floors":[3,5,5,19,19,19],"current_hp_per_floor":[80,68,68,68,68,74,80,48,48,72,52,24,24,12,36,26,80,80,80,52,52,60,70,60,27,27,49,73,36,20,0],"gold":418,"neow_bonus":"THREE_ENEMY_KILL","is_prod":false,"is_daily":false,"chose_seed":false,"campfire_upgraded":0,"win_rate":0,"timestamp":1561017172,"path_taken":["M","?","$","?","$","E","M","E","T","R","?","E","?","E","R","BOSS","M","?","?","?","M","E","M","M","T","M","R","E","?","E"],"build_version":"2019-01-23","purchased_purges":1,"victory":false,"max_hp_per_floor":[80,80,80,80,80,80,80,80,80,80,80,80,80,80,80,80,80,80,80,80,80,80,80,80,80,80,80,80,80,80,80],"card_choices":[{"not_picked":["Body Slam","True Grit"],"picked":"Perfected Strike","floor":1},{"not_picked":["Sever Soul","Power Through"],"picked":"Cleave","floor":6},{"not_picked":["Blood for Blood","Shrug It Off"],"picked":"Whirlwind","floor":7},{"not_picked":["Carnage","Feel No Pain"],"picked":"Evolve","floor":8},{"not_picked":["Body Slam","Armaments","Brutality+1"],"picked":"Flame Barrier","floor":11},{"not_picked":["Battle Trance","Heavy Blade","Fire Breathing+1"],"picked":"Demon Form+1","floor":12},{"not_picked":["Rupture+1","Intimidate","Clash"],"picked":"Barricade+1","floor":14},{"not_picked":["Offering","Demon Form+1","Double Tap"],"picked":"Juggernaut+1","floor":16},{"not_picked":["Disarm","Hemokinesis","Clothesline"],"picked":"Metallicize+1","floor":18},{"not_picked":["Pommel Strike","Sentinel","Heavy Blade+1"],"picked":"Headbutt+1","floor":20},{"not_picked":["Warcry","Feel No Pain+1","Evolve+1"],"picked":"Twin Strike+1","floor":22},{"not_picked":["Evolve+1","Clash+1","Anger+1"],"picked":"Clothesline+1","floor":23},{"not_picked":["Wild Strike+1","Headbutt+1","Perfected Strike+1"],"picked":"Thunderclap+1","floor":24},{"not_picked":["Sever Soul+1","Warcry","Havoc"],"picked":"Limit Break","floor":25},{"not_picked":["Fire Breathing+1","Warcry","Clothesline+1"],"picked":"Entrench","floor":27},{"not_picked":["Shockwave+1","Clash+1","True Grit"],"picked":"Dual Wield+1","floor":29}],"player_experience":185275,"relics_obtained":[{"floor":6,"key":"Kunai"},{"floor":8,"key":"Frozen Egg 2"},{"floor":9,"key":"Question Card"},{"floor":11,"key":"Odd Mushroom"},{"floor":12,"key":"Bird Faced Urn"},{"floor":14,"key":"Mummified Hand"},{"floor":20,"key":"Red Mask"},{"floor":23,"key":"MawBank"},{"floor":26,"key":"Happy Flower"},{"floor":29,"key":"Girya"},{"floor":30,"key":"Nilry\u0027s Codex"}],"event_choices":[{"damage_healed":0,"gold_gain":0,"player_choice":"Success","damage_taken":12,"relics_obtained":["The Courier"],"max_hp_gain":0,"max_hp_loss":0,"event_name":"Scrap Ooze","floor":2,"gold_loss":0},{"damage_healed":0,"gold_gain":175,"player_choice":"AGREE","damage_taken":0,"max_hp_gain":0,"max_hp_loss":0,"event_name":"Liars Game","floor":4,"gold_loss":0,"cards_obtained":["Doubt"]},{"damage_healed":0,"gold_gain":0,"player_choice":"Fought Mushrooms","damage_taken":0,"max_hp_gain":0,"max_hp_loss":0,"event_name":"Mushrooms","floor":11,"gold_loss":0},{"cards_removed":["Defend_R"],"damage_healed":0,"gold_gain":0,"player_choice":"Offered Basic","damage_taken":0,"max_hp_gain":0,"max_hp_loss":0,"event_name":"Bonfire Elementals","floor":13,"gold_loss":0},{"damage_healed":0,"gold_gain":0,"player_choice":"Fought Bandits","damage_taken":0,"max_hp_gain":0,"max_hp_loss":0,"event_name":"Masked Bandits","floor":20,"gold_loss":0},{"damage_healed":0,"gold_gain":0,"player_choice":"Opened","damage_taken":0,"relics_obtained":["Molten Egg 2"],"max_hp_gain":0,"max_hp_loss":0,"event_name":"The Mausoleum","floor":21,"gold_loss":0},{"damage_healed":0,"gold_gain":0,"player_choice":"Obtained Book","damage_taken":16,"max_hp_gain":0,"max_hp_loss":0,"event_name":"Cursed Tome","floor":30,"gold_loss":0}],"is_beta":false,"boss_relics":[{"not_picked":["Ectoplasm","Empty Cage"],"picked":"Black Blood"}],"items_purged_floors":[19],"is_endless":false,"potions_floor_spawned":[7,8,14,16,20,22,24,25],"killed_by":"Gremlin Leader","ascension_level":2}