{"gold_per_floor":[119,119,119,139,152,166,199,223,276,319,319,352,373,387,387,518,518,538,538,37,52,52,52,52,83,153,189,202,202,225,240,240,240],"floor_reached":33,"playtime":2194,"items_purged":[],"score":365,"play_id":"943949df-2c66-42f4-b041-800b801e1946","local_time":"20190812010107","is_ascension_mode":true,"campfire_choices":[{"floor":11,"key":"REST"},{"floor":15,"key":"REST"},{"data":"Adrenaline","floor":23,"key":"SMITH"},{"floor":29,"key":"REST"},{"data":"Terror","floor":32,"key":"SMITH"}],"neow_cost":"NONE","seed_source_timestamp":424811483831400,"circlet_count":0,"master_deck":["Strike_G+1","Strike_G+1","Strike_G+1","Strike_G+1","Strike_G+1","Defend_G+1","Defend_G+1","Defend_G+1","Defend_G+1","Defend_G+1","Survivor","Neutralize","Flying Knee","Heel Hook","Quick Slash","Terror+1","Sucker Punch","Deadly Poison","Choke","Crippling Poison","Prepared","Backstab","Adrenaline+1","PiercingWail","Backflip","Escape Plan","Poisoned Stab","PiercingWail","Unload","Adrenaline","Outmaneuver","Footwork","Deadly Poison+1","Cloak And Dagger","Dagger Throw","Finisher+1","Distraction+1","Flying Knee+1","Concentrate","Cloak And Dagger+1"],"relics":["Ring of the Snake","NeowsBlessing","Golden Idol","Mercury Hourglass","Juzu Bracelet","Ancient Tea Set","Anchor","Regal Pillow","Orrery","Bag of Marbles","Ninja Scroll","Meat on the Bone","Bottled Flame","Dream Catcher"],"potions_floor_usage":[10,12,25,33,33,33],"damage_taken":[{"damage":0,"enemies":"Jaw Worm","floor":1,"turns":1},{"damage":0,"enemies":"Cultist","floor":4,"turns":1},{"damage":0,"enemies":"2 Louse","floor":5,"turns":1},{"damage":5,"enemies":"Exordium Thugs","floor":6,"turns":5},{"damage":14,"enemies":"3 Sentries","floor":7,"turns":7},{"damage":7,"enemies":"3 Louse","floor":8,"turns":2},{"damage":3,"enemies":"Lagavulin","floor":10,"turns":5},{"damage":6,"enemies":"3 Sentries","floor":12,"turns":5},{"damage":0,"enemies":"Lots of Slimes","floor":13,"turns":3},{"damage":0,"enemies":"2 Fungi Beasts","floor":14,"turns":2},{"damage":36,"enemies":"The Guardian","floor":16,"turns":8},{"damage":0,"enemies":"Chosen","floor":18,"turns":4},{"damage":0,"enemies":"Spheric Guardian","floor":21,"turns":2},{"damage":2,"enemies":"Gremlin Leader","floor":25,"turns":5},{"damage":11,"enemies":"Slavers","floor":27,"turns":3},{"damage":0,"enemies":"Cultist and Chosen","floor":28,"turns":3},{"damage":0,"enemies":"Snecko","floor":30,"turns":1},{"damage":0,"enemies":"Sentry and Sphere","floor":31,"turns":3},{"damage":71,"enemies":"Automaton","floor":33,"turns":10}],"seed_played":"7120574296539976972","potions_obtained":[{"floor":4,"key":"SneckoOil"},{"floor":6,"key":"Dexterity Potion"},{"floor":7,"key":"Weak Potion"},{"floor":10,"key":"Block Potion"},{"floor":16,"key":"LiquidBronze"},{"floor":18,"key":"Poison Potion"},{"floor":27,"key":"SteroidPotion"},{"floor":31,"key":"Energy Potion"}],"is_trial":false,"path_per_floor":["M","?","T","M","M","M","E","M","T","E","R","E","M","M","R","B",null,"M","?","$","M","?","R","?","E","T","E","M","R","M","M","R","B"],"character_chosen":"THE_SILENT","items_purchased":["Bag of Marbles","Ninja Scroll","Outmaneuver","Footwork"],"campfire_rested":3,"item_purchase_floors":[20,20,20,20],"current_hp_per_floor":[70,53,53,53,53,48,34,27,27,24,45,39,39,39,70,34,70,70,70,70,70,70,70,70,68,68,57,57,70,70,70,70,0],"gold":240,"neow_bonus":"THREE_ENEMY_KILL","is_prod":false,"is_daily":false,"chose_seed":false,"campfire_upgraded":2,"win_rate":0,"timestamp":1565596867,"path_taken":["M","?","?","M","M","M","E","M","T","E","R","E","M","M","R","BOSS","M","?","$","M","?","R","?","E","T","E","M","R","M","M","R","BOSS"],"build_version":"2019-07-17","purchased_purges":0,"victory":false,"max_hp_per_floor":[70,70,70,70,70,70,70,70,70,70,70,70,70,70,70,70,70,70,70,70,70,70,70,70,70,70,70,70,70,70,70,70,70],"card_choices":[{"not_picked":["Deadly Poison","Prepared"],"picked":"Flying Knee","floor":1},{"not_picked":["All Out Attack","Quick Slash"],"picked":"Heel Hook","floor":4},{"not_picked":["Dash","Underhanded Strike"],"picked":"Quick Slash","floor":5},{"not_picked":["Reflex","Concentrate"],"picked":"Terror","floor":6},{"not_picked":["Dodge and Roll","Tools of the Trade"],"picked":"Sucker Punch","floor":7},{"not_picked":["Calculated Gamble","Accuracy"],"picked":"Deadly Poison","floor":8},{"not_picked":["PiercingWail","Caltrops"],"picked":"Choke","floor":10},{"not_picked":["Quick Slash","Flying Knee"],"picked":"Crippling Poison","floor":12},{"not_picked":["Endless Agony","Slice"],"picked":"Prepared","floor":13},{"not_picked":["Blade Dance","Calculated Gamble"],"picked":"Backstab","floor":14},{"not_picked":["Envenom","Burst"],"picked":"Adrenaline","floor":16},{"not_picked":["Eviscerate","Setup"],"picked":"PiercingWail","floor":17},{"not_picked":["Heel Hook","Underhanded Strike"],"picked":"Backflip","floor":17},{"not_picked":["Deadly Poison","Deflect"],"picked":"Escape Plan","floor":17},{"not_picked":["Caltrops","Flying Knee"],"picked":"Poisoned Stab","floor":17},{"not_picked":["Poisoned Stab","Prepared"],"picked":"PiercingWail","floor":17},{"not_picked":["PiercingWail","Slice"],"picked":"Unload","floor":18},{"not_picked":["Masterful Stab","Poisoned Stab+1"],"picked":"Deadly Poison+1","floor":21},{"not_picked":["Slice","Underhanded Strike"],"picked":"Dagger Throw","floor":25},{"not_picked":["Doppelganger","Calculated Gamble"],"picked":"Finisher+1","floor":27},{"not_picked":["Cloak And Dagger","Catalyst"],"picked":"Distraction+1","floor":28},{"not_picked":["Riddle With Holes","Poisoned Stab"],"picked":"Flying Knee+1","floor":29},{"not_picked":["All Out Attack+1","Quick Slash"],"picked":"Concentrate","floor":30},{"not_picked":["Dagger Throw","PiercingWail"],"picked":"Cloak And Dagger+1","floor":31}],"player_experience":227352,"relics_obtained":[{"floor":3,"key":"Mercury Hourglass"},{"floor":7,"key":"Juzu Bracelet"},{"floor":9,"key":"Ancient Tea Set"},{"floor":10,"key":"Anchor"},{"floor":12,"key":"Regal Pillow"},{"floor":25,"key":"Meat on the Bone"},{"floor":26,"key":"Bottled Flame"},{"floor":27,"key":"Dream Catcher"}],"event_choices":[{"damage_healed":0,"gold_gain":0,"player_choice":"Take Damage","damage_taken":17,"relics_obtained":["Golden Idol"],"max_hp_gain":0,"max_hp_loss":0,"event_name":"Golden Idol","floor":2,"gold_loss":0},{"damage_healed":0,"gold_gain":0,"player_choice":"Copied","damage_taken":0,"max_hp_gain":0,"max_hp_loss":0,"event_name":"Duplicator","floor":19,"gold_loss":0,"cards_obtained":["Adrenaline"]},{"damage_healed":0,"gold_gain":0,"player_choice":"Simplicity","damage_taken":0,"max_hp_gain":0,"max_hp_loss":0,"event_name":"Back to Basics","floor":22,"gold_loss":0,"cards_upgraded":["Strike_G","Strike_G","Strike_G","Strike_G","Strike_G","Defend_G","Defend_G","Defend_G","Defend_G","Defend_G"]},{"damage_healed":0,"gold_gain":0,"player_choice":"Read","damage_taken":0,"max_hp_gain":0,"max_hp_loss":0,"event_name":"The Library","floor":24,"gold_loss":0,"cards_obtained":["Cloak And Dagger"]}],"is_beta":false,"boss_relics":[{"not_picked":["Coffee Dripper","Runic Pyramid"],"picked":"Orrery"}],"items_purged_floors":[],"is_endless":false,"potions_floor_spawned":[4,6,7,10,16,18,27,31],"killed_by":"Automaton","ascension_level":2}