{"gold_per_floor":[210,4,21,21,34,34,84,84,135,163,163,3,20,52,52,124,124,141,141,160,172,184,210,210,260,307,307,335,335,347,53,53,53],"floor_reached":33,"playtime":1341,"items_purged":[],"score":491,"play_id":"9e432875-a42d-462c-b86d-d8c55d6d11f3","local_time":"20191027033913","is_ascension_mode":true,"campfire_choices":[{"data":"Electrodynamics","floor":6,"key":"SMITH"},{"data":"Steam","floor":8,"key":"SMITH"},{"data":"Barrage","floor":11,"key":"SMITH"},{"data":"Zap","floor":15,"key":"SMITH"},{"floor":24,"key":"REST"},{"floor":27,"key":"REST"},{"data":"Steam","floor":29,"key":"SMITH"},{"data":"Self Repair","floor":32,"key":"SMITH"}],"neow_cost":"NONE","seed_source_timestamp":1450222053022800,"circlet_count":0,"master_deck":["AscendersBane","Strike_B","Defend_B","Defend_B","Defend_B+1","Defend_B","Zap+1","Dualcast+1","Sweeping Beam","Electrodynamics+1","Streamline","Undo","Steam+1","Barrage+1","Leap","Core Surge","Steam+1","Ball Lightning","Conserve Battery","Conserve Battery","FTL","Genetic Algorithm+1","All For One","Self Repair+1","Beam Cell"],"relics":["Cracked Core","Bag of Marbles","Symbiotic Virus","War Paint","Strawberry","Empty Cage","Enchiridion","Unceasing Top","Potion Belt","Red Mask"],"potions_floor_usage":[14,23,23,33],"damage_taken":[{"damage":5,"enemies":"Small Slimes","floor":1,"turns":3},{"damage":1,"enemies":"Cultist","floor":3,"turns":3},{"damage":7,"enemies":"Jaw Worm","floor":5,"turns":3},{"damage":7,"enemies":"3 Sentries","floor":10,"turns":3},{"damage":0,"enemies":"Exordium Thugs","floor":13,"turns":2},{"damage":18,"enemies":"Gremlin Nob","floor":14,"turns":3},{"damage":3,"enemies":"The Guardian","floor":16,"turns":11},{"damage":0,"enemies":"3 Byrds","floor":18,"turns":2},{"damage":11,"enemies":"2 Thieves","floor":20,"turns":3},{"damage":17,"enemies":"Centurion and Healer","floor":21,"turns":4},{"damage":9,"enemies":"Snake Plant","floor":22,"turns":3},{"damage":7,"enemies":"Book of Stabbing","floor":23,"turns":5},{"damage":0,"enemies":"Masked Bandits","floor":28,"turns":2},{"damage":4,"enemies":"3 Cultists","floor":30,"turns":3},{"damage":45,"enemies":"Collector","floor":33,"turns":6}],"seed_played":"-8814090034103721155","potions_obtained":[{"floor":3,"key":"GamblersBrew"},{"floor":13,"key":"SpeedPotion"},{"floor":21,"key":"Block Potion"},{"floor":28,"key":"Swift Potion"}],"is_trial":false,"path_per_floor":["M","$","M","?","M","R","?","R","T","E","R","$","M","E","R","B",null,"M","?","M","M","M","E","R","?","T","R","?","R","M","$","R","B"],"character_chosen":"DEFECT","items_purchased":["Electrodynamics","Streamline","War Paint","All For One","Self Repair","Beam Cell"],"campfire_rested":2,"item_purchase_floors":[2,2,12,31,31,31],"current_hp_per_floor":[59,59,58,58,51,51,51,51,51,44,44,44,44,33,33,30,66,66,45,34,17,8,1,24,24,24,47,47,47,43,43,43,0],"gold":53,"neow_bonus":"HUNDRED_GOLD","is_prod":false,"is_daily":false,"chose_seed":false,"campfire_upgraded":6,"win_rate":0,"timestamp":1572161953,"path_taken":["M","$","M","?","?","R","?","R","T","E","R","?","M","E","R","BOSS","M","?","M","M","M","E","R","?","T","R","?","R","M","?","R","BOSS"],"build_version":"2019-07-17","purchased_purges":0,"victory":false,"max_hp_per_floor":[71,71,71,71,71,71,71,71,71,71,71,71,71,78,78,78,78,78,78,78,78,78,78,78,78,78,78,78,78,78,78,78,78],"card_choices":[{"not_picked":["Redo","Leap"],"picked":"Sweeping Beam","floor":1},{"not_picked":["Conserve Battery","White Noise"],"picked":"Undo","floor":3},{"not_picked":["Reinforced Body","Hologram"],"picked":"Steam","floor":5},{"not_picked":["Go for the Eyes","Stack"],"picked":"Barrage","floor":10},{"not_picked":["Barrage","Hologram"],"picked":"Leap","floor":13},{"not_picked":["Recycle","Rainbow","Gash"],"picked":"SKIP","floor":14},{"not_picked":["Rainbow","Machine Learning"],"picked":"Core Surge","floor":16},{"not_picked":["Auto Shields","Reprogram"],"picked":"Steam","floor":18},{"not_picked":["Beam Cell","Stack+1"],"picked":"Ball Lightning","floor":20},{"not_picked":["Force Field","White Noise"],"picked":"Conserve Battery","floor":21},{"not_picked":["Compile Driver","Steam Power+1"],"picked":"Conserve Battery","floor":22},{"not_picked":["Undo","Redo","Auto Shields"],"picked":"SKIP","floor":23},{"not_picked":["Sweeping Beam","Double Energy"],"picked":"FTL","floor":28},{"not_picked":["Blizzard","Lockon"],"picked":"Genetic Algorithm+1","floor":30}],"player_experience":633427,"relics_obtained":[{"floor":9,"key":"Bag of Marbles"},{"floor":10,"key":"Symbiotic Virus"},{"floor":14,"key":"Strawberry"},{"floor":19,"key":"Enchiridion"},{"floor":23,"key":"Unceasing Top"},{"floor":26,"key":"Potion Belt"},{"floor":28,"key":"Red Mask"}],"event_choices":[{"cards_removed":["Strike_B"],"damage_healed":0,"gold_gain":0,"player_choice":"Purged","damage_taken":0,"max_hp_gain":0,"max_hp_loss":0,"event_name":"Purifier","floor":4,"gold_loss":0},{"damage_healed":0,"gold_gain":50,"player_choice":"Pray","damage_taken":0,"max_hp_gain":0,"max_hp_loss":0,"event_name":"Golden Shrine","floor":7,"gold_loss":0},{"damage_healed":0,"gold_gain":0,"player_choice":"Obtained Book","damage_taken":21,"max_hp_gain":0,"max_hp_loss":0,"event_name":"Cursed Tome","floor":19,"gold_loss":0},{"damage_healed":0,"gold_gain":50,"player_choice":"Stole From Cult","damage_taken":0,"max_hp_gain":0,"max_hp_loss":0,"event_name":"Nest","floor":25,"gold_loss":0},{"damage_healed":0,"gold_gain":0,"player_choice":"Fought Bandits","damage_taken":0,"max_hp_gain":0,"max_hp_loss":0,"event_name":"Masked Bandits","floor":28,"gold_loss":0}],"is_beta":false,"boss_relics":[{"not_picked":["White Beast Statue","Eternal Feather"],"picked":"Empty Cage"}],"items_purged_floors":[],"is_endless":false,"potions_floor_spawned":[3,13,21,28],"killed_by":"Collector","ascension_level":16}