{"gold_per_floor":[115,32,32,42,42,69,69,96,123,123,153,168,184,38,38,138,138,148,148,148,148,40,68,86,86,86,86,114,16,35,53,53,156,156,172,97,97,0,13,13,113,129,152,164,203,215,227,264,276,288],"floor_reached":50,"playtime":4431,"items_purged":["Defend_G"],"score":587,"play_id":"b3fdff33-5cc3-44db-b057-9034a59e5132","local_time":"20190303160753","is_ascension_mode":false,"campfire_choices":[{"data":"Infinite Blades","floor":7,"key":"SMITH"},{"floor":15,"key":"REST"},{"floor":25,"key":"REST"},{"data":"Envenom","floor":27,"key":"SMITH"},{"data":"Adrenaline","floor":32,"key":"SMITH"},{"data":"A Thousand Cuts","floor":40,"key":"SMITH"},{"floor":47,"key":"REST"},{"floor":49,"key":"REST"}],"neow_cost":"NONE","seed_source_timestamp":65845303528115,"circlet_count":0,"master_deck":["Defend_G","Defend_G","Defend_G","Defend_G","Strike_G","Strike_G","Survivor","Neutralize","Deadly Poison","Infinite Blades+1","Poisoned Stab","Finisher","Adrenaline+1","Blade Dance","Flying Knee","Acrobatics","Deflect","Corpse Explosion","Choke","Envenom+1","Poisoned Stab","Bane","Distraction","Dagger Spray","Deflect","Dagger Throw","Backstab","Blade Dance","Bane+1","Deflect+1","Panacea","Well Laid Plans","Poisoned Stab","A Thousand Cuts+1","Predator+1","Madness","Madness","Deflect+1","Blade Dance","Apotheosis"],"relics":["Ring of the Serpent","PreservedInsect","Happy Flower","Bronze Scales","Juzu Bracelet","Snake Skull","Orrery","Boot","Vajra","Bag of Marbles","Red Mask","The Specimen","MawBank","Bottled Tornado","Oddly Smooth Stone"],"potions_floor_usage":[16,16,16,23,33,45,50],"damage_taken":[{"damage":3,"enemies":"2 Louse","floor":1,"turns":2},{"damage":0,"enemies":"Cultist","floor":4,"turns":3},{"damage":7,"enemies":"Gremlin Nob","floor":6,"turns":3},{"damage":13,"enemies":"Lagavulin","floor":8,"turns":4},{"damage":0,"enemies":"Jaw Worm","floor":12,"turns":3},{"damage":7,"enemies":"Blue Slaver","floor":13,"turns":3},{"damage":12,"enemies":"Hexaghost","floor":16,"turns":5},{"damage":0,"enemies":"Chosen","floor":18,"turns":4},{"damage":14,"enemies":"Book of Stabbing","floor":23,"turns":4},{"damage":4,"enemies":"Shell Parasite","floor":24,"turns":3},{"damage":0,"enemies":"Slavers","floor":28,"turns":1},{"damage":6,"enemies":"Chosen and Byrds","floor":30,"turns":4},{"damage":8,"enemies":"Snake Plant","floor":31,"turns":3},{"damage":16,"enemies":"Collector","floor":33,"turns":6},{"damage":5,"enemies":"3 Darklings","floor":35,"turns":2},{"damage":6,"enemies":"3 Shapes","floor":39,"turns":3},{"damage":7,"enemies":"Mind Bloom Boss Battle","floor":41,"turns":6},{"damage":40,"enemies":"Writhing Mass","floor":42,"turns":4},{"damage":9,"enemies":"Nemesis","floor":45,"turns":4},{"damage":79,"enemies":"Donu and Deca","floor":50,"turns":5}],"seed_played":"4679121919045553688","potions_obtained":[{"floor":4,"key":"Poison Potion"},{"floor":8,"key":"Explosive Potion"},{"floor":12,"key":"Fire Potion"},{"floor":16,"key":"AttackPotion"},{"floor":21,"key":"GhostInAJar"},{"floor":21,"key":"FairyPotion"},{"floor":23,"key":"Regen Potion"},{"floor":31,"key":"FairyPotion"},{"floor":33,"key":"GhostInAJar"},{"floor":45,"key":"LiquidBronze"}],"is_trial":false,"path_per_floor":["M","$","?","M","?","E","R","E","T","?","?","M","M","$","R","B",null,"M","?","?","?","$","E","M","R","T","R","E","$","M","M","R","B",null,"M","$","?","?","M","R","?","M","T","?","E","?","R","T","R","B"],"character_chosen":"THE_SILENT","items_purchased":["Infinite Blades","Poisoned Stab","Corpse Explosion","Choke","Backstab","Blade Dance","Panacea"],"campfire_rested":4,"item_purchase_floors":[2,2,14,14,22,22,29],"current_hp_per_floor":[67,67,67,67,67,60,60,47,47,40,40,40,33,33,54,42,70,70,70,57,57,57,43,39,61,61,61,61,61,55,47,47,46,75,70,70,61,61,55,55,48,8,8,8,7,7,29,29,51,0],"gold":288,"neow_bonus":"RANDOM_COMMON_RELIC","is_prod":false,"is_daily":false,"chose_seed":false,"campfire_upgraded":4,"win_rate":0.0,"timestamp":1551658073,"path_taken":["M","$","?","?","?","E","R","E","T","?","?","M","M","$","R","BOSS","M","?","?","?","$","E","M","R","T","R","E","$","M","M","R","BOSS","M","$","?","?","M","R","?","M","T","?","E","?","R","?","R","BOSS"],"build_version":"2019-01-23","purchased_purges":1,"victory":false,"max_hp_per_floor":[70,70,70,70,70,70,70,70,70,70,70,70,70,70,70,70,70,70,70,75,75,75,75,75,75,75,75,75,75,75,75,75,75,75,75,75,75,75,75,75,75,75,75,75,75,75,75,75,75,75],"card_choices":[{"not_picked":["Dodge and Roll","Endless Agony"],"picked":"Deadly Poison","floor":1},{"not_picked":["Tactician","Bane"],"picked":"Finisher","floor":4},{"not_picked":["Backflip","Eviscerate"],"picked":"Blade Dance","floor":6},{"not_picked":["PiercingWail","Underhanded Strike"],"picked":"Flying Knee","floor":8},{"not_picked":["Underhanded Strike","Bouncing Flask"],"picked":"Acrobatics","floor":12},{"not_picked":["Quick Slash","Dagger Throw"],"picked":"Deflect","floor":13},{"not_picked":["Adrenaline","Wraith Form v2"],"picked":"Envenom","floor":16},{"not_picked":["Dagger Throw","Blur"],"picked":"Poisoned Stab","floor":17},{"not_picked":["Dash","Backflip"],"picked":"Bane","floor":17},{"not_picked":["Prepared","Terror"],"picked":"Distraction","floor":17},{"not_picked":["PiercingWail","A Thousand Cuts"],"picked":"Dagger Spray","floor":17},{"not_picked":["Blur","Flying Knee"],"picked":"Deflect","floor":17},{"not_picked":["Endless Agony","Leg Sweep"],"picked":"Dagger Throw","floor":18},{"not_picked":["Expertise","Sucker Punch","Deflect"],"picked":"SKIP","floor":23},{"not_picked":["PiercingWail+1","Caltrops"],"picked":"Bane+1","floor":24},{"not_picked":["Infinite Blades","Dagger Throw+1"],"picked":"Deflect+1","floor":28},{"not_picked":["Heel Hook","Corpse Explosion"],"picked":"Well Laid Plans","floor":30},{"not_picked":["Deadly Poison","Backflip"],"picked":"Poisoned Stab","floor":31},{"not_picked":["Glass Knife","Malaise"],"picked":"A Thousand Cuts","floor":33},{"not_picked":["Acrobatics+1","Sucker Punch+1"],"picked":"Predator+1","floor":35},{"not_picked":["Bane","Choke+1"],"picked":"Deflect+1","floor":39},{"not_picked":["Poisoned Stab+1","Dodge and Roll"],"picked":"Blade Dance","floor":41},{"not_picked":["Dash","Dodge and Roll+1","Acrobatics"],"picked":"SKIP","floor":42},{"not_picked":["Metamorphosis","Violence"],"picked":"Apotheosis","floor":44},{"not_picked":["Deflect","Dagger Throw","Prepared"],"picked":"SKIP","floor":45}],"player_experience":36225,"relics_obtained":[{"floor":6,"key":"Happy Flower"},{"floor":8,"key":"Bronze Scales"},{"floor":9,"key":"Juzu Bracelet"},{"floor":23,"key":"Boot"},{"floor":26,"key":"Vajra"},{"floor":28,"key":"Bag of Marbles"},{"floor":41,"key":"The Specimen"},{"floor":43,"key":"MawBank"},{"floor":45,"key":"Bottled Tornado"},{"floor":48,"key":"Oddly Smooth Stone"}],"event_choices":[{"cards_removed":["Strike_G"],"damage_healed":0,"gold_gain":0,"player_choice":"Purged","damage_taken":0,"max_hp_gain":0,"max_hp_loss":0,"event_name":"Purifier","floor":3,"gold_loss":0},{"damage_healed":0,"gold_gain":0,"cards_transformed":["Strike_G"],"player_choice":"Change","damage_taken":0,"max_hp_gain":0,"max_hp_loss":0,"event_name":"Living Wall","floor":5,"gold_loss":0,"cards_obtained":["Adrenaline"]},{"damage_healed":0,"gold_gain":0,"player_choice":"Success","damage_taken":7,"relics_obtained":["Snake Skull"],"max_hp_gain":0,"max_hp_loss":0,"event_name":"Scrap Ooze","floor":10,"gold_loss":0},{"damage_healed":0,"gold_gain":30,"player_choice":"Searched \u00271\u0027 times","damage_taken":0,"max_hp_gain":0,"max_hp_loss":0,"event_name":"Dead Adventurer","floor":11,"gold_loss":0},{"damage_healed":0,"gold_gain":0,"player_choice":"Ignored","damage_taken":0,"max_hp_gain":0,"max_hp_loss":0,"event_name":"Ghosts","floor":19,"gold_loss":0},{"damage_healed":0,"gold_gain":0,"player_choice":"Shed Blood","damage_taken":18,"max_hp_gain":5,"max_hp_loss":0,"event_name":"Forgotten Altar","floor":20,"gold_loss":0},{"damage_healed":0,"gold_gain":0,"player_choice":"Got Potions","damage_taken":0,"max_hp_gain":0,"max_hp_loss":0,"event_name":"Lab","floor":21,"gold_loss":0},{"damage_healed":0,"gold_gain":0,"player_choice":"Embrace Madness","damage_taken":9,"max_hp_gain":0,"max_hp_loss":0,"event_name":"Winding Halls","floor":37,"gold_loss":0,"cards_obtained":["Madness","Madness"]},{"damage_healed":0,"gold_gain":0,"player_choice":"Paid","damage_taken":0,"relics_obtained":["Red Mask"],"max_hp_gain":0,"max_hp_loss":0,"event_name":"Tomb of Lord Red Mask","floor":38,"gold_loss":97},{"damage_healed":0,"gold_gain":0,"player_choice":"Fight","damage_taken":0,"max_hp_gain":0,"max_hp_loss":0,"event_name":"MindBloom","floor":41,"gold_loss":0},{"damage_healed":0,"gold_gain":0,"player_choice":"Memory 1","damage_taken":0,"max_hp_gain":0,"max_hp_loss":0,"event_name":"SensoryStone","floor":44,"gold_loss":0},{"cards_removed":["Strike_G"],"damage_healed":0,"gold_gain":0,"player_choice":"Removed Attack","damage_taken":0,"max_hp_gain":0,"max_hp_loss":0,"event_name":"Falling","floor":46,"gold_loss":0}],"is_beta":false,"boss_relics":[{"not_picked":["HoveringKite","Fusion Hammer"],"picked":"Orrery"},{"not_picked":["Lizard Tail","Philosopher\u0027s Stone"],"picked":"Ring of the Serpent"}],"items_purged_floors":[36],"is_endless":false,"potions_floor_spawned":[4,8,12,16,23,30,31,33,39,41,45],"killed_by":"Donu and Deca","ascension_level":0}