{"gold_per_floor":[110,110,110,134,134,165,165,189,267,9,23,63,84,118,118,246,246,271,302,302,63,63,63,107,128,128,142,142,142,34,73,73,201,201,226,245,245,79,204,204,245,245,245,245,280,280,323,545,545,545],"floor_reached":51,"playtime":2461,"items_purged":["Defend_B"],"score":1042,"play_id":"855484ba-1d90-4889-b0c0-b9f2077feb79","local_time":"20191021204432","is_ascension_mode":true,"campfire_choices":[{"data":"Zap","floor":7,"key":"SMITH"},{"data":"Darkness","floor":15,"key":"SMITH"},{"data":"Go for the Eyes","floor":23,"key":"SMITH"},{"floor":28,"key":"REST"},{"floor":32,"key":"REST"},{"floor":40,"key":"REST"},{"data":"Lockon","floor":44,"key":"SMITH"},{"floor":46,"key":"REST"},{"floor":49,"key":"REST"}],"neow_cost":"NONE","seed_source_timestamp":1054208908402200,"circlet_count":0,"master_deck":["Strike_B+1","Strike_B","Defend_B","Defend_B","Defend_B","Zap+1","Dualcast+1","Cold Snap","Injury","Redo","Melter","Darkness+1","Lockon+1","Defragment","Ball Lightning","Cold Snap","Machine Learning","Coolheaded+1","Conserve Battery+1","Conserve Battery","Go for the Eyes+1","Darkness+1","Genetic Algorithm","Gash","Leap","Chaos","Rebound","Multi-Cast","Glacier+1","Leap+1","Thinking Ahead","Chrysalis","Loop+1","Reboot","Barrage+1"],"relics":["FrozenCore","NeowsBlessing","Golden Idol","Bag of Marbles","Mercury Hourglass","Shuriken","Ornamental Fan","The Courier","White Beast Statue","Red Mask","Bronze Scales","Boot","Singing Bowl","Pear","Runic Capacitor","Bird Faced Urn","Kunai","Frozen Egg 2","Smiling Mask","Juzu Bracelet"],"potions_floor_usage":[14,16,19,24,24,27,27,27,33,33,35,41,45,50,50,50],"damage_taken":[{"damage":0,"enemies":"2 Louse","floor":1,"turns":1},{"damage":0,"enemies":"Jaw Worm","floor":4,"turns":1},{"damage":0,"enemies":"3 Sentries","floor":6,"turns":1},{"damage":0,"enemies":"Small Slimes","floor":8,"turns":2},{"damage":8,"enemies":"Gremlin Gang","floor":11,"turns":3},{"damage":8,"enemies":"Gremlin Nob","floor":12,"turns":3},{"damage":0,"enemies":"3 Louse","floor":13,"turns":1},{"damage":13,"enemies":"3 Sentries","floor":14,"turns":3},{"damage":17,"enemies":"Hexaghost","floor":16,"turns":6},{"damage":8,"enemies":"Spheric Guardian","floor":18,"turns":3},{"damage":34,"enemies":"Masked Bandits","floor":19,"turns":3},{"damage":22,"enemies":"Gremlin Leader","floor":24,"turns":5},{"damage":0,"enemies":"Chosen","floor":25,"turns":3},{"damage":10,"enemies":"Snake Plant","floor":27,"turns":3},{"damage":5,"enemies":"Book of Stabbing","floor":31,"turns":5},{"damage":66,"enemies":"Champ","floor":33,"turns":10},{"damage":28,"enemies":"3 Darklings","floor":35,"turns":6},{"damage":5,"enemies":"Orb Walker","floor":36,"turns":5},{"damage":18,"enemies":"Mind Bloom Boss Battle","floor":39,"turns":9},{"damage":14,"enemies":"Nemesis","floor":41,"turns":5},{"damage":40,"enemies":"Giant Head","floor":45,"turns":11},{"damage":18,"enemies":"Nemesis","floor":47,"turns":8},{"damage":6,"enemies":"Awakened One","floor":50,"turns":11}],"seed_played":"927650776363538458","potions_obtained":[{"floor":4,"key":"Regen Potion"},{"floor":12,"key":"Explosive Potion"},{"floor":14,"key":"FearPotion"},{"floor":16,"key":"SneckoOil"},{"floor":18,"key":"Dexterity Potion"},{"floor":19,"key":"Ancient Potion"},{"floor":24,"key":"EssenceOfSteel"},{"floor":25,"key":"Explosive Potion"},{"floor":27,"key":"Swift Potion"},{"floor":31,"key":"Block Potion"},{"floor":33,"key":"SkillPotion"},{"floor":35,"key":"SkillPotion"},{"floor":36,"key":"FocusPotion"},{"floor":39,"key":"FocusPotion"},{"floor":41,"key":"EssenceOfSteel"},{"floor":45,"key":"FearPotion"}],"is_trial":false,"path_per_floor":["M","?","?","M","?","E","R","M","T","$","M","E","M","E","R","B",null,"M","?","?","$","?","R","E","M","T","M","R","$","$","E","R","B",null,"M","M","?","$","?","R","E","?","T","R","E","R","E","?","R","B",null],"character_chosen":"DEFECT","items_purchased":["Shuriken","Bronze Scales","Conserve Battery","Go for the Eyes","FairyPotion","Chaos","Runic Capacitor"],"campfire_rested":5,"item_purchase_floors":[10,21,21,21,30,30,38],"current_hp_per_floor":[75,75,60,60,60,60,60,60,60,60,52,44,44,31,31,23,75,67,33,33,33,33,33,11,11,11,1,23,23,23,28,53,8,85,57,52,47,47,29,54,48,48,48,48,14,40,26,26,52,50],"gold":545,"neow_bonus":"THREE_ENEMY_KILL","is_prod":false,"is_daily":false,"chose_seed":false,"campfire_upgraded":4,"win_rate":0,"timestamp":1571715872,"path_taken":["M","?","?","M","?","E","R","?","T","$","M","E","M","E","R","BOSS","M","?","?","$","?","R","E","?","T","M","R","?","$","E","R","BOSS","M","M","?","$","?","R","E","?","T","R","E","R","E","?","R","BOSS"],"build_version":"2019-07-17","purchased_purges":1,"victory":true,"max_hp_per_floor":[75,75,75,75,75,75,75,75,75,75,75,75,75,75,75,75,75,75,75,75,75,75,75,75,75,75,75,75,75,75,85,85,85,85,85,85,85,85,85,85,87,87,87,87,87,87,87,87,87,87],"card_choices":[{"not_picked":["Stack","Hologram"],"picked":"Cold Snap","floor":1},{"not_picked":["Fusion","Chill"],"picked":"Redo","floor":4},{"not_picked":["Capacitor","Go for the Eyes"],"picked":"Melter","floor":6},{"not_picked":["Coolheaded","Steam Power"],"picked":"Darkness","floor":8},{"not_picked":["Streamline","Barrage"],"picked":"Lockon","floor":11},{"not_picked":["Go for the Eyes","Sweeping Beam"],"picked":"Defragment","floor":12},{"not_picked":["Turbo","Compile Driver"],"picked":"Ball Lightning","floor":13},{"not_picked":["Hologram","Redo"],"picked":"Cold Snap","floor":14},{"not_picked":["Thunder Strike","Amplify"],"picked":"Machine Learning","floor":16},{"not_picked":["Rebound+1","Force Field+1"],"picked":"Coolheaded+1","floor":18},{"not_picked":["Hologram","FTL"],"picked":"Conserve Battery+1","floor":19},{"not_picked":["Doom and Gloom","Heatsinks+1"],"picked":"Genetic Algorithm","floor":24},{"not_picked":["Aggregate","Turbo"],"picked":"Gash","floor":25},{"not_picked":["Genetic Algorithm","Fusion"],"picked":"Leap","floor":27},{"not_picked":["Go for the Eyes","Barrage+1"],"picked":"Rebound","floor":31},{"not_picked":["Creative AI","Meteor Strike"],"picked":"Multi-Cast","floor":33},{"not_picked":["Ball Lightning","Hologram"],"picked":"Glacier+1","floor":35},{"not_picked":["Stack+1","Blizzard"],"picked":"Leap+1","floor":36},{"not_picked":["Flash of Steel","Mind Blast"],"picked":"Thinking Ahead","floor":37},{"not_picked":["Finesse","Good Instincts"],"picked":"Chrysalis","floor":37},{"not_picked":["Streamline","Redo+1"],"picked":"Loop+1","floor":39},{"not_picked":["Go for the Eyes","Coolheaded+1","Ball Lightning"],"picked":"Singing Bowl","floor":41},{"not_picked":["Beam Cell","Hologram"],"picked":"Reboot","floor":45},{"not_picked":["Self Repair+1","Leap"],"picked":"Barrage+1","floor":47}],"player_experience":345801,"relics_obtained":[{"floor":6,"key":"Bag of Marbles"},{"floor":9,"key":"Mercury Hourglass"},{"floor":12,"key":"Ornamental Fan"},{"floor":14,"key":"The Courier"},{"floor":19,"key":"Red Mask"},{"floor":24,"key":"Boot"},{"floor":26,"key":"Singing Bowl"},{"floor":31,"key":"Pear"},{"floor":39,"key":"Bird Faced Urn"},{"floor":41,"key":"Kunai"},{"floor":43,"key":"Frozen Egg 2"},{"floor":45,"key":"Smiling Mask"},{"floor":47,"key":"Juzu Bracelet"}],"event_choices":[{"damage_healed":0,"gold_gain":0,"player_choice":"Take Wound","damage_taken":0,"relics_obtained":["Golden Idol"],"max_hp_gain":0,"max_hp_loss":0,"event_name":"Golden Idol","floor":2,"gold_loss":0,"cards_obtained":["Injury"]},{"damage_healed":0,"gold_gain":0,"player_choice":"Entered Light","damage_taken":15,"max_hp_gain":0,"max_hp_loss":0,"event_name":"Shining Light","floor":3,"gold_loss":0,"cards_upgraded":["Dualcast","Strike_B"]},{"damage_healed":0,"gold_gain":0,"cards_transformed":["Strike_B"],"player_choice":"Transformed","damage_taken":0,"max_hp_gain":0,"max_hp_loss":0,"event_name":"Transmorgrifier","floor":5,"gold_loss":0,"cards_obtained":["Heatsinks"]},{"damage_healed":0,"gold_gain":0,"player_choice":"Fought Bandits","damage_taken":0,"max_hp_gain":0,"max_hp_loss":0,"event_name":"Masked Bandits","floor":19,"gold_loss":0},{"cards_removed":["Strike_B"],"damage_healed":0,"gold_gain":0,"player_choice":"Elegance","damage_taken":0,"max_hp_gain":0,"max_hp_loss":0,"event_name":"Back to Basics","floor":20,"gold_loss":0},{"damage_healed":0,"gold_gain":0,"player_choice":"Copied","damage_taken":0,"max_hp_gain":0,"max_hp_loss":0,"event_name":"Duplicator","floor":22,"gold_loss":0,"cards_obtained":["Darkness"]},{"damage_healed":0,"gold_gain":0,"player_choice":"Memory 2","damage_taken":5,"max_hp_gain":0,"max_hp_loss":0,"event_name":"SensoryStone","floor":37,"gold_loss":0},{"damage_healed":0,"gold_gain":0,"player_choice":"Fight","damage_taken":0,"max_hp_gain":0,"max_hp_loss":0,"event_name":"MindBloom","floor":39,"gold_loss":0},{"cards_removed":["Heatsinks"],"damage_healed":0,"gold_gain":0,"player_choice":"Removed Power","damage_taken":0,"max_hp_gain":0,"max_hp_loss":0,"event_name":"Falling","floor":42,"gold_loss":0},{"damage_healed":0,"gold_gain":222,"player_choice":"Wore Mask","damage_taken":0,"max_hp_gain":0,"max_hp_loss":0,"event_name":"Tomb of Lord Red Mask","floor":48,"gold_loss":0}],"is_beta":false,"boss_relics":[{"not_picked":["Fusion Hammer","Tiny House"],"picked":"White Beast Statue"},{"not_picked":["Runic Pyramid","Empty Cage"],"picked":"FrozenCore"}],"items_purged_floors":[21],"is_endless":false,"potions_floor_spawned":[4,12,14,16,18,19,24,25,27,31,33,35,36,39,41,45,47],"ascension_level":4}