{"gold_per_floor":[112,131,151,151,168,198,211,225,225,225,31,56,72,130,130,130],"floor_reached":16,"playtime":1328,"items_purged":[],"score":125,"play_id":"a6142ca7-4c51-4664-8320-3311ab6befdb","local_time":"20190506023800","is_ascension_mode":true,"campfire_choices":[{"floor":15,"key":"REST"}],"neow_cost":"NONE","seed_source_timestamp":16718790592215,"circlet_count":0,"master_deck":["Defend_G","Defend_G","Defend_G","Defend_G","Defend_G","Strike_G","Strike_G","Strike_G","Strike_G","Strike_G","Survivor","Neutralize","Predator","Dagger Throw","Flying Knee","Dagger Spray","Envenom","Sucker Punch","Flying Knee","Parasite","Outmaneuver","Bane","Poisoned Stab","Blade Dance","All Out Attack","Acrobatics"],"relics":["Ring of the Snake","Peace Pipe","Oddly Smooth Stone","Bottled Flame","Meat on the Bone","Gremlin Horn"],"potions_floor_usage":[5,6,6,12,14,16],"damage_taken":[{"damage":1,"enemies":"Jaw Worm","floor":1,"turns":3},{"damage":1,"enemies":"2 Louse","floor":2,"turns":2},{"damage":7,"enemies":"Small Slimes","floor":3,"turns":3},{"damage":11,"enemies":"Exordium Thugs","floor":5,"turns":7},{"damage":11,"enemies":"Lagavulin","floor":6,"turns":8},{"damage":0,"enemies":"2 Fungi Beasts","floor":7,"turns":3},{"damage":13,"enemies":"Exordium Wildlife","floor":8,"turns":4},{"damage":27,"enemies":"3 Sentries","floor":12,"turns":7},{"damage":6,"enemies":"Red Slaver","floor":13,"turns":4},{"damage":21,"enemies":"Lagavulin Event","floor":14,"turns":5},{"damage":54,"enemies":"The Guardian","floor":16,"turns":9}],"seed_played":"-3786195333474780246","potions_obtained":[{"floor":0,"key":"GhostInAJar"},{"floor":0,"key":"SteroidPotion"},{"floor":0,"key":"AttackPotion"},{"floor":1,"key":"Regen Potion"},{"floor":2,"key":"Energy Potion"},{"floor":6,"key":"SkillPotion"},{"floor":14,"key":"Explosive Potion"}],"is_trial":false,"path_per_floor":["M","M","M","?","M","E","M","M","T","?","$","E","M","?","R","B"],"character_chosen":"THE_SILENT","items_purchased":["Outmaneuver","Regen Potion","Bane","Poisoned Stab"],"campfire_rested":1,"item_purchase_floors":[11,11,11,11],"current_hp_per_floor":[69,68,61,54,43,44,44,31,31,48,48,36,42,33,54,0],"gold":130,"neow_bonus":"THREE_SMALL_POTIONS","is_prod":false,"is_daily":false,"chose_seed":false,"campfire_upgraded":0,"win_rate":0,"timestamp":1557135480,"path_taken":["M","M","M","?","M","E","M","M","T","?","?","E","?","?","R","BOSS"],"build_version":"2019-01-23","purchased_purges":0,"victory":false,"max_hp_per_floor":[70,70,70,70,70,70,70,70,70,70,70,70,70,70,70,70],"card_choices":[{"not_picked":["Slice","Masterful Stab"],"picked":"Predator","floor":1},{"not_picked":["Concentrate","Poisoned Stab"],"picked":"Dagger Throw","floor":2},{"not_picked":["Dagger Throw","Deadly Poison"],"picked":"Flying Knee","floor":3},{"not_picked":["Outmaneuver","Riddle With Holes"],"picked":"Dagger Spray","floor":5},{"not_picked":["PiercingWail","Heel Hook"],"picked":"Envenom","floor":6},{"not_picked":["Expertise","Prepared"],"picked":"Sucker Punch","floor":7},{"not_picked":["Eviscerate","Dagger Spray"],"picked":"Flying Knee","floor":8},{"not_picked":["Acrobatics","Riddle With Holes"],"picked":"Blade Dance","floor":12},{"not_picked":["PiercingWail","Flechettes"],"picked":"All Out Attack","floor":13},{"not_picked":["Glass Knife","Poisoned Stab"],"picked":"Acrobatics","floor":14}],"player_experience":100576,"relics_obtained":[{"floor":6,"key":"Oddly Smooth Stone"},{"floor":9,"key":"Bottled Flame"},{"floor":12,"key":"Meat on the Bone"},{"floor":14,"key":"Gremlin Horn"}],"event_choices":[{"damage_healed":0,"gold_gain":0,"player_choice":"Success","damage_taken":7,"relics_obtained":["Peace Pipe"],"max_hp_gain":0,"max_hp_loss":0,"event_name":"Scrap Ooze","floor":4,"gold_loss":0},{"damage_healed":17,"gold_gain":0,"player_choice":"Healed and dodged fight","damage_taken":0,"max_hp_gain":0,"max_hp_loss":0,"event_name":"Mushrooms","floor":10,"gold_loss":0,"cards_obtained":["Parasite"]},{"damage_healed":0,"gold_gain":30,"player_choice":"Searched \u00273\u0027 times","damage_taken":0,"max_hp_gain":0,"max_hp_loss":0,"event_name":"Dead Adventurer","floor":14,"gold_loss":0}],"is_beta":false,"boss_relics":[],"items_purged_floors":[],"is_endless":false,"potions_floor_spawned":[1,2,6,14],"killed_by":"The Guardian","ascension_level":2}