{"gold_per_floor":[114,114,132,149,160,189,189,224,270,288,351,317,337,356,356,453,453,470,385,385,385,396,426,446,461,461,461,492,508,508,508,508,610,610,624,624,624,182,182,209,209,219,219,219,239,0,0,20,20,20],"floor_reached":51,"playtime":5434,"items_purged":[],"score":802,"play_id":"24d68ce3-24ac-4e18-9e2f-d8067ff2f7a7","local_time":"20190825010952","is_ascension_mode":false,"campfire_choices":[{"floor":7,"key":"REST"},{"floor":15,"key":"DIG"},{"data":"Armaments","floor":27,"key":"SMITH"},{"data":"Barricade","floor":32,"key":"SMITH"},{"floor":41,"key":"REST"},{"data":"Bludgeon","floor":44,"key":"SMITH"}],"neow_cost":"NONE","seed_source_timestamp":1545284009823500,"circlet_count":0,"master_deck":["Strike_R","Strike_R","Strike_R","Defend_R","Defend_R","Defend_R","Bash","ReplayTheSpireMod:LeadingStrike+1","ReplayTheSpireMod:Strike From Hell","Run Through","Twin Strike","Feed","Feed","Uppercut","Havoc","Whirlwind","ReplayTheSpireMod:Muscle Training+1","Bludgeon+1","Wild Strike+1","Feed","Barricade+1","Armaments+1","Perfected Strike+1","ReplayTheSpireMod:Limb From Limb+1","Flex","Flex","Wild Strike+1","Shrug It Off","Impervious","Seeing Red+1","Sentinel","Rage","hubris:CleavingFinish","Flex","Shockwave+1","hubris:Ssssneak","Inflame","ReplayTheSpireMod:Stacked","Pommel Strike","Infernal Blade+1","hubris:Wrath"],"relics":["Burning Blood","ReplayFunnel","Replay:Bottled Eggs","Replay:Mystery Machine","Pantograph","Blood Vial","Mirror","Replay:Bottled Steam","Replay:Grab Bag","Replay:Bronze Core","hubris:GrandSneckoEye","Black Star","Lizard Tail","Happy Flower","Another Sword","hubris:MedicalManual","WingedGreaves","Replay:Bottled Flurry","ReplayTheSpireMod:Ninjato","Replay:Bottled Snecko","Orrery","Sling","Bag of Marbles","Gambling Chip","hubris:ChampionShield","Shuriken","Red Mask"],"potions_floor_usage":[8,10,11,16,23,23,24,48,50],"damage_taken":[{"damage":6,"enemies":"Jaw Worm","floor":1,"turns":3},{"damage":7,"enemies":"Small Slimes","floor":3,"turns":4},{"damage":8,"enemies":"2 Louse","floor":4,"turns":3},{"damage":11,"enemies":"2 Fungi Beasts","floor":5,"turns":4},{"damage":39,"enemies":"3 Sentries","floor":6,"turns":9},{"damage":40,"enemies":"Lagavulin","floor":8,"turns":7},{"damage":7,"enemies":"3 Louse","floor":10,"turns":2},{"damage":19,"enemies":"Lagavulin Event","floor":11,"turns":4},{"damage":3,"enemies":"Red Slaver","floor":13,"turns":3},{"damage":5,"enemies":"Lots of Slimes","floor":14,"turns":4},{"damage":28,"enemies":"Slime Boss","floor":16,"turns":9},{"damage":7,"enemies":"Spheric Guardian","floor":18,"turns":3},{"damage":26,"enemies":"2 Thieves","floor":22,"turns":3},{"damage":4,"enemies":"Gremlin Leader","floor":23,"turns":7},{"damage":5,"enemies":"Snake Plant","floor":24,"turns":3},{"damage":15,"enemies":"Snecko","floor":25,"turns":3},{"damage":26,"enemies":"Book of Stabbing","floor":28,"turns":4},{"damage":2,"enemies":"Centurion and Healer","floor":29,"turns":3},{"damage":35,"enemies":"Pondfish","floor":33,"turns":8},{"damage":59,"enemies":"3 Darklings","floor":35,"turns":5},{"damage":29,"enemies":"Giant Head","floor":40,"turns":5},{"damage":6,"enemies":"3 Shapes","floor":42,"turns":2},{"damage":10,"enemies":"Sphere and 2 Shapes","floor":45,"turns":3},{"damage":12,"enemies":"Maw","floor":48,"turns":5},{"damage":18,"enemies":"hubris:GrandSnecko","floor":50,"turns":8}],"seed_played":"-526792620009506456","potions_obtained":[{"floor":4,"key":"Languid Potion"},{"floor":6,"key":"SpeedPotion"},{"floor":8,"key":"Fire Potion"},{"floor":10,"key":"Cursed Concoction"},{"floor":13,"key":"Ancient Potion"},{"floor":22,"key":"Adrenaline Potion"},{"floor":23,"key":"SteroidPotion"},{"floor":33,"key":"Dexterity Potion"},{"floor":40,"key":"Death Potion"},{"floor":42,"key":"Swift Potion"}],"is_trial":false,"path_per_floor":["M","?","M","M","M","E","R","E","T","M","?","?","M","M","R","B",null,"M","?","?","?","M","E","M","M","T","R","E","M","?","?","R","B",null,"M","?","?","$","?","E","R","M","T","R","M","?","$","M","R","B",null],"character_chosen":"IRONCLAD","items_purchased":["Sling","Bag of Marbles","Inflame"],"campfire_rested":2,"item_purchase_floors":[38,38,38],"current_hp_per_floor":[80,77,76,74,69,36,60,26,26,30,19,19,27,33,33,38,89,91,91,91,91,72,76,83,79,79,79,61,67,67,67,67,65,99,46,46,46,46,46,25,54,56,56,56,54,54,54,50,50,65],"gold":20,"neow_bonus":"RANDOM_COMMON_RELIC","is_prod":false,"is_daily":false,"chose_seed":false,"campfire_upgraded":3,"win_rate":0,"timestamp":1566720592,"path_taken":["M","?","M","M","M","E","R","E","T","M","?","?","M","M","R","BOSS","M","?","?","?","M","E","M","?","T","R","E","?","?","?","R","BOSS","M","?","?","$","?","E","R","M","T","R","?","?","?","M","R","BOSS"],"build_version":"2019-07-17","purchased_purges":0,"victory":true,"max_hp_per_floor":[80,80,80,80,80,80,80,80,80,83,83,83,86,89,89,89,89,92,92,92,92,92,92,96,99,99,99,99,99,99,99,99,99,99,99,99,99,99,99,99,99,99,99,99,99,99,99,99,99,99],"card_choices":[{"not_picked":["Armaments","Infernal Blade"],"picked":"ReplayTheSpireMod:LeadingStrike","floor":1},{"not_picked":["Sword Boomerang","True Grit"],"picked":"ReplayTheSpireMod:Strike From Hell","floor":3},{"not_picked":["Seeing Red","True Grit"],"picked":"Run Through","floor":4},{"not_picked":["Body Slam","ReplayTheSpireMod:Strike From Hell"],"picked":"Twin Strike","floor":5},{"not_picked":["Shrug It Off","Heavy Blade"],"picked":"Feed","floor":6},{"not_picked":["ReplayTheSpireMod:Corrosion Curse","Clash"],"picked":"Feed","floor":8},{"not_picked":["Thunderclap","Iron Wave"],"picked":"Uppercut","floor":10},{"not_picked":["Iron Wave","Replay:Undeath\u0027s Touch"],"picked":"Havoc","floor":11},{"not_picked":["Wild Strike","Clash"],"picked":"Whirlwind","floor":13},{"not_picked":["Shrug It Off","Combust"],"picked":"ReplayTheSpireMod:Muscle Training","floor":14},{"not_picked":["Impervious","Reaper"],"picked":"Bludgeon","floor":16},{"not_picked":["Shrug It Off","Iron Wave"],"picked":"Wild Strike+1","floor":18},{"not_picked":["Combust","Sword Boomerang+1"],"picked":"Perfected Strike+1","floor":22},{"not_picked":["Flex","Rupture"],"picked":"ReplayTheSpireMod:Limb From Limb+1","floor":23},{"not_picked":["Disarm","Searing Blow"],"picked":"Flex","floor":24},{"not_picked":["Warcry+1","Armaments"],"picked":"Flex","floor":25},{"not_picked":["Anger","Pummel+1"],"picked":"Wild Strike+1","floor":28},{"not_picked":["Cleave+1","Clothesline+1"],"picked":"Shrug It Off","floor":29},{"not_picked":["Brutality","Bludgeon"],"picked":"Impervious","floor":33},{"not_picked":["Replay:Undeath\u0027s Touch","Armaments"],"picked":"Seeing Red+1","floor":34},{"not_picked":["Clash+1","Twin Strike"],"picked":"Sentinel","floor":34},{"not_picked":["ReplayTheSpireMod:Strike From Hell","ReplayTheSpireMod:Stacked"],"picked":"Rage","floor":34},{"not_picked":["Warcry","Rage"],"picked":"hubris:CleavingFinish","floor":34},{"not_picked":["Hemokinesis+1","Cleave"],"picked":"Flex","floor":34},{"not_picked":["Perfected Strike","Infernal Blade+1"],"picked":"Shockwave+1","floor":35},{"not_picked":["The Bomb","Jack Of All Trades"],"picked":"hubris:Ssssneak","floor":37},{"not_picked":["Havoc","Inflame+1"],"picked":"ReplayTheSpireMod:Stacked","floor":40},{"not_picked":["hubris:ReadiedAction+1","Clothesline+1"],"picked":"Pommel Strike","floor":42},{"not_picked":["ReplayTheSpireMod:Strike From Hell","Run Through","Armaments"],"picked":"SKIP","floor":45},{"not_picked":["Entrench","ReplayTheSpireMod:Strike From Hell"],"picked":"Infernal Blade+1","floor":48}],"player_experience":237169,"relics_obtained":[{"floor":6,"key":"Replay:Mystery Machine"},{"floor":8,"key":"Pantograph"},{"floor":9,"key":"Blood Vial"},{"floor":11,"key":"Mirror"},{"floor":15,"key":"Replay:Bottled Steam"},{"floor":23,"key":"Another Sword"},{"floor":23,"key":"hubris:MedicalManual"},{"floor":26,"key":"WingedGreaves"},{"floor":28,"key":"Replay:Bottled Flurry"},{"floor":28,"key":"ReplayTheSpireMod:Ninjato"},{"floor":40,"key":"Gambling Chip"},{"floor":40,"key":"hubris:ChampionShield"},{"floor":43,"key":"Shuriken"}],"event_choices":[{"damage_healed":0,"gold_gain":0,"player_choice":"Success","damage_taken":3,"relics_obtained":["Replay:Bottled Eggs"],"max_hp_gain":0,"max_hp_loss":0,"event_name":"Scrap Ooze","floor":2,"gold_loss":0},{"damage_healed":0,"gold_gain":0,"player_choice":"Searched \u00272\u0027 times","damage_taken":0,"max_hp_gain":0,"max_hp_loss":0,"event_name":"Dead Adventurer","floor":11,"gold_loss":0},{"damage_healed":0,"gold_gain":0,"player_choice":"Left Gold","damage_taken":0,"max_hp_gain":0,"max_hp_loss":0,"event_name":"World of Goop","floor":12,"gold_loss":34},{"damage_healed":0,"gold_gain":0,"player_choice":"Obtained Relic","damage_taken":0,"relics_obtained":["Happy Flower"],"max_hp_gain":0,"max_hp_loss":0,"event_name":"Addict","floor":19,"gold_loss":85},{"damage_healed":0,"gold_gain":0,"cards_transformed":["Defend_R","Strike_R"],"player_choice":"Became Test Subject","damage_taken":0,"max_hp_gain":0,"max_hp_loss":0,"event_name":"Drug Dealer","floor":20,"gold_loss":0,"cards_obtained":["Feed","Barricade"]},{"damage_healed":0,"gold_gain":0,"player_choice":"Read","damage_taken":0,"max_hp_gain":0,"max_hp_loss":0,"event_name":"The Library","floor":21,"gold_loss":0,"cards_obtained":["Armaments"]},{"damage_healed":0,"gold_gain":0,"player_choice":"Ignored","damage_taken":0,"max_hp_gain":0,"max_hp_loss":0,"event_name":"Beggar","floor":30,"gold_loss":0},{"cards_removed":["Strike_R"],"damage_healed":0,"gold_gain":0,"player_choice":"Removed Attack","damage_taken":0,"max_hp_gain":0,"max_hp_loss":0,"event_name":"Falling","floor":36,"gold_loss":0},{"damage_healed":0,"gold_gain":0,"player_choice":"Memory 1","damage_taken":0,"max_hp_gain":0,"max_hp_loss":0,"event_name":"SensoryStone","floor":37,"gold_loss":0},{"damage_healed":0,"gold_gain":0,"player_choice":"Upgraded","damage_taken":0,"max_hp_gain":0,"max_hp_loss":0,"event_name":"Upgrade Shrine","floor":39,"gold_loss":0,"cards_upgraded":["ReplayTheSpireMod:Muscle Training"]},{"damage_healed":0,"gold_gain":0,"player_choice":"Paid","damage_taken":0,"relics_obtained":["Red Mask"],"max_hp_gain":0,"max_hp_loss":0,"event_name":"Tomb of Lord Red Mask","floor":46,"gold_loss":239}],"is_beta":false,"boss_relics":[{"not_picked":["hubris:HollowSoul","Black Blood"],"picked":"Replay:Grab Bag"},{"not_picked":["hubris:TerracottaHorce","Coffee Dripper"],"picked":"Replay:Bronze Core"},{"not_picked":["ChewingGum","Mark of Pain"],"picked":"hubris:GrandSneckoEye"},{"not_picked":["Runic Cube","Snecko Eye"],"picked":"Black Star"},{"not_picked":["Replay:Drink Me","Kintsugi"],"picked":"Lizard Tail"},{"not_picked":["Tiny House","Pandora\u0027s Box"],"picked":"Orrery"}],"items_purged_floors":[],"is_endless":false,"potions_floor_spawned":[4,6,8,10,13,22,23,33,40,42],"ascension_level":0}