{"gold_per_floor":[111,111,111,126,144,144,169,183,234,251,264,264,264,294,294,294],"floor_reached":16,"playtime":935,"items_purged":[],"score":123,"play_id":"3fb1f5d8-aadd-45c5-92fc-335d5ae39611","local_time":"20191021182051","is_ascension_mode":true,"campfire_choices":[{"data":"Neutralize","floor":6,"key":"SMITH"},{"floor":12,"key":"REST"},{"data":"Footwork","floor":15,"key":"SMITH"}],"neow_cost":"NONE","seed_source_timestamp":1047125094920100,"circlet_count":0,"master_deck":["Strike_G","Strike_G","Strike_G","Strike_G","Defend_G","Defend_G","Defend_G","Defend_G","Defend_G","Survivor","Neutralize+1","Blade Dance","Flying Knee","Footwork+1","Outmaneuver","Cloak And Dagger","Well Laid Plans","Backflip","Catalyst","Accuracy"],"relics":["Ring of the Snake","NeowsBlessing","Pear","Boot","Anchor","Art of War"],"potions_floor_usage":[7,7,8,11,14],"damage_taken":[{"damage":0,"enemies":"Small Slimes","floor":1,"turns":1},{"damage":0,"enemies":"Cultist","floor":4,"turns":1},{"damage":0,"enemies":"2 Louse","floor":5,"turns":1},{"damage":29,"enemies":"Lagavulin","floor":7,"turns":8},{"damage":18,"enemies":"Exordium Thugs","floor":8,"turns":5},{"damage":0,"enemies":"Exordium Wildlife","floor":10,"turns":6},{"damage":9,"enemies":"Large Slime","floor":11,"turns":7},{"damage":5,"enemies":"3 Sentries","floor":14,"turns":8},{"damage":25,"enemies":"Hexaghost","floor":16,"turns":15}],"seed_played":"-8678103436169635863","potions_obtained":[{"floor":1,"key":"FearPotion"},{"floor":3,"key":"Swift Potion"},{"floor":3,"key":"SpeedPotion"},{"floor":7,"key":"Energy Potion"},{"floor":8,"key":"Strength Potion"},{"floor":10,"key":"GhostInAJar"}],"is_trial":false,"path_per_floor":["M","?","?","M","M","R","E","M","T","M","M","R","?","E","R","B"],"character_chosen":"THE_SILENT","items_purchased":[],"campfire_rested":1,"item_purchase_floors":[],"current_hp_per_floor":[70,62,62,62,62,62,33,15,15,15,6,30,30,25,25,0],"gold":294,"neow_bonus":"THREE_ENEMY_KILL","is_prod":false,"is_daily":false,"chose_seed":false,"campfire_upgraded":2,"win_rate":0,"timestamp":1571707251,"path_taken":["M","?","?","M","?","R","E","M","T","?","M","R","?","E","R","BOSS"],"build_version":"2019-07-17","purchased_purges":0,"victory":false,"max_hp_per_floor":[70,80,80,80,80,80,80,80,80,80,80,80,80,80,80,80],"card_choices":[{"not_picked":["Terror","Bouncing Flask"],"picked":"Blade Dance","floor":1},{"not_picked":["Slice","Bouncing Flask"],"picked":"Flying Knee","floor":4},{"not_picked":["Slice","Bane"],"picked":"Footwork","floor":5},{"not_picked":["Glass Knife","Riddle With Holes"],"picked":"Outmaneuver","floor":7},{"not_picked":["PiercingWail","Blur"],"picked":"Cloak And Dagger","floor":8},{"not_picked":["Crippling Poison","Quick Slash"],"picked":"Well Laid Plans","floor":10},{"not_picked":["Quick Slash","PiercingWail"],"picked":"Backflip","floor":11},{"not_picked":["Dodge and Roll","Dagger Throw"],"picked":"Accuracy","floor":14}],"player_experience":338783,"relics_obtained":[{"floor":7,"key":"Boot"},{"floor":9,"key":"Anchor"},{"floor":14,"key":"Art of War"}],"event_choices":[{"damage_healed":0,"gold_gain":0,"player_choice":"Success","damage_taken":18,"relics_obtained":["Pear"],"max_hp_gain":0,"max_hp_loss":0,"event_name":"Scrap Ooze","floor":2,"gold_loss":0},{"damage_healed":0,"gold_gain":0,"player_choice":"Got Potions","damage_taken":0,"max_hp_gain":0,"max_hp_loss":0,"event_name":"Lab","floor":3,"gold_loss":0},{"damage_healed":0,"gold_gain":0,"cards_transformed":["Strike_G"],"player_choice":"Change","damage_taken":0,"max_hp_gain":0,"max_hp_loss":0,"event_name":"Living Wall","floor":13,"gold_loss":0,"cards_obtained":["Catalyst"]}],"is_beta":false,"boss_relics":[],"items_purged_floors":[],"is_endless":false,"potions_floor_spawned":[1,7,8,10],"killed_by":"Hexaghost","ascension_level":2}