{"gold_per_floor":[115,135,146,158,11,39,51,51,51,63,88,53,65,65,65,163,163,183,102,114,114,39,64,64,99,180,209,220,237,4,4,4,104,104,119,138,138,138,156,156,156,156],"floor_reached":42,"playtime":2513,"items_purged":[],"score":540,"play_id":"e7472cc9-9738-4ffa-bb2d-1a2f8bd01c16","local_time":"20190615033317","is_ascension_mode":true,"campfire_choices":[{"floor":8,"key":"REST"},{"floor":15,"key":"REST"},{"floor":32,"key":"REST"}],"neow_cost":"NONE","seed_source_timestamp":254306659235367,"circlet_count":0,"master_deck":["Defend_G+1","Defend_G+1","Defend_G+1","Defend_G+1","Defend_G+1","Strike_G+1","Strike_G+1","Strike_G+1","Strike_G+1","Survivor","Neutralize","Malaise","Sucker Punch","Escape Plan","Slice+1","Blade Dance","Accuracy","Dagger Spray","Skewer","Dodge and Roll","Caltrops","Phantasmal Killer+1","Wraith Form v2","PiercingWail+1","Predator","Bane","Backstab+1","Flying Knee+1","Tactician+1","Prepared+1","Sadistic Nature","Terror","Adrenaline","Slice","Poisoned Stab+1","Cloak And Dagger","Mind Blast","Bandage Up"],"relics":["Ring of the Snake","Pocketwatch","Mercury Hourglass","Shuriken","Cursed Key","Lantern","Regal Pillow","Orichalcum","Whetstone","Mummified Hand","Snake Skull","Eternal Feather"],"potions_floor_usage":[6,6,11,16,16,23,23,25,27,39],"damage_taken":[{"damage":12,"enemies":"Small Slimes","floor":1,"turns":4},{"damage":5,"enemies":"Cultist","floor":2,"turns":4},{"damage":2,"enemies":"2 Louse","floor":3,"turns":3},{"damage":0,"enemies":"Looter","floor":4,"turns":3},{"damage":26,"enemies":"Lagavulin","floor":6,"turns":7},{"damage":4,"enemies":"Blue Slaver","floor":7,"turns":4},{"damage":0,"enemies":"Large Slime","floor":10,"turns":5},{"damage":14,"enemies":"3 Sentries","floor":11,"turns":4},{"damage":7,"enemies":"Red Slaver","floor":13,"turns":4},{"damage":18,"enemies":"Hexaghost","floor":16,"turns":7},{"damage":0,"enemies":"3 Byrds","floor":18,"turns":4},{"damage":0,"enemies":"Spheric Guardian","floor":20,"turns":2},{"damage":15,"enemies":"Slavers","floor":23,"turns":5},{"damage":5,"enemies":"Gremlin Leader","floor":25,"turns":6},{"damage":11,"enemies":"Book of Stabbing","floor":27,"turns":5},{"damage":0,"enemies":"3 Cultists","floor":28,"turns":5},{"damage":7,"enemies":"Sentry and Sphere","floor":29,"turns":4},{"damage":40,"enemies":"Collector","floor":33,"turns":8},{"damage":14,"enemies":"3 Shapes","floor":35,"turns":4},{"damage":0,"enemies":"Orb Walker","floor":36,"turns":3},{"damage":10,"enemies":"Jaw Worm Horde","floor":39,"turns":3},{"damage":53,"enemies":"Time Eater","floor":42,"turns":5}],"seed_played":"6173844723207861621","potions_obtained":[{"floor":2,"key":"AttackPotion"},{"floor":6,"key":"Poison Potion"},{"floor":7,"key":"FearPotion"},{"floor":13,"key":"SkillPotion"},{"floor":16,"key":"GhostInAJar"},{"floor":18,"key":"Swift Potion"},{"floor":23,"key":"GamblersBrew"},{"floor":25,"key":"EssenceOfSteel"},{"floor":36,"key":"Fire Potion"}],"is_trial":false,"path_per_floor":["M","M","M","M","$","E","M","R","T","M","E","?","M","?","R","B",null,"M","?","M","$","?","E","?","E","T","E","M","M","$","?","R","B",null,"M","M","?","?","M","?","?","B"],"character_chosen":"THE_SILENT","items_purchased":["Accuracy","Dagger Spray","SkillPotion","Sadistic Nature","Terror"],"campfire_rested":3,"item_purchase_floors":[5,5,5,30,30],"current_hp_per_floor":[58,53,51,51,51,25,21,42,42,42,28,45,38,38,59,41,70,70,70,70,70,70,55,55,50,50,39,39,32,32,32,68,28,70,56,56,56,56,46,41,41,0],"gold":156,"neow_bonus":"ONE_RANDOM_RARE_CARD","is_prod":false,"is_daily":false,"chose_seed":false,"campfire_upgraded":0,"win_rate":0,"timestamp":1560594797,"path_taken":["M","M","M","M","$","E","M","R","T","M","E","?","M","?","R","BOSS","M","?","?","?","?","E","?","E","T","E","M","M","$","?","R","BOSS","M","M","?","?","?","?","?","BOSS"],"build_version":"2019-01-23","purchased_purges":0,"victory":false,"max_hp_per_floor":[70,70,70,70,70,70,70,70,70,70,70,70,70,70,70,70,70,70,70,70,70,70,70,70,70,70,70,70,70,70,70,70,70,70,70,70,70,70,70,70,70,70],"card_choices":[{"not_picked":["Bane","Escape Plan"],"picked":"Sucker Punch","floor":1},{"not_picked":["Bouncing Flask","PiercingWail"],"picked":"Escape Plan","floor":2},{"not_picked":["A Thousand Cuts","Distraction"],"picked":"Slice","floor":3},{"not_picked":["Well Laid Plans","Deflect"],"picked":"Blade Dance","floor":4},{"not_picked":["Blur","Glass Knife"],"picked":"Skewer","floor":6},{"not_picked":["Bane","Backflip"],"picked":"Dodge and Roll","floor":7},{"not_picked":["Prepared","Underhanded Strike"],"picked":"Blade Dance","floor":10},{"not_picked":["Blade Dance","Dodge and Roll"],"picked":"Caltrops","floor":11},{"not_picked":["Leg Sweep","Poisoned Stab"],"picked":"Phantasmal Killer","floor":13},{"not_picked":["Tools of the Trade","A Thousand Cuts"],"picked":"Wraith Form v2","floor":16},{"not_picked":["Quick Slash","Slice"],"picked":"PiercingWail+1","floor":18},{"not_picked":["Prepared","Deflect"],"picked":"Predator","floor":20},{"not_picked":["Reflex","Expertise"],"picked":"Bane","floor":23},{"not_picked":["Flying Knee","Unload"],"picked":"Backstab+1","floor":25},{"not_picked":["Calculated Gamble+1","Backstab+1"],"picked":"Flying Knee+1","floor":27},{"not_picked":["Dagger Spray+1","Quick Slash"],"picked":"Tactician+1","floor":28},{"not_picked":["Blade Dance","Dagger Spray"],"picked":"Prepared+1","floor":29},{"not_picked":["Wraith Form v2","Die Die Die"],"picked":"Adrenaline","floor":33},{"not_picked":["PiercingWail+1","Prepared"],"picked":"Slice","floor":35},{"not_picked":["Distraction","Tactician+1"],"picked":"Poisoned Stab+1","floor":36},{"not_picked":["Finisher+1","Leg Sweep"],"picked":"Cloak And Dagger","floor":39},{"not_picked":["The Bomb","Discovery"],"picked":"Mind Blast","floor":40},{"not_picked":["Mind Blast","Transmutation"],"picked":"Bandage Up","floor":40}],"player_experience":175873,"relics_obtained":[{"floor":6,"key":"Pocketwatch"},{"floor":9,"key":"Mercury Hourglass"},{"floor":11,"key":"Shuriken"},{"floor":23,"key":"Regal Pillow"},{"floor":25,"key":"Whetstone"},{"floor":26,"key":"Mummified Hand"},{"floor":27,"key":"Snake Skull"}],"event_choices":[{"damage_healed":17,"gold_gain":0,"player_choice":"Healed","damage_taken":0,"max_hp_gain":0,"max_hp_loss":0,"event_name":"The Cleric","floor":12,"gold_loss":35},{"damage_healed":0,"gold_gain":0,"player_choice":"Upgraded","damage_taken":0,"max_hp_gain":0,"max_hp_loss":0,"event_name":"Upgrade Shrine","floor":14,"gold_loss":0,"cards_upgraded":["Phantasmal Killer"]},{"damage_healed":0,"gold_gain":0,"player_choice":"Paid Gold","damage_taken":0,"relics_obtained":["Lantern"],"max_hp_gain":0,"max_hp_loss":0,"event_name":"WeMeetAgain","floor":19,"gold_loss":81},{"cards_removed":["Strike_G"],"damage_healed":0,"gold_gain":0,"player_choice":"Gave Gold","damage_taken":0,"max_hp_gain":0,"max_hp_loss":0,"event_name":"Beggar","floor":22,"gold_loss":75},{"damage_healed":0,"gold_gain":0,"player_choice":"Stole Relic","damage_taken":0,"relics_obtained":["Orichalcum"],"max_hp_gain":0,"max_hp_loss":0,"event_name":"Addict","floor":24,"gold_loss":0,"cards_obtained":["Shame"]},{"damage_healed":0,"gold_gain":0,"player_choice":"Simplicity","damage_taken":0,"max_hp_gain":0,"max_hp_loss":0,"event_name":"Back to Basics","floor":31,"gold_loss":0,"cards_upgraded":["Defend_G","Defend_G","Defend_G","Defend_G","Defend_G","Strike_G","Strike_G","Strike_G"]},{"cards_removed":["Blade Dance"],"damage_healed":0,"gold_gain":0,"player_choice":"Removed Skill","damage_taken":0,"max_hp_gain":0,"max_hp_loss":0,"event_name":"Falling","floor":37,"gold_loss":0},{"cards_removed":["Clumsy","Shame"],"damage_healed":0,"gold_gain":0,"player_choice":"Removed Curses","damage_taken":0,"max_hp_gain":0,"max_hp_loss":0,"event_name":"Fountain of Cleansing","floor":38,"gold_loss":0},{"damage_healed":0,"gold_gain":0,"player_choice":"Memory 2","damage_taken":5,"max_hp_gain":0,"max_hp_loss":0,"event_name":"SensoryStone","floor":40,"gold_loss":0},{"damage_healed":0,"gold_gain":0,"player_choice":"Took Portal","damage_taken":0,"max_hp_gain":0,"max_hp_loss":0,"event_name":"SecretPortal","floor":41,"gold_loss":0}],"is_beta":false,"boss_relics":[{"not_picked":["HoveringKite","Empty Cage"],"picked":"Cursed Key"},{"not_picked":["Philosopher\u0027s Stone","Sozu"],"picked":"Eternal Feather"}],"items_purged_floors":[],"is_endless":false,"potions_floor_spawned":[2,6,7,13,16,18,23,25,36],"killed_by":"Time Eater","ascension_level":2}