{"gold_per_floor":[111,127,127,143,93,93,127,144,144,244,261,281,297,25,25,25],"floor_reached":16,"playtime":1755,"items_purged":[],"score":107,"play_id":"688d8645-b5fa-4ad2-9e63-e470e6c71895","local_time":"20190428011134","is_ascension_mode":true,"campfire_choices":[{"data":"Blade Dance","floor":6,"key":"SMITH"},{"floor":15,"key":"REST"}],"neow_cost":"NONE","seed_source_timestamp":9007532789111,"circlet_count":0,"master_deck":["Defend_G","Defend_G","Defend_G","Defend_G","Defend_G","Strike_G","Strike_G","Strike_G","Strike_G","Survivor","Neutralize","Distraction","Blade Dance+1","Poisoned Stab","Choke","Flechettes","Dodge and Roll","Predator","Burst","Outmaneuver"],"relics":["Ring of the Snake","Sundial","Kunai","Odd Mushroom","Letter Opener"],"potions_floor_usage":[7,7,7,7,8,11,16],"damage_taken":[{"damage":0,"enemies":"Small Slimes","floor":1,"turns":4},{"damage":0,"enemies":"2 Louse","floor":2,"turns":3},{"damage":0,"enemies":"Cultist","floor":4,"turns":4},{"damage":26,"enemies":"3 Sentries","floor":7,"turns":9},{"damage":0,"enemies":"Large Slime","floor":8,"turns":2},{"damage":12,"enemies":"Exordium Wildlife","floor":11,"turns":5},{"damage":7,"enemies":"The Mushroom Lair","floor":12,"turns":4},{"damage":8,"enemies":"Red Slaver","floor":13,"turns":3},{"damage":59,"enemies":"Hexaghost","floor":16,"turns":16}],"seed_played":"-2586782363340267704","potions_obtained":[{"floor":0,"key":"Weak Potion"},{"floor":0,"key":"LiquidBronze"},{"floor":0,"key":"EntropicBrew"},{"floor":8,"key":"Explosive Potion"}],"is_trial":false,"path_per_floor":["M","M","?","M","?","R","E","M","T","?","M","?","M","$","R","B"],"character_chosen":"THE_SILENT","items_purchased":["Outmaneuver","Letter Opener"],"campfire_rested":1,"item_purchase_floors":[14,14],"current_hp_per_floor":[70,70,75,75,75,75,64,64,64,64,52,45,37,37,59,0],"gold":25,"neow_bonus":"THREE_SMALL_POTIONS","is_prod":false,"is_daily":false,"chose_seed":false,"campfire_upgraded":1,"win_rate":0,"timestamp":1556439094,"path_taken":["M","M","?","M","?","R","E","M","T","?","?","?","M","?","R","BOSS"],"build_version":"2019-01-23","purchased_purges":0,"victory":false,"max_hp_per_floor":[70,70,75,75,75,75,75,75,75,75,75,75,75,75,75,75],"card_choices":[{"not_picked":["Tactician","Deadly Poison"],"picked":"Distraction","floor":1},{"not_picked":["Dodge and Roll","Dagger Throw"],"picked":"Blade Dance","floor":2},{"not_picked":["Deadly Poison","Slice"],"picked":"Poisoned Stab","floor":4},{"not_picked":["Slice","Catalyst"],"picked":"Choke","floor":7},{"not_picked":["Tactician","Dagger Throw"],"picked":"Flechettes","floor":8},{"not_picked":["PiercingWail","Riddle With Holes"],"picked":"Dodge and Roll","floor":11},{"not_picked":["Dodge and Roll","Caltrops"],"picked":"Predator","floor":12},{"not_picked":["Quick Slash","Leg Sweep"],"picked":"Burst","floor":13}],"player_experience":71892,"relics_obtained":[{"floor":7,"key":"Sundial"},{"floor":9,"key":"Kunai"},{"floor":12,"key":"Odd Mushroom"}],"event_choices":[{"damage_healed":0,"gold_gain":0,"player_choice":"Donut","damage_taken":0,"max_hp_gain":5,"max_hp_loss":0,"event_name":"Big Fish","floor":3,"gold_loss":0},{"cards_removed":["Strike_G"],"damage_healed":0,"gold_gain":0,"player_choice":"Card Removal","damage_taken":0,"max_hp_gain":0,"max_hp_loss":0,"event_name":"The Cleric","floor":5,"gold_loss":50},{"damage_healed":0,"gold_gain":100,"player_choice":"Pray","damage_taken":0,"max_hp_gain":0,"max_hp_loss":0,"event_name":"Golden Shrine","floor":10,"gold_loss":0},{"damage_healed":0,"gold_gain":0,"player_choice":"Fought Mushrooms","damage_taken":0,"max_hp_gain":0,"max_hp_loss":0,"event_name":"Mushrooms","floor":12,"gold_loss":0}],"is_beta":false,"boss_relics":[],"items_purged_floors":[],"is_endless":false,"potions_floor_spawned":[2,8],"killed_by":"Hexaghost","ascension_level":1}