{"gold_per_floor":[116,126,145,145,163,194,194,207,207,226,226,239,239,265,265,370,370,360,21,31,31,51,51,51],"floor_reached":24,"playtime":1456,"items_purged":[],"score":231,"play_id":"1e56e11f-57c0-42d5-aebf-a11e8a06b220","local_time":"20190615035817","is_ascension_mode":true,"campfire_choices":[{"floor":7,"key":"REST"},{"floor":11,"key":"REST"},{"floor":13,"key":"REST"},{"floor":15,"key":"REST"},{"floor":23,"key":"REST"}],"neow_cost":"NONE","seed_source_timestamp":256864235593770,"circlet_count":0,"master_deck":["Defend_G","Defend_G","Defend_G","Defend_G","Defend_G","Strike_G","Strike_G","Strike_G","Strike_G","Strike_G","Survivor","Neutralize","Cloak And Dagger","Backflip","Cloak And Dagger","Pain","Noxious Fumes","Burst","Bane","Poisoned Stab","Crippling Poison","Leg Sweep","Envenom","Sucker Punch+1","Corpse Explosion","Slice","Choke","Acrobatics"],"relics":["Ring of the Snake","WarpedTongs","Nunchaku","Shuriken","Mercury Hourglass","Eternal Feather","Snake Skull"],"potions_floor_usage":[6,8,12,16,16,16,16,16,16,22],"damage_taken":[{"damage":6,"enemies":"Jaw Worm","floor":1,"turns":4},{"damage":0,"enemies":"Cultist","floor":2,"turns":3},{"damage":0,"enemies":"Small Slimes","floor":3,"turns":3},{"damage":22,"enemies":"Exordium Wildlife","floor":5,"turns":6},{"damage":33,"enemies":"3 Sentries","floor":6,"turns":7},{"damage":5,"enemies":"Looter","floor":8,"turns":4},{"damage":4,"enemies":"Blue Slaver","floor":10,"turns":4},{"damage":29,"enemies":"2 Fungi Beasts","floor":12,"turns":5},{"damage":18,"enemies":"Gremlin Nob","floor":14,"turns":4},{"damage":12,"enemies":"Slime Boss","floor":16,"turns":7},{"damage":18,"enemies":"2 Thieves","floor":18,"turns":4},{"damage":31,"enemies":"Shell Parasite","floor":20,"turns":5},{"damage":15,"enemies":"Snake Plant","floor":22,"turns":5},{"damage":46,"enemies":"Book of Stabbing","floor":24,"turns":6}],"seed_played":"-8957691649279352795","potions_obtained":[{"floor":0,"key":"FearPotion"},{"floor":0,"key":"FearPotion"},{"floor":0,"key":"SneckoOil"},{"floor":1,"key":"Ancient Potion"},{"floor":6,"key":"Ancient Potion"},{"floor":10,"key":"SkillPotion"},{"floor":14,"key":"EntropicBrew"},{"floor":20,"key":"Ancient Potion"}],"is_trial":false,"path_per_floor":["M","M","M","?","M","E","R","M","T","M","R","M","R","E","R","B",null,"M","$","M","$","M","R","E"],"character_chosen":"THE_SILENT","items_purchased":["Snake Skull","Corpse Explosion","Slice"],"campfire_rested":5,"item_purchase_floors":[19,19,19],"current_hp_per_floor":[64,64,64,64,42,9,30,25,25,21,42,13,34,16,37,25,70,52,52,21,21,6,42,0],"gold":51,"neow_bonus":"THREE_SMALL_POTIONS","is_prod":false,"is_daily":false,"chose_seed":false,"campfire_upgraded":0,"win_rate":0,"timestamp":1560596297,"path_taken":["M","M","M","?","M","E","R","M","T","M","R","M","R","E","R","BOSS","M","?","M","$","M","R","E"],"build_version":"2019-01-23","purchased_purges":0,"victory":false,"max_hp_per_floor":[70,70,70,70,70,70,70,70,70,70,70,70,70,70,70,70,70,70,70,70,70,70,70,70],"card_choices":[{"not_picked":["Slice","Quick Slash"],"picked":"Cloak And Dagger","floor":1},{"not_picked":["Dagger Spray","Dagger Throw"],"picked":"Backflip","floor":2},{"not_picked":["Setup","Poisoned Stab"],"picked":"Cloak And Dagger","floor":3},{"not_picked":["Bouncing Flask","Dodge and Roll"],"picked":"Noxious Fumes","floor":5},{"not_picked":["Quick Slash","Backflip"],"picked":"Burst","floor":6},{"not_picked":["Backflip","Flechettes"],"picked":"Bane","floor":8},{"not_picked":["Prepared","Dagger Spray"],"picked":"Poisoned Stab","floor":10},{"not_picked":["Outmaneuver","Underhanded Strike"],"picked":"Crippling Poison","floor":12},{"not_picked":["Sucker Punch","Underhanded Strike"],"picked":"Leg Sweep","floor":14},{"not_picked":["Night Terror","Wraith Form v2"],"picked":"Envenom","floor":16},{"not_picked":["Backflip+1","PiercingWail"],"picked":"Sucker Punch+1","floor":18},{"not_picked":["Flying Knee","Prepared"],"picked":"Choke","floor":20},{"not_picked":["Bane","Eviscerate+1"],"picked":"Acrobatics","floor":22}],"player_experience":178386,"relics_obtained":[{"floor":6,"key":"Nunchaku"},{"floor":9,"key":"Shuriken"},{"floor":14,"key":"Mercury Hourglass"}],"event_choices":[{"damage_healed":0,"gold_gain":0,"player_choice":"Rummage","damage_taken":0,"relics_obtained":["WarpedTongs"],"max_hp_gain":0,"max_hp_loss":0,"event_name":"Accursed Blacksmith","floor":4,"gold_loss":0,"cards_obtained":["Pain"]}],"is_beta":false,"boss_relics":[{"not_picked":["Black Star","Calling Bell"],"picked":"Eternal Feather"}],"items_purged_floors":[],"is_endless":false,"potions_floor_spawned":[1,6,10,14,20],"killed_by":"Book of Stabbing","ascension_level":2}