{"gold_per_floor":[16,33,44,44,44,44,85,85,85,109,109,109,109,121,133,145],"floor_reached":16,"playtime":474,"items_purged":[],"score":176,"play_id":"55022b19-ecd0-4c7e-ba15-51542b7d7302","local_time":"20191027034716","is_ascension_mode":true,"campfire_choices":[{"floor":6,"key":"REST"},{"floor":8,"key":"REST"},{"floor":11,"key":"DIG"},{"floor":13,"key":"DIG"},{"floor":15,"key":"DIG"}],"neow_cost":"NO_GOLD","seed_source_timestamp":1451574879776600,"circlet_count":0,"master_deck":["AscendersBane","Strike_B","Strike_B","Strike_B","Defend_B","Defend_B","Defend_B","Defend_B","Zap","Dualcast","Leap","Go for the Eyes+1","Rip and Tear","Reinforced Body","Auto Shields"],"relics":["Cracked Core","Shovel","Golden Idol","Bag of Preparation","MawBank","Ice Cream"],"potions_floor_usage":[7,16],"damage_taken":[{"damage":7,"enemies":"Jaw Worm","floor":1,"turns":3},{"damage":6,"enemies":"2 Louse","floor":2,"turns":3},{"damage":9,"enemies":"Small Slimes","floor":3,"turns":3},{"damage":25,"enemies":"3 Sentries","floor":7,"turns":9},{"damage":8,"enemies":"Looter","floor":10,"turns":3},{"damage":7,"enemies":"Hexaghost","floor":16,"turns":9}],"seed_played":"-4172763007060208022","potions_obtained":[{"floor":2,"key":"SkillPotion"},{"floor":10,"key":"Dexterity Potion"}],"is_trial":false,"path_per_floor":["M","M","M","?","?","R","E","R","T","M","R","?","R","$","R","B"],"character_chosen":"DEFECT","items_purchased":[],"campfire_rested":2,"item_purchase_floors":[],"current_hp_per_floor":[57,51,42,18,18,39,14,35,35,27,27,20,20,20,20,13],"gold":145,"neow_bonus":"ONE_RARE_RELIC","is_prod":false,"is_daily":false,"chose_seed":false,"campfire_upgraded":0,"win_rate":0,"timestamp":1572162436,"path_taken":["M","M","M","?","?","R","E","R","T","M","R","?","R","$","R","BOSS"],"build_version":"2019-07-17","purchased_purges":0,"victory":false,"max_hp_per_floor":[71,71,71,71,71,71,71,71,71,71,71,71,71,71,71,71],"card_choices":[{"not_picked":["Loop","Redo"],"picked":"Leap","floor":1},{"not_picked":["BootSequence","Sweeping Beam"],"picked":"Go for the Eyes","floor":2},{"not_picked":["Redo","Hello World"],"picked":"Rip and Tear","floor":3},{"not_picked":["Steam","Conserve Battery"],"picked":"Reinforced Body","floor":7},{"not_picked":["Compile Driver","Buffer"],"picked":"Auto Shields","floor":10}],"player_experience":634768,"relics_obtained":[{"floor":11,"key":"Bag of Preparation"},{"floor":13,"key":"MawBank"},{"floor":15,"key":"Ice Cream"}],"event_choices":[{"damage_healed":0,"gold_gain":0,"player_choice":"Take Damage","damage_taken":24,"relics_obtained":["Golden Idol"],"max_hp_gain":0,"max_hp_loss":0,"event_name":"Golden Idol","floor":4,"gold_loss":0},{"damage_healed":0,"gold_gain":0,"player_choice":"Grow","damage_taken":0,"max_hp_gain":0,"max_hp_loss":0,"event_name":"Living Wall","floor":5,"gold_loss":0,"cards_upgraded":["Go for the Eyes"]},{"cards_removed":["Strike_B"],"damage_healed":0,"gold_gain":0,"player_choice":"Card Removal","damage_taken":7,"max_hp_gain":0,"max_hp_loss":0,"event_name":"Golden Wing","floor":12,"gold_loss":0}],"is_beta":false,"boss_relics":[],"items_purged_floors":[],"is_endless":false,"potions_floor_spawned":[2,10],"killed_by":"Hexaghost","ascension_level":16}