{"gold_per_floor":[114,130,205,219,31,31,46,79,79,114,13,24,50,70,70,166,166,149,149,149,159,159],"floor_reached":22,"playtime":1459,"items_purged":[],"score":227,"play_id":"19ca3807-7af4-4d48-bcff-2c1112e7d4b1","local_time":"20190615025041","is_ascension_mode":true,"campfire_choices":[{"floor":6,"key":"REST"},{"floor":15,"key":"REST"}],"neow_cost":"NONE","seed_source_timestamp":252806160517599,"circlet_count":0,"master_deck":["Defend_G","Defend_G","Defend_G","Defend_G","Defend_G","Strike_G","Strike_G","Strike_G","Strike_G","Strike_G","Survivor","Neutralize","A Thousand Cuts","Dodge and Roll","Cloak And Dagger","Quick Slash","Noxious Fumes","Outmaneuver","Tools of the Trade","Terror+1","Blade Dance+1","Caltrops","Accuracy","Backstab","Flying Knee","Grand Finale","Infinite Blades","Backflip+1","Flying Knee+1"],"relics":["Ring of the Snake","Bag of Marbles","PreservedInsect","Regal Pillow","Toxic Egg 2","Singing Bowl","Nloth\u0027s Gift"],"potions_floor_usage":[8,13,16,22],"damage_taken":[{"damage":3,"enemies":"Cultist","floor":1,"turns":4},{"damage":3,"enemies":"Jaw Worm","floor":2,"turns":5},{"damage":6,"enemies":"2 Louse","floor":4,"turns":2},{"damage":9,"enemies":"Red Slaver","floor":7,"turns":4},{"damage":22,"enemies":"Gremlin Nob","floor":8,"turns":5},{"damage":18,"enemies":"Lagavulin","floor":10,"turns":7},{"damage":5,"enemies":"Large Slime","floor":12,"turns":6},{"damage":4,"enemies":"Gremlin Nob","floor":13,"turns":3},{"damage":9,"enemies":"Lots of Slimes","floor":14,"turns":3},{"damage":30,"enemies":"Slime Boss","floor":16,"turns":9},{"damage":9,"enemies":"2 Thieves","floor":18,"turns":4},{"damage":40,"enemies":"Shell Parasite","floor":21,"turns":5},{"damage":39,"enemies":"Cultist and Chosen","floor":22,"turns":4}],"seed_played":"-6764481503584924500","potions_obtained":[{"floor":1,"key":"Dexterity Potion"},{"floor":12,"key":"Swift Potion"},{"floor":14,"key":"Poison Potion"},{"floor":21,"key":"Strength Potion"}],"is_trial":false,"path_per_floor":["M","M","?","M","$","R","M","E","T","E","$","M","E","M","R","B",null,"M","?","?","M","M"],"character_chosen":"THE_SILENT","items_purchased":["Bag of Marbles","Noxious Fumes","Blade Dance+1","Caltrops"],"campfire_rested":2,"item_purchase_floors":[5,5,11,11],"current_hp_per_floor":[67,64,53,47,47,68,59,37,37,19,19,14,10,1,37,7,70,61,61,61,21,0],"gold":159,"neow_bonus":"ONE_RANDOM_RARE_CARD","is_prod":false,"is_daily":false,"chose_seed":false,"campfire_upgraded":0,"win_rate":0,"timestamp":1560592241,"path_taken":["M","?","?","M","?","R","M","E","T","E","$","M","E","?","R","BOSS","M","?","?","M","M"],"build_version":"2019-01-23","purchased_purges":0,"victory":false,"max_hp_per_floor":[70,70,70,70,70,70,70,70,70,70,70,70,70,70,70,70,70,70,70,70,70,70],"card_choices":[{"not_picked":["Bane","Underhanded Strike"],"picked":"Dodge and Roll","floor":1},{"not_picked":["Riddle With Holes","Bane"],"picked":"Cloak And Dagger","floor":2},{"not_picked":["Skewer","Blur"],"picked":"Quick Slash","floor":4},{"not_picked":["Cloak And Dagger","Prepared"],"picked":"Outmaneuver","floor":7},{"not_picked":["Slice","Quick Slash"],"picked":"Tools of the Trade","floor":8},{"not_picked":["Bane","Predator"],"picked":"Terror","floor":10},{"not_picked":["Caltrops","Underhanded Strike"],"picked":"Accuracy","floor":12},{"not_picked":["Dodge and Roll+1","Slice"],"picked":"Backstab","floor":13},{"not_picked":["Dagger Spray","Outmaneuver+1"],"picked":"Flying Knee","floor":14},{"not_picked":["Glass Knife","Tools of the Trade"],"picked":"Grand Finale","floor":16},{"not_picked":["Deflect+1","Dash"],"picked":"Infinite Blades","floor":18},{"not_picked":["Terror+1","Reflex+1"],"picked":"Flying Knee+1","floor":21}],"player_experience":174414,"relics_obtained":[{"floor":8,"key":"PreservedInsect"},{"floor":9,"key":"Regal Pillow"},{"floor":10,"key":"Toxic Egg 2"},{"floor":13,"key":"Singing Bowl"}],"event_choices":[{"damage_healed":0,"gold_gain":75,"player_choice":"Gather Gold","damage_taken":11,"max_hp_gain":0,"max_hp_loss":0,"event_name":"World of Goop","floor":3,"gold_loss":0},{"damage_healed":0,"gold_gain":0,"player_choice":"Read","damage_taken":0,"max_hp_gain":0,"max_hp_loss":0,"event_name":"The Library","floor":19,"gold_loss":0,"cards_obtained":["Backflip"]},{"damage_healed":0,"gold_gain":0,"player_choice":"Traded Relic","damage_taken":0,"relics_obtained":["Nloth\u0027s Gift"],"max_hp_gain":0,"max_hp_loss":0,"event_name":"N\u0027loth","floor":20,"relics_lost":["Sozu"],"gold_loss":0}],"is_beta":false,"boss_relics":[{"not_picked":["Snecko Eye","Velvet Choker"],"picked":"Sozu"}],"items_purged_floors":[],"is_endless":false,"potions_floor_spawned":[1,12,14,21],"killed_by":"Cultist and Chosen","ascension_level":2}