{"gold_per_floor":[11,27,42,42,59,59,86,86,138,151,53,53,53,79,79,79],"floor_reached":16,"playtime":780,"items_purged":["Strike_B"],"score":182,"play_id":"6c1607bc-ebb7-4c28-a968-a189494bc9d5","local_time":"20191023150629","is_ascension_mode":true,"campfire_choices":[{"data":"Hyperbeam","floor":6,"key":"SMITH"},{"data":"Compile Driver","floor":8,"key":"SMITH"},{"data":"Steam","floor":13,"key":"SMITH"},{"floor":15,"key":"REST"}],"neow_cost":"NO_GOLD","seed_source_timestamp":1146394200949200,"circlet_count":0,"master_deck":["AscendersBane","Strike_B","Strike_B","Strike_B","Defend_B","Defend_B","Defend_B","Defend_B","Zap","Dualcast","Hyperbeam+1","Hologram","BootSequence","Gash","Coolheaded","Compile Driver+1","Steam+1","Leap","Steam"],"relics":["Cracked Core","Sundial","Bag of Preparation","SsserpentHead","Art of War"],"potions_floor_usage":[14,16],"damage_taken":[{"damage":4,"enemies":"2 Louse","floor":1,"turns":3},{"damage":1,"enemies":"Cultist","floor":2,"turns":3},{"damage":0,"enemies":"Small Slimes","floor":3,"turns":2},{"damage":1,"enemies":"Looter","floor":5,"turns":3},{"damage":32,"enemies":"Gremlin Nob","floor":7,"turns":4},{"damage":0,"enemies":"3 Louse","floor":10,"turns":1},{"damage":17,"enemies":"Lagavulin","floor":14,"turns":5},{"damage":35,"enemies":"Hexaghost","floor":16,"turns":13}],"seed_played":"-7000810567399569875","potions_obtained":[{"floor":7,"key":"SpeedPotion"},{"floor":14,"key":"SpeedPotion"}],"is_trial":false,"path_per_floor":["M","M","M","?","M","R","E","R","T","M","$","?","R","E","R","B"],"character_chosen":"DEFECT","items_purchased":["Leap"],"campfire_rested":1,"item_purchase_floors":[11],"current_hp_per_floor":[64,63,63,63,62,62,30,30,30,30,30,30,30,13,35,0],"gold":79,"neow_bonus":"THREE_RARE_CARDS","is_prod":false,"is_daily":false,"chose_seed":false,"campfire_upgraded":3,"win_rate":0,"timestamp":1571857589,"path_taken":["M","M","M","?","M","R","E","R","T","M","$","?","R","E","R","BOSS"],"build_version":"2019-07-17","purchased_purges":1,"victory":false,"max_hp_per_floor":[75,75,75,75,75,75,75,75,75,75,75,75,75,75,75,75],"card_choices":[{"not_picked":["Thunder Strike","Amplify"],"picked":"Hyperbeam","floor":0},{"not_picked":["Beam Cell","Gash"],"picked":"Hologram","floor":1},{"not_picked":["Streamline","Lockon"],"picked":"BootSequence","floor":2},{"not_picked":["Blizzard","Stack"],"picked":"Gash","floor":3},{"not_picked":["Sweeping Beam","Hello World"],"picked":"Coolheaded","floor":5},{"not_picked":["Blizzard","Barrage"],"picked":"Compile Driver","floor":7},{"not_picked":["Cold Snap","Skim"],"picked":"Steam","floor":10},{"not_picked":["FTL","Double Energy"],"picked":"Steam","floor":14}],"player_experience":533352,"relics_obtained":[{"floor":7,"key":"Sundial"},{"floor":9,"key":"Bag of Preparation"},{"floor":14,"key":"Art of War"}],"event_choices":[{"damage_healed":0,"gold_gain":0,"player_choice":"Leave","damage_taken":0,"max_hp_gain":0,"max_hp_loss":0,"event_name":"The Cleric","floor":4,"gold_loss":0},{"damage_healed":0,"gold_gain":0,"player_choice":"Trade","damage_taken":0,"relics_obtained":["SsserpentHead"],"max_hp_gain":0,"max_hp_loss":0,"event_name":"FaceTrader","floor":12,"gold_loss":0}],"is_beta":false,"boss_relics":[],"items_purged_floors":[11],"is_endless":false,"potions_floor_spawned":[7,14],"killed_by":"Hexaghost","ascension_level":13}