{"gold_per_floor":[117,134,146,146,156,190,190,215,227,239],"floor_reached":10,"playtime":335,"items_purged":[],"score":98,"play_id":"011cd776-8bc7-4ff9-9068-2f93c1dead9c","local_time":"20191021205129","is_ascension_mode":true,"campfire_choices":[{"floor":7,"key":"REST"}],"neow_cost":"NONE","seed_source_timestamp":1056763759086600,"circlet_count":0,"master_deck":["Strike_B","Strike_B","Strike_B","Strike_B","Defend_B","Defend_B","Defend_B","Defend_B","Zap","Dualcast","Sunder","Leap","Sweeping Beam","Darkness","Conserve Battery","All For One"],"relics":["Cracked Core","Blue Candle","Shuriken","MawBank","Darkstone Periapt"],"potions_floor_usage":[8,8,8],"damage_taken":[{"damage":7,"enemies":"Jaw Worm","floor":1,"turns":3},{"damage":5,"enemies":"Small Slimes","floor":2,"turns":2},{"damage":0,"enemies":"2 Louse","floor":3,"turns":3},{"damage":3,"enemies":"Looter","floor":5,"turns":3},{"damage":29,"enemies":"3 Sentries","floor":6,"turns":4},{"damage":22,"enemies":"Gremlin Nob","floor":8,"turns":4}],"seed_played":"-7528965860047777859","potions_obtained":[{"floor":0,"key":"AttackPotion"},{"floor":0,"key":"SmokeBomb"},{"floor":0,"key":"Dexterity Potion"},{"floor":1,"key":"EntropicBrew"}],"is_trial":false,"path_per_floor":["M","M","M","?","M","E","R","E","T","?"],"character_chosen":"DEFECT","items_purchased":[],"campfire_rested":1,"item_purchase_floors":[],"current_hp_per_floor":[68,63,63,38,35,6,28,6,6,0],"gold":239,"neow_bonus":"THREE_SMALL_POTIONS","is_prod":false,"is_daily":false,"chose_seed":false,"campfire_upgraded":0,"win_rate":0,"timestamp":1571716289,"path_taken":["M","M","M","?","M","E","R","E","T","?"],"build_version":"2019-07-17","purchased_purges":0,"victory":false,"max_hp_per_floor":[75,75,75,75,75,75,75,75,75,75],"card_choices":[{"not_picked":["Loop","Chaos"],"picked":"Sunder","floor":1},{"not_picked":["Sweeping Beam","White Noise"],"picked":"Leap","floor":2},{"not_picked":["Stack","Conserve Battery"],"picked":"Sweeping Beam","floor":3},{"not_picked":["Undo","Glacier"],"picked":"Darkness","floor":5},{"not_picked":["Steam","Cold Snap"],"picked":"Conserve Battery","floor":6},{"not_picked":["Go for the Eyes","Lockon"],"picked":"All For One","floor":8}],"player_experience":348262,"relics_obtained":[{"floor":6,"key":"Shuriken"},{"floor":8,"key":"MawBank"},{"floor":9,"key":"Darkstone Periapt"}],"event_choices":[{"damage_healed":0,"gold_gain":0,"player_choice":"Success","damage_taken":25,"relics_obtained":["Blue Candle"],"max_hp_gain":0,"max_hp_loss":0,"event_name":"Scrap Ooze","floor":4,"gold_loss":0}],"is_beta":false,"boss_relics":[],"items_purged_floors":[],"is_endless":false,"potions_floor_spawned":[1,2,6],"ascension_level":5}