{"gold_per_floor":[210,210,223,223,21,50,50,63,63,63,80,80],"floor_reached":12,"playtime":579,"items_purged":[],"score":129,"play_id":"e0ca69df-b6aa-423e-8649-d6e4dac3137c","local_time":"20191023132003","is_ascension_mode":true,"campfire_choices":[{"data":"Undo","floor":7,"key":"SMITH"},{"data":"Leap","floor":10,"key":"SMITH"}],"neow_cost":"NONE","seed_source_timestamp":1140195617492000,"circlet_count":0,"master_deck":["AscendersBane","Strike_B","Strike_B","Strike_B","Strike_B","Defend_B","Defend_B","Defend_B","Defend_B","Zap","Dualcast","Sweeping Beam+1","Ball Lightning","Undo+1","Leap+1","Cold Snap"],"special_seed":0,"relics":["Cracked Core","Singing Bowl","Membership Card","Peace Pipe","Shuriken"],"potions_floor_usage":[6,12],"damage_taken":[{"damage":0.0,"enemies":"2 Louse","floor":1.0,"turns":2.0},{"damage":8,"enemies":"Jaw Worm","floor":3,"turns":6},{"damage":25,"enemies":"3 Sentries","floor":6,"turns":5},{"damage":1,"enemies":"Small Slimes","floor":8,"turns":3},{"damage":1,"enemies":"Looter","floor":11,"turns":3},{"damage":36,"enemies":"Gremlin Nob","floor":12,"turns":4}],"seed_played":"-512408470572765067","potions_obtained":[{"floor":3,"key":"Swift Potion"},{"floor":8,"key":"Regen Potion"}],"is_trial":false,"path_per_floor":["M","?","M","?","$","E","R","M","T","R","M","E"],"character_chosen":"DEFECT","items_purchased":["Membership Card"],"campfire_rested":0,"item_purchase_floors":[5],"current_hp_per_floor":[68,50,42,42,42,17,17,16,16,16,15,0],"gold":80,"neow_bonus":"HUNDRED_GOLD","is_prod":false,"is_daily":false,"chose_seed":false,"campfire_upgraded":2,"win_rate":0,"timestamp":1571851203,"path_taken":["M","?","M","?","$","E","R","M","T","R","M","E"],"build_version":"2019-07-17","purchased_purges":0,"victory":false,"max_hp_per_floor":[75,75,75,75,75,75,75,75,75,75,75,75],"card_choices":[{"not_picked":["Rip and Tear","Loop"],"picked":"Sweeping Beam","floor":1.0},{"not_picked":["Barrage","Beam Cell"],"picked":"Ball Lightning","floor":3},{"not_picked":["Coolheaded","Cold Snap"],"picked":"Undo","floor":6},{"not_picked":["White Noise","Chill"],"picked":"Leap","floor":8},{"not_picked":["Hologram","BootSequence"],"picked":"Cold Snap","floor":11}],"player_experience":528877,"relics_obtained":[{"floor":6,"key":"Peace Pipe"},{"floor":9,"key":"Shuriken"}],"event_choices":[{"damage_healed":0,"gold_gain":0,"player_choice":"Success","damage_taken":18,"relics_obtained":["Singing Bowl"],"max_hp_gain":0,"max_hp_loss":0,"event_name":"Scrap Ooze","floor":2,"gold_loss":0},{"damage_healed":0,"gold_gain":0,"player_choice":"Grow","damage_taken":0,"max_hp_gain":0,"max_hp_loss":0,"event_name":"Living Wall","floor":4,"gold_loss":0,"cards_upgraded":["Sweeping Beam"]}],"is_beta":false,"boss_relics":[],"items_purged_floors":[],"is_endless":false,"potions_floor_spawned":[3,8],"killed_by":"Gremlin Nob","ascension_level":13}