{"gold_per_floor":[112,112,130,147,162,162,196,196,196,207,207,132,165,65,65,137,137,148,179,193,203,203,203,233,233,258,258,285,285,85,101,101,176,176,190,205,205,220,220,220,253,267,267,267],"floor_reached":44,"playtime":2471,"items_purged":["Strike_B","Decay","Strike_B"],"score":899,"play_id":"cda0f449-5877-4aa1-9601-a86f93e70518","local_time":"20191029172041","is_ascension_mode":true,"campfire_choices":[{"data":"Zap","floor":6,"key":"SMITH"},{"data":"Redo","floor":8,"key":"SMITH"},{"data":"Loop","floor":11,"key":"SMITH"},{"data":"Self Repair","floor":15,"key":"SMITH"},{"data":"Genetic Algorithm","floor":23,"key":"SMITH"},{"data":"Electrodynamics","floor":27,"key":"SMITH"},{"data":"Defragment","floor":29,"key":"SMITH"},{"floor":32,"key":"REST"},{"data":"Capacitor","floor":40,"key":"SMITH"}],"neow_cost":"NONE","seed_source_timestamp":1671227030859000,"circlet_count":0,"master_deck":["AscendersBane","Defend_B","Defend_B","Defend_B","Defend_B","Zap+1","Dualcast","Cold Snap","Self Repair+1","Redo+1","Steam","Cold Snap","Loop+1","Echo Form","Machine Learning","Genetic Algorithm+1","Electrodynamics+1","Coolheaded","Gash+1","Defragment+1","Capacitor+1","Loop+1","Biased Cognition","Gash+1","Defragment","Cold Snap+1"],"relics":["Cracked Core","DataDisk","Question Card","Gremlin Horn","Mercury Hourglass","Velvet Choker","Red Mask","Pen Nib","Blood Vial","Bottled Tornado","Empty Cage","Bag of Marbles"],"potions_floor_usage":[7,19,21,24,41],"damage_taken":[{"damage":3,"enemies":"2 Louse","floor":1,"turns":3},{"damage":1,"enemies":"Cultist","floor":3,"turns":3},{"damage":9,"enemies":"Small Slimes","floor":4,"turns":4},{"damage":15,"enemies":"2 Fungi Beasts","floor":5,"turns":5},{"damage":30,"enemies":"Gremlin Nob","floor":7,"turns":5},{"damage":0,"enemies":"3 Louse","floor":10,"turns":3},{"damage":7,"enemies":"Lagavulin","floor":13,"turns":8},{"damage":16,"enemies":"Hexaghost","floor":16,"turns":11},{"damage":7,"enemies":"Spheric Guardian","floor":18,"turns":6},{"damage":32,"enemies":"Masked Bandits","floor":19,"turns":4},{"damage":6,"enemies":"Shell Parasite","floor":20,"turns":7},{"damage":15,"enemies":"Centurion and Healer","floor":21,"turns":5},{"damage":16,"enemies":"Gremlin Leader","floor":24,"turns":5},{"damage":25,"enemies":"Book of Stabbing","floor":28,"turns":6},{"damage":0,"enemies":"Chosen and Byrds","floor":31,"turns":3},{"damage":27,"enemies":"Collector","floor":33,"turns":7},{"damage":14,"enemies":"Orb Walker","floor":35,"turns":5},{"damage":27,"enemies":"3 Darklings","floor":36,"turns":3},{"damage":15,"enemies":"Writhing Mass","floor":38,"turns":7},{"damage":12,"enemies":"Giant Head","floor":41,"turns":6},{"damage":50,"enemies":"Jaw Worm Horde","floor":42,"turns":3},{"damage":30,"enemies":"3 Darklings","floor":44,"turns":2}],"seed_played":"3600445060842906875","potions_obtained":[{"floor":1,"key":"Ancient Potion"},{"floor":10,"key":"Fire Potion"},{"floor":13,"key":"SpeedPotion"},{"floor":19,"key":"EssenceOfSteel"},{"floor":31,"key":"Ancient Potion"},{"floor":33,"key":"Explosive Potion"},{"floor":35,"key":"PowerPotion"}],"is_trial":false,"path_per_floor":["M","?","M","M","M","R","E","R","T","M","R","$","E","$","R","B",null,"M","?","M","M","?","R","E","?","T","R","E","R","$","M","R","B",null,"M","M","?","M","?","R","E","M","T","M"],"character_chosen":"DEFECT","items_purchased":["Capacitor"],"campfire_rested":1,"item_purchase_floors":[30],"current_hp_per_floor":[61,61,60,58,50,50,27,27,27,34,34,34,34,34,34,28,60,63,51,55,50,30,30,24,39,39,39,36,36,36,38,60,45,68,76,49,49,56,56,56,56,28,28,0],"gold":267,"neow_bonus":"RANDOM_COMMON_RELIC","is_prod":false,"is_daily":false,"chose_seed":false,"campfire_upgraded":8,"win_rate":0,"timestamp":1572384041,"path_taken":["M","?","M","M","?","R","E","R","T","M","R","$","E","?","R","BOSS","M","?","M","M","?","R","E","?","T","R","E","R","?","M","R","BOSS","M","M","?","M","?","R","E","M","T","M"],"build_version":"2019-07-17","purchased_purges":3,"victory":false,"max_hp_per_floor":[71,71,71,71,71,71,71,71,71,71,71,71,71,71,71,71,71,71,71,71,71,76,76,76,76,76,76,76,76,76,76,76,76,76,76,76,76,76,76,76,76,76,76,76],"card_choices":[{"not_picked":["FTL","Rebound"],"picked":"Cold Snap","floor":1},{"not_picked":["Steam Power","Beam Cell"],"picked":"Self Repair","floor":3},{"not_picked":["Leap","Compile Driver"],"picked":"Redo","floor":4},{"not_picked":["Go for the Eyes","Stack"],"picked":"Steam","floor":5},{"not_picked":["Streamline","Go for the Eyes"],"picked":"Cold Snap","floor":7},{"not_picked":["Stack","Go for the Eyes","Streamline"],"picked":"Loop","floor":10},{"not_picked":["Leap","Rip and Tear","Coolheaded"],"picked":"Echo Form","floor":13},{"not_picked":["Rainbow","Meteor Strike","Multi-Cast"],"picked":"Machine Learning","floor":16},{"not_picked":["Consume","Steam","Beam Cell"],"picked":"Genetic Algorithm","floor":18},{"not_picked":["Leap","Compile Driver","Rip and Tear"],"picked":"Electrodynamics","floor":20},{"not_picked":["Leap","Conserve Battery","Undo"],"picked":"Coolheaded","floor":21},{"not_picked":["Auto Shields+1","Sweeping Beam","Stack"],"picked":"Gash+1","floor":24},{"not_picked":["White Noise","Sweeping Beam","Steam Power"],"picked":"Defragment","floor":28},{"not_picked":["Tempest","Go for the Eyes","Skim+1"],"picked":"Loop","floor":31},{"not_picked":["Buffer","Creative AI","All For One"],"picked":"Biased Cognition","floor":33},{"not_picked":["Turbo+1","Darkness","Conserve Battery+1","Beam Cell"],"picked":"SKIP","floor":35},{"not_picked":["Streamline+1","Blizzard","Conserve Battery"],"picked":"Gash+1","floor":36},{"not_picked":["Storm+1","Stack+1","Rebound","Gash"],"picked":"SKIP","floor":38},{"not_picked":["Coolheaded","Conserve Battery","Capacitor"],"picked":"Defragment","floor":41},{"not_picked":["Coolheaded","Conserve Battery","Turbo+1"],"picked":"Cold Snap+1","floor":42}],"player_experience":681598,"relics_obtained":[{"floor":7,"key":"Question Card"},{"floor":9,"key":"Gremlin Horn"},{"floor":13,"key":"Mercury Hourglass"},{"floor":19,"key":"Red Mask"},{"floor":24,"key":"Pen Nib"},{"floor":26,"key":"Blood Vial"},{"floor":28,"key":"Bottled Tornado"},{"floor":41,"key":"Bag of Marbles"}],"event_choices":[{"damage_healed":0,"gold_gain":0,"player_choice":"Cursed","damage_taken":0,"max_hp_gain":0,"max_hp_loss":0,"event_name":"Wheel of Change","floor":2,"gold_loss":0,"cards_obtained":["Decay"]},{"damage_healed":0,"gold_gain":0,"player_choice":"Fought Bandits","damage_taken":0,"max_hp_gain":0,"max_hp_loss":0,"event_name":"Masked Bandits","floor":19,"gold_loss":0},{"damage_healed":0,"gold_gain":0,"player_choice":"Shed Blood","damage_taken":25,"max_hp_gain":5,"max_hp_loss":0,"event_name":"Forgotten Altar","floor":22,"gold_loss":0},{"damage_healed":15,"gold_gain":0,"player_choice":"Heal","damage_taken":0,"max_hp_gain":0,"max_hp_loss":0,"event_name":"The Library","floor":25,"gold_loss":0},{"damage_healed":0,"gold_gain":0,"player_choice":"Memory 1","damage_taken":0,"max_hp_gain":0,"max_hp_loss":0,"event_name":"SensoryStone","floor":37,"gold_loss":0},{"damage_healed":0,"gold_gain":0,"player_choice":"Upgraded","damage_taken":0,"max_hp_gain":0,"max_hp_loss":0,"event_name":"Upgrade Shrine","floor":39,"gold_loss":0,"cards_upgraded":["Loop"]}],"is_beta":false,"boss_relics":[{"not_picked":["Ectoplasm","FrozenCore"],"picked":"Velvet Choker"},{"not_picked":["Snecko Eye","Cursed Key"],"picked":"Empty Cage"}],"items_purged_floors":[12,14,30],"is_endless":false,"potions_floor_spawned":[1,10,13,19,31,33,35,38],"killed_by":"3 Darklings","ascension_level":17}