{"gold_per_floor":[114,114,124,135,145,170,201,213,225,265,227,239,279,302,314,428,440,462,454,481,120,135,162,162,197,197,212,212,222,238,338,338,442,442,453,120,133,150,51,51,51,51],"floor_reached":42,"playtime":3876,"items_purged":["Strike_R","Doubt","Doubt"],"score":587,"play_id":"bf36bf1c-6709-460d-b7e8-7b34c1f03c21","local_time":"20190507024733","is_ascension_mode":true,"campfire_choices":[{"data":"Bash","floor":8,"key":"SMITH"},{"floor":15,"key":"REST"},{"floor":24,"key":"REST"},{"data":"Bloodletting","floor":28,"key":"SMITH"},{"floor":32,"key":"REST"},{"floor":40,"key":"REST"}],"neow_cost":"NONE","seed_source_timestamp":101139902242619,"circlet_count":0,"master_deck":["Strike_R","Strike_R","Defend_R","Defend_R","Defend_R","Defend_R","Bash+1","Thunderclap","Headbutt","Bludgeon","Flex","Dropkick","Rampage","Whirlwind","Reaper","Rupture","Flex","Bloodletting+1","Anger+1","Dropkick","Heavy Blade","Warcry+1","Brutality","Body Slam+1","Shrug It Off","Flex+1","Clash+1","Anger+1"],"relics":["Burning Blood","MawBank","Gremlin Horn","Orichalcum","Nunchaku","Gambling Chip","Philosopher\u0027s Stone","FossilizedHelix","StoneCalendar","PreservedInsect","Bottled Tornado","Darkstone Periapt","Turnip","Calling Bell","Smiling Mask","Ornamental Fan","Champion Belt","Molten Egg 2"],"potions_floor_usage":[5,10,10,22,23,23,25,25,31,33,37,37,42],"damage_taken":[{"damage":0,"enemies":"2 Louse","floor":1,"turns":3},{"damage":0,"enemies":"Small Slimes","floor":3,"turns":3},{"damage":5,"enemies":"Cultist","floor":4,"turns":4},{"damage":0,"enemies":"Large Slime","floor":5,"turns":4},{"damage":6,"enemies":"Gremlin Nob","floor":6,"turns":3},{"damage":19,"enemies":"Blue Slaver","floor":7,"turns":3},{"damage":18,"enemies":"Lagavulin","floor":10,"turns":3},{"damage":25,"enemies":"3 Sentries","floor":13,"turns":6},{"damage":13,"enemies":"Exordium Thugs","floor":14,"turns":4},{"damage":0,"enemies":"Slime Boss","floor":16,"turns":5},{"damage":19,"enemies":"Shell Parasite","floor":18,"turns":4},{"damage":28,"enemies":"2 Thieves","floor":20,"turns":3},{"damage":0,"enemies":"Snake Plant","floor":22,"turns":3},{"damage":39,"enemies":"Book of Stabbing","floor":23,"turns":4},{"damage":0,"enemies":"Slavers","floor":25,"turns":2},{"damage":18,"enemies":"Centurion and Healer","floor":27,"turns":4},{"damage":11,"enemies":"Snecko","floor":29,"turns":3},{"damage":16,"enemies":"Snake Plant","floor":30,"turns":3},{"damage":17,"enemies":"Colosseum Slavers","floor":31,"turns":3},{"damage":0,"enemies":"Colosseum Nobs","floor":31,"turns":1},{"damage":61,"enemies":"Champ","floor":33,"turns":7},{"damage":23,"enemies":"3 Shapes","floor":35,"turns":7},{"damage":48,"enemies":"3 Darklings","floor":37,"turns":6},{"damage":57,"enemies":"Sphere and 2 Shapes","floor":38,"turns":6},{"damage":45,"enemies":"Nemesis","floor":42,"turns":2}],"seed_played":"-5976195225086925285","potions_obtained":[{"floor":0,"key":"EssenceOfSteel"},{"floor":0,"key":"Swift Potion"},{"floor":0,"key":"SkillPotion"},{"floor":1,"key":"AttackPotion"},{"floor":5,"key":"FearPotion"},{"floor":10,"key":"FearPotion"},{"floor":16,"key":"SpeedPotion"},{"floor":19,"key":"PowerPotion"},{"floor":22,"key":"Poison Potion"},{"floor":23,"key":"Block Potion"},{"floor":27,"key":"Explosive Potion"},{"floor":31,"key":"Fire Potion"},{"floor":33,"key":"SteroidPotion"},{"floor":35,"key":"GamblersBrew"},{"floor":38,"key":"GamblersBrew"}],"is_trial":false,"path_per_floor":["M","?","M","M","M","E","M","R","T","E","?","?","E","M","R","B",null,"M","?","M","$","M","E","R","E","T","M","R","M","M","?","R","B",null,"M","$","M","M","$","R","?","E"],"character_chosen":"IRONCLAD","items_purchased":["FossilizedHelix","Shrug It Off","Molten Egg 2","Anger+1"],"campfire_rested":4,"item_purchase_floors":[21,36,36,39],"current_hp_per_floor":[80,73,79,80,80,80,67,67,67,55,55,55,36,29,53,59,80,73,73,57,57,63,39,63,69,69,63,63,64,54,55,79,36,98,81,81,54,8,8,37,37,0],"gold":51,"neow_bonus":"THREE_SMALL_POTIONS","is_prod":false,"is_daily":false,"chose_seed":false,"campfire_upgraded":2,"win_rate":0,"timestamp":1557222453,"path_taken":["M","?","M","M","M","E","M","R","T","E","?","?","E","M","R","BOSS","M","?","?","$","M","E","R","E","T","M","R","M","M","?","R","BOSS","M","$","M","M","$","R","?","E"],"build_version":"2019-01-23","purchased_purges":3,"victory":false,"max_hp_per_floor":[80,80,80,80,80,80,80,80,80,80,80,80,80,80,80,80,80,80,80,80,80,80,80,80,80,80,80,80,80,80,80,80,80,98,98,98,98,98,98,98,98,98],"card_choices":[{"not_picked":["Rampage","Headbutt"],"picked":"Thunderclap","floor":1},{"not_picked":["True Grit","Corruption"],"picked":"Headbutt","floor":3},{"not_picked":["Perfected Strike","Armaments"],"picked":"Bludgeon","floor":4},{"not_picked":["Dropkick","Body Slam"],"picked":"Flex","floor":5},{"not_picked":["Clash","Wild Strike"],"picked":"Dropkick","floor":6},{"not_picked":["Clash","Anger","True Grit"],"picked":"SKIP","floor":7},{"not_picked":["Feel No Pain","Juggernaut"],"picked":"Rampage","floor":10},{"not_picked":["Sever Soul","Infernal Blade"],"picked":"Whirlwind","floor":13},{"not_picked":["Thunderclap","Twin Strike","Clothesline"],"picked":"SKIP","floor":14},{"not_picked":["Bludgeon","Immolate"],"picked":"Reaper","floor":16},{"not_picked":["Wild Strike","Perfected Strike"],"picked":"Rupture","floor":18},{"not_picked":["Iron Wave","Cleave"],"picked":"Flex","floor":20},{"not_picked":["Pommel Strike+1","Armaments+1"],"picked":"Bloodletting","floor":22},{"not_picked":["Uppercut","Spot Weakness"],"picked":"Anger+1","floor":23},{"not_picked":["Iron Wave","Clothesline","Perfected Strike"],"picked":"SKIP","floor":25},{"not_picked":["Wild Strike","Blood for Blood"],"picked":"Dropkick","floor":27},{"not_picked":["Warcry","Headbutt+1"],"picked":"Heavy Blade","floor":29},{"not_picked":["Sword Boomerang","Sentinel","Pommel Strike"],"picked":"SKIP","floor":30},{"not_picked":["Cleave","Twin Strike"],"picked":"Warcry+1","floor":31},{"not_picked":["Exhume","Offering"],"picked":"Brutality","floor":33},{"not_picked":["Anger","Clash"],"picked":"Body Slam+1","floor":35},{"not_picked":["Pommel Strike+1","Iron Wave+1"],"picked":"Flex+1","floor":37},{"not_picked":["Havoc+1","Armaments"],"picked":"Clash+1","floor":38}],"player_experience":120122,"relics_obtained":[{"floor":6,"key":"MawBank"},{"floor":9,"key":"Gremlin Horn"},{"floor":10,"key":"Orichalcum"},{"floor":13,"key":"Gambling Chip"},{"floor":23,"key":"StoneCalendar"},{"floor":25,"key":"PreservedInsect"},{"floor":26,"key":"Bottled Tornado"},{"floor":31,"key":"Darkstone Periapt"},{"floor":31,"key":"Turnip"},{"floor":34,"key":"Smiling Mask"},{"floor":34,"key":"Ornamental Fan"},{"floor":34,"key":"Champion Belt"}],"event_choices":[{"cards_removed":["Strike_R"],"damage_healed":0,"gold_gain":0,"player_choice":"Card Removal","damage_taken":7,"max_hp_gain":0,"max_hp_loss":0,"event_name":"Golden Wing","floor":2,"gold_loss":0},{"cards_removed":["Strike_R"],"damage_healed":0,"gold_gain":0,"player_choice":"Card Removal","damage_taken":0,"max_hp_gain":0,"max_hp_loss":0,"event_name":"The Cleric","floor":11,"gold_loss":50},{"damage_healed":0,"gold_gain":0,"player_choice":"Searched \u00271\u0027 times","damage_taken":0,"relics_obtained":["Nunchaku"],"max_hp_gain":0,"max_hp_loss":0,"event_name":"Dead Adventurer","floor":12,"gold_loss":0},{"damage_healed":0,"gold_gain":0,"player_choice":"Bought 1 Potion","damage_taken":0,"max_hp_gain":0,"max_hp_loss":0,"event_name":"The Woman in Blue","floor":19,"gold_loss":0},{"damage_healed":0,"gold_gain":0,"player_choice":"Fight","damage_taken":0,"max_hp_gain":0,"max_hp_loss":0,"event_name":"Colosseum","floor":31,"gold_loss":0},{"damage_healed":0,"gold_gain":0,"player_choice":"Fought Nobs","damage_taken":0,"max_hp_gain":0,"max_hp_loss":0,"event_name":"Colosseum","floor":31,"gold_loss":0},{"cards_removed":["Shame"],"damage_healed":0,"gold_gain":0,"player_choice":"Removed Curses","damage_taken":0,"max_hp_gain":0,"max_hp_loss":0,"event_name":"Fountain of Cleansing","floor":41,"gold_loss":0}],"is_beta":false,"boss_relics":[{"not_picked":["Runic Dome","Fusion Hammer"],"picked":"Philosopher\u0027s Stone"},{"not_picked":["Sozu","Black Blood"],"picked":"Calling Bell"}],"items_purged_floors":[21,36,39],"is_endless":false,"potions_floor_spawned":[1,3,5,10,16,22,23,27,31,33,35,38],"killed_by":"Nemesis","ascension_level":1}