{"gold_per_floor":[119,133,233,243,254,282,294,326,326,93,93,93,126,149,149,277,277,291,22,22,22,22,56,56,87,87,110,110,110],"floor_reached":29,"playtime":1632,"items_purged":[],"score":295,"play_id":"40640d81-3eb6-419e-a501-c71fc48c3672","local_time":"20190906011421","is_ascension_mode":true,"campfire_choices":[{"floor":12,"key":"REST"},{"floor":15,"key":"REST"}],"neow_cost":"NONE","seed_source_timestamp":865520189118500,"circlet_count":0,"master_deck":["Zap","Dualcast","Turbo","Redo","Coolheaded","Melter","Beam Cell","Static Discharge","White Noise","Rebound","Creative AI","Rebound","Static Discharge","Multi-Cast","Sweeping Beam","Electrodynamics","Barrage","Hello World","Auto Shields","Chaos","Conserve Battery","Stack","Lockon","Reinforced Body"],"relics":["Cracked Core","Boot","Pantograph","DataDisk","MealTicket","Golden Idol","Orichalcum","Pandora\u0027s Box","Membership Card","Potion Belt","Nilry\u0027s Codex","Mercury Hourglass","Pen Nib","Sundial","Blue Candle"],"potions_floor_usage":[5,6,8,16,25,25,27],"damage_taken":[{"damage":1,"enemies":"Jaw Worm","floor":1,"turns":3},{"damage":1,"enemies":"Cultist","floor":2,"turns":3},{"damage":1,"enemies":"2 Louse","floor":4,"turns":2},{"damage":0,"enemies":"Large Slime","floor":5,"turns":3},{"damage":33,"enemies":"Lagavulin","floor":6,"turns":6},{"damage":5,"enemies":"Exordium Wildlife","floor":7,"turns":4},{"damage":6,"enemies":"Gremlin Nob","floor":8,"turns":3},{"damage":32,"enemies":"Lagavulin","floor":13,"turns":5},{"damage":5,"enemies":"Looter","floor":14,"turns":2},{"damage":33,"enemies":"Hexaghost","floor":16,"turns":6},{"damage":0,"enemies":"Spheric Guardian","floor":18,"turns":3},{"damage":46,"enemies":"Slavers","floor":23,"turns":3},{"damage":15,"enemies":"Gremlin Leader","floor":25,"turns":5},{"damage":2,"enemies":"2 Thieves","floor":27,"turns":3},{"damage":23,"enemies":"Book of Stabbing","floor":29,"turns":6}],"seed_played":"6639265857790783243","potions_obtained":[{"floor":0,"key":"Fire Potion"},{"floor":0,"key":"Fire Potion"},{"floor":0,"key":"FairyPotion"},{"floor":6,"key":"Poison Potion"},{"floor":8,"key":"SteroidPotion"},{"floor":14,"key":"Swift Potion"},{"floor":16,"key":"LiquidBronze"},{"floor":23,"key":"Block Potion"},{"floor":25,"key":"Block Potion"}],"is_trial":false,"path_per_floor":["M","M","?","M","M","E","M","E","T","$","?","R","E","M","R","B",null,"M","$","?","$","?","E","?","E","T","M","?","E"],"character_chosen":"DEFECT","items_purchased":["White Noise","MealTicket","Membership Card","Potion Belt"],"campfire_rested":2,"item_purchase_floors":[10,10,19,19],"current_hp_per_floor":[74,73,73,72,72,39,34,28,28,28,28,50,18,13,35,27,75,75,75,59,74,74,28,28,13,13,11,11,0],"gold":110,"neow_bonus":"THREE_SMALL_POTIONS","is_prod":false,"is_daily":false,"chose_seed":false,"campfire_upgraded":0,"win_rate":0,"timestamp":1567757661,"path_taken":["M","M","?","?","M","E","M","E","T","$","?","R","E","M","R","BOSS","M","$","?","$","?","E","?","E","T","?","?","E"],"build_version":"2019-07-17","purchased_purges":0,"victory":false,"max_hp_per_floor":[75,75,75,75,75,75,75,75,75,75,75,75,75,75,75,75,75,75,75,75,75,75,75,75,75,75,75,75,75],"card_choices":[{"not_picked":["Rebound","Chaos"],"picked":"Turbo","floor":1},{"not_picked":["Compile Driver","Streamline"],"picked":"Redo","floor":2},{"not_picked":["Go for the Eyes","Glacier"],"picked":"Sweeping Beam","floor":4},{"not_picked":["Gash","Double Energy"],"picked":"Coolheaded","floor":5},{"not_picked":["Beam Cell","Gash"],"picked":"Melter","floor":6},{"not_picked":["Compile Driver","Double Energy"],"picked":"Beam Cell","floor":7},{"not_picked":["FTL","Hologram"],"picked":"Static Discharge","floor":8},{"not_picked":["Redo","Compile Driver"],"picked":"Rebound","floor":13},{"not_picked":["Steam Power","Turbo","Sweeping Beam"],"picked":"SKIP","floor":14},{"not_picked":["All For One","Meteor Strike"],"picked":"Creative AI","floor":16},{"not_picked":["White Noise","Compile Driver"],"picked":"Chaos","floor":18},{"not_picked":["Chaos","Compile Driver"],"picked":"Stack","floor":23},{"not_picked":["Go for the Eyes","Compile Driver"],"picked":"Lockon","floor":25},{"not_picked":["Conserve Battery+1","Coolheaded"],"picked":"Reinforced Body","floor":27}],"player_experience":267621,"relics_obtained":[{"floor":6,"key":"Boot"},{"floor":8,"key":"Pantograph"},{"floor":9,"key":"DataDisk"},{"floor":13,"key":"Orichalcum"},{"floor":20,"key":"Nilry\u0027s Codex"},{"floor":23,"key":"Mercury Hourglass"},{"floor":25,"key":"Sundial"},{"floor":26,"key":"Blue Candle"}],"event_choices":[{"damage_healed":0,"gold_gain":100,"player_choice":"Gold","damage_taken":0,"max_hp_gain":0,"max_hp_loss":0,"event_name":"Wheel of Change","floor":3,"gold_loss":0},{"damage_healed":0,"gold_gain":0,"player_choice":"Take Wound","damage_taken":0,"relics_obtained":["Golden Idol"],"max_hp_gain":0,"max_hp_loss":0,"event_name":"Golden Idol","floor":11,"gold_loss":0,"cards_obtained":["Injury"]},{"damage_healed":0,"gold_gain":0,"player_choice":"Obtained Book","damage_taken":16,"max_hp_gain":0,"max_hp_loss":0,"event_name":"Cursed Tome","floor":20,"gold_loss":0},{"damage_healed":0,"gold_gain":0,"player_choice":"Read","damage_taken":0,"max_hp_gain":0,"max_hp_loss":0,"event_name":"The Library","floor":22,"gold_loss":0,"cards_obtained":["Conserve Battery"]},{"cards_removed":["Sweeping Beam"],"damage_healed":0,"gold_gain":0,"player_choice":"Gave Card","damage_taken":0,"relics_obtained":["Pen Nib"],"max_hp_gain":0,"max_hp_loss":0,"event_name":"WeMeetAgain","floor":24,"gold_loss":0},{"cards_removed":["Injury"],"damage_healed":0,"gold_gain":0,"player_choice":"Elegance","damage_taken":0,"max_hp_gain":0,"max_hp_loss":0,"event_name":"Back to Basics","floor":28,"gold_loss":0}],"is_beta":false,"boss_relics":[{"not_picked":["Cursed Key","Eternal Feather"],"picked":"Pandora\u0027s Box"}],"items_purged_floors":[],"is_endless":false,"potions_floor_spawned":[1,6,8,14,16,23,25],"killed_by":"Book of Stabbing","ascension_level":1}