{"gold_per_floor":[116,116,116,24,199,230,242,242,267,282,282,299,327,337,337,434,434,449,468,468,271,289,289,326,326,351,351,373,10,10,10,10,115,115,135,163,163,182,204,241,23,23,46,70,70,96,115,149,149,149],"floor_reached":51,"playtime":3451,"items_purged":["Doubt"],"score":912,"play_id":"1a98fc78-caa4-47da-86c9-582163875dc9","local_time":"20191029003656","is_ascension_mode":false,"campfire_choices":[{"data":"Bash","floor":8,"key":"SMITH"},{"data":"Barricade","floor":15,"key":"SMITH"},{"data":"Metallicize","floor":23,"key":"SMITH"},{"data":"Body Slam","floor":25,"key":"SMITH"},{"data":"Pommel Strike","floor":27,"key":"SMITH"},{"data":"Entrench","floor":30,"key":"SMITH"},{"data":"Offering","floor":32,"key":"SMITH"},{"data":"Flame Barrier","floor":42,"key":"SMITH"},{"data":"Rupture","floor":49,"key":"SMITH"}],"neow_cost":"NONE","seed_source_timestamp":259097948123900,"circlet_count":0,"master_deck":["Defend_R","Defend_R","Defend_R","Bash+1","Spot Weakness","Double Tap","Fire Breathing","Feed","Cleave","Flame Barrier+1","Offering+1","Barricade+1","Pommel Strike+1","Feed","Disarm+1","Armaments+1","Bite","Bite","Bite","Bite","Bite","Shrug It Off","Metallicize+1","Body Slam+1","Entrench+1","Reaper","Juggernaut","Shockwave+1","Combust","Ghostly Armor","Metallicize+1","Warcry+1","Ghostly Armor","Parasite","Seeing Red","Rupture+1","Heavy Blade+1"],"relics":["Burning Blood","NeowsBlessing","Toy Ornithopter","Bag of Marbles","Pocketwatch","Mark of Pain","CeramicFish","Happy Flower","Magic Flower","NlothsMask","SacredBark","Bottled Flame","Frozen Eye","Self Forming Clay"],"potions_floor_usage":[13,16,16,18,24,33,38,38,47,50,50],"damage_taken":[{"damage":0,"enemies":"Jaw Worm","floor":1,"turns":1},{"damage":4,"enemies":"3 Sentries","floor":6,"turns":3},{"damage":1,"enemies":"2 Louse","floor":7,"turns":3},{"damage":0,"enemies":"Small Slimes","floor":10,"turns":2},{"damage":10,"enemies":"Looter","floor":12,"turns":3},{"damage":10,"enemies":"Lagavulin","floor":13,"turns":6},{"damage":0,"enemies":"Lots of Slimes","floor":14,"turns":1},{"damage":54,"enemies":"The Guardian","floor":16,"turns":9},{"damage":5,"enemies":"2 Thieves","floor":18,"turns":3},{"damage":16,"enemies":"Chosen","floor":19,"turns":4},{"damage":35,"enemies":"Shelled Parasite and Fungi","floor":22,"turns":9},{"damage":22,"enemies":"Slavers","floor":24,"turns":8},{"damage":12,"enemies":"Snake Plant","floor":28,"turns":6},{"damage":6,"enemies":"Champ","floor":33,"turns":10},{"damage":20,"enemies":"Orb Walker","floor":35,"turns":5},{"damage":13,"enemies":"3 Shapes","floor":36,"turns":4},{"damage":51,"enemies":"Spire Growth","floor":38,"turns":5},{"damage":18,"enemies":"4 Shapes","floor":39,"turns":7},{"damage":10,"enemies":"Giant Head","floor":40,"turns":10},{"damage":16,"enemies":"Writhing Mass","floor":44,"turns":6},{"damage":30,"enemies":"Spire Growth","floor":46,"turns":6},{"damage":19,"enemies":"4 Shapes","floor":47,"turns":4},{"damage":71,"enemies":"Nemesis","floor":48,"turns":9},{"damage":110,"enemies":"Donu and Deca","floor":50,"turns":11}],"seed_played":"6604373076652577564","potions_obtained":[{"floor":10,"key":"Weak Potion"},{"floor":12,"key":"FearPotion"},{"floor":13,"key":"Weak Potion"},{"floor":16,"key":"Fire Potion"},{"floor":18,"key":"Fire Potion"},{"floor":24,"key":"Fire Potion"},{"floor":28,"key":"DistilledChaos"},{"floor":35,"key":"AttackPotion"},{"floor":46,"key":"Energy Potion"},{"floor":47,"key":"ColorlessPotion"}],"is_trial":false,"path_per_floor":["M","?","?","$","?","E","M","R","T","M","?","M","E","M","R","B",null,"M","M","?","$","M","R","E","R","T","R","M","$","R","?","R","B",null,"M","M","?","M","M","E","$","R","T","M","?","M","M","E","R","B",null],"character_chosen":"IRONCLAD","items_purchased":["Fire Breathing","PowerPotion","Shrug It Off","Metallicize","Magic Flower","Reaper","Frozen Eye","Ghostly Armor"],"campfire_rested":0,"item_purchase_floors":[4,4,21,21,29,29,41,41],"current_hp_per_floor":[80,80,73,73,73,75,83,83,83,86,91,90,90,97,97,52,100,103,93,72,72,74,74,85,85,85,85,88,88,88,88,88,93,93,91,96,96,77,102,105,105,105,105,105,100,96,107,68,68,24],"gold":149,"neow_bonus":"THREE_ENEMY_KILL","is_prod":false,"is_daily":false,"chose_seed":false,"campfire_upgraded":9,"win_rate":0.0,"timestamp":1572334616,"path_taken":["M","?","?","$","?","E","M","R","T","M","?","M","E","M","R","BOSS","M","M","?","$","M","R","E","R","T","R","M","$","R","?","R","BOSS","M","?","?","M","M","E","$","R","T","M","?","M","M","E","R","BOSS"],"build_version":"2019-10-28","purchased_purges":1,"victory":true,"max_hp_per_floor":[80,80,80,80,80,80,83,83,83,86,91,94,94,97,97,100,100,103,103,72,72,78,78,86,86,86,86,89,89,89,89,89,93,93,93,96,96,96,102,105,105,105,105,105,100,100,107,110,110,110],"card_choices":[{"not_picked":["Clothesline","Cleave"],"picked":"Spot Weakness","floor":1},{"not_picked":["Rage","Shockwave"],"picked":"Feed","floor":6},{"not_picked":["Sever Soul","Headbutt"],"picked":"Cleave","floor":7},{"not_picked":["Inflame","Warcry"],"picked":"Flame Barrier","floor":10},{"not_picked":["Sever Soul","Heavy Blade"],"picked":"Offering","floor":12},{"not_picked":["Warcry","Feel No Pain"],"picked":"Barricade","floor":13},{"not_picked":["Uppercut","True Grit"],"picked":"Pommel Strike","floor":14},{"not_picked":["Brutality","Offering"],"picked":"Feed","floor":16},{"not_picked":["Infernal Blade","Twin Strike"],"picked":"Disarm+1","floor":18},{"not_picked":["Inflame","True Grit"],"picked":"Armaments+1","floor":19},{"not_picked":["Headbutt","Twin Strike","Armaments"],"picked":"SKIP","floor":22},{"not_picked":["Rupture","Sword Boomerang"],"picked":"Body Slam","floor":24},{"not_picked":["Whirlwind","Perfected Strike"],"picked":"Entrench","floor":28},{"not_picked":["Bludgeon","Limit Break"],"picked":"Juggernaut","floor":33},{"not_picked":["Thunderclap+1","Iron Wave"],"picked":"Shockwave+1","floor":35},{"not_picked":["Clash","Pommel Strike+1"],"picked":"Combust","floor":36},{"not_picked":["Seeing Red+1","Flex+1"],"picked":"Ghostly Armor","floor":38},{"not_picked":["Headbutt","Body Slam+1"],"picked":"Metallicize+1","floor":39},{"not_picked":["Anger","Cleave"],"picked":"Warcry+1","floor":40},{"not_picked":["Seeing Red","Carnage","Ghostly Armor+1"],"picked":"SKIP","floor":44},{"not_picked":["Cleave+1","Perfected Strike"],"picked":"Seeing Red","floor":46},{"not_picked":["Shockwave+1","Brutality"],"picked":"Rupture","floor":47},{"not_picked":["Twin Strike+1","Ghostly Armor"],"picked":"Heavy Blade+1","floor":48}],"player_experience":74727,"relics_obtained":[{"floor":6,"key":"Toy Ornithopter"},{"floor":9,"key":"Bag of Marbles"},{"floor":13,"key":"Pocketwatch"},{"floor":24,"key":"CeramicFish"},{"floor":26,"key":"Happy Flower"},{"floor":40,"key":"Bottled Flame"},{"floor":48,"key":"Self Forming Clay"}],"event_choices":[{"damage_healed":0,"gold_gain":0,"cards_transformed":["Strike_R"],"player_choice":"Change","damage_taken":0,"max_hp_gain":0,"max_hp_loss":0,"event_name":"Living Wall","floor":2,"gold_loss":0,"cards_obtained":["Double Tap"]},{"cards_removed":["Strike_R"],"damage_healed":0,"gold_gain":0,"player_choice":"Card Removal","damage_taken":7,"max_hp_gain":0,"max_hp_loss":0,"event_name":"Golden Wing","floor":3,"gold_loss":0},{"damage_healed":0,"gold_gain":175,"player_choice":"AGREE","damage_taken":0,"max_hp_gain":0,"max_hp_loss":0,"event_name":"Liars Game","floor":5,"gold_loss":0,"cards_obtained":["Doubt"]},{"damage_healed":0,"gold_gain":0,"player_choice":"Donut","damage_taken":0,"max_hp_gain":5,"max_hp_loss":0,"event_name":"Big Fish","floor":11,"gold_loss":0},{"damage_healed":0,"gold_gain":0,"player_choice":"Became a vampire","damage_taken":0,"max_hp_gain":0,"max_hp_loss":31,"event_name":"Vampires","floor":20,"gold_loss":0,"cards_obtained":["Bite","Bite","Bite","Bite","Bite"]},{"damage_healed":0,"gold_gain":0,"player_choice":"Trade","damage_taken":0,"relics_obtained":["NlothsMask"],"max_hp_gain":0,"max_hp_loss":0,"event_name":"FaceTrader","floor":31,"gold_loss":0},{"cards_removed":["Defend_R"],"damage_healed":0,"gold_gain":0,"player_choice":"Removed Skill","damage_taken":0,"max_hp_gain":0,"max_hp_loss":0,"event_name":"Falling","floor":37,"gold_loss":0},{"damage_healed":0,"gold_gain":0,"player_choice":"Max HP","damage_taken":0,"max_hp_gain":0,"max_hp_loss":5,"event_name":"Winding Halls","floor":45,"gold_loss":0}],"is_beta":true,"boss_relics":[{"not_picked":["Runic Dome","Cursed Key"],"picked":"Mark of Pain"},{"not_picked":["SlaversCollar","Black Star"],"picked":"SacredBark"}],"items_purged_floors":[21],"is_endless":false,"potions_floor_spawned":[10,12,13,16,18,24,28,35,36,46,47],"ascension_level":0}