{"gold_per_floor":[110,129,142,142,142,142,180,201,201,201,244,244],"floor_reached":12,"playtime":535,"items_purged":[],"score":101,"play_id":"2b6a3e2d-5024-4279-a316-fa15ac2b5b64","local_time":"20191006213802","is_ascension_mode":true,"campfire_choices":[{"floor":6,"key":"REST"}],"neow_cost":"NONE","seed_source_timestamp":1717654275558300,"circlet_count":0,"master_deck":["Strike_R","Strike_R","Strike_R","Strike_R","Strike_R","Defend_R","Defend_R","Defend_R","Defend_R","Bash","Rampage","Rupture","Flame Barrier","Sentinel","Evolve","Metallicize"],"relics":["Burning Blood","Golden Idol","Molten Egg 2","Darkstone Periapt","Paper Frog","Centennial Puzzle"],"potions_floor_usage":[7,7,11],"damage_taken":[{"damage":13,"enemies":"2 Louse","floor":1,"turns":3},{"damage":13,"enemies":"Jaw Worm","floor":2,"turns":4},{"damage":7,"enemies":"Small Slimes","floor":3,"turns":3},{"damage":30,"enemies":"3 Sentries","floor":7,"turns":11},{"damage":6,"enemies":"Looter","floor":8,"turns":3},{"damage":36,"enemies":"Lagavulin","floor":11,"turns":9},{"damage":22,"enemies":"Gremlin Gang","floor":12,"turns":3}],"seed_played":"7190684526007992412","potions_obtained":[{"floor":0,"key":"EntropicBrew"},{"floor":0,"key":"Energy Potion"},{"floor":0,"key":"Strength Potion"},{"floor":7,"key":"SkillPotion"},{"floor":11,"key":"Strength Potion"}],"is_trial":false,"path_per_floor":["M","M","M","?","?","R","E","M","T","T","E","M"],"character_chosen":"IRONCLAD","items_purchased":[],"campfire_rested":1,"item_purchase_floors":[],"current_hp_per_floor":[73,66,65,65,58,80,56,56,56,56,26,4],"gold":244,"neow_bonus":"THREE_SMALL_POTIONS","is_prod":false,"is_daily":false,"chose_seed":false,"campfire_upgraded":0,"win_rate":0,"timestamp":1570423082,"path_taken":["M","M","M","?","?","R","E","M","T","?","E","M"],"build_version":"2019-07-17","purchased_purges":0,"victory":false,"max_hp_per_floor":[80,80,80,80,80,80,80,80,80,80,80,80],"card_choices":[{"not_picked":["Infernal Blade","Clash"],"picked":"Rampage","floor":1},{"not_picked":["Rage","Infernal Blade"],"picked":"Rupture","floor":2},{"not_picked":["Flex","Armaments"],"picked":"Flame Barrier","floor":3},{"not_picked":["Iron Wave","Berserk"],"picked":"Sentinel","floor":7},{"not_picked":["Rupture","Flame Barrier"],"picked":"Evolve","floor":8},{"not_picked":["Shrug It Off","Wild Strike+1"],"picked":"Metallicize","floor":11}],"player_experience":281455,"relics_obtained":[{"floor":7,"key":"Molten Egg 2"},{"floor":9,"key":"Darkstone Periapt"},{"floor":10,"key":"Paper Frog"},{"floor":11,"key":"Centennial Puzzle"}],"event_choices":[{"damage_healed":0,"gold_gain":0,"player_choice":"Take Wound","damage_taken":0,"relics_obtained":["Golden Idol"],"max_hp_gain":0,"max_hp_loss":0,"event_name":"Golden Idol","floor":4,"gold_loss":0,"cards_obtained":["Injury"]},{"cards_removed":["Injury"],"damage_healed":0,"gold_gain":0,"player_choice":"Card Removal","damage_taken":7,"max_hp_gain":0,"max_hp_loss":0,"event_name":"Golden Wing","floor":5,"gold_loss":0}],"is_beta":false,"boss_relics":[],"items_purged_floors":[],"is_endless":false,"potions_floor_spawned":[1,7,11],"killed_by":"Gremlin Gang","ascension_level":3}