{"gold_per_floor":[116,28,106,117,117,146,159,173,173,191,205,240,240,240],"floor_reached":14,"playtime":495,"items_purged":[],"score":235,"play_id":"ef12435e-a6f3-4800-8e4f-454ddd1e0a29","local_time":"20191030043054","is_ascension_mode":true,"campfire_choices":[{"data":"Sunder","floor":13,"key":"SMITH"}],"neow_cost":"NONE","seed_source_timestamp":1713419315057900,"circlet_count":0,"master_deck":["AscendersBane","Strike_B","Strike_B","Strike_B","Strike_B","Defend_B","Defend_B","Defend_B","Defend_B","Zap","Dualcast","Go for the Eyes","Sunder+1","Conserve Battery","Gash","Rebound","Biased Cognition","Gash","Self Repair","Biased Cognition"],"relics":["Cracked Core","NeowsBlessing","Dead Branch","Bird Faced Urn","WingedGreaves"],"potions_floor_usage":[8,11],"damage_taken":[{"damage":0,"enemies":"Small Slimes","floor":1,"turns":1},{"damage":0,"enemies":"2 Louse","floor":4,"turns":1},{"damage":0,"enemies":"3 Sentries","floor":6,"turns":1},{"damage":7,"enemies":"Jaw Worm","floor":7,"turns":4},{"damage":13,"enemies":"Large Slime","floor":8,"turns":3},{"damage":6,"enemies":"2 Fungi Beasts","floor":10,"turns":3},{"damage":8,"enemies":"Exordium Wildlife","floor":11,"turns":3},{"damage":31,"enemies":"Lagavulin","floor":12,"turns":8},{"damage":33,"enemies":"Exordium Thugs","floor":14,"turns":4}],"seed_played":"4263366911142660653","potions_obtained":[{"floor":4,"key":"SkillPotion"},{"floor":6,"key":"SkillPotion"},{"floor":7,"key":"Regen Potion"}],"is_trial":false,"path_per_floor":["M","$","?","M","?","E","M","M","T","M","M","E","R","M"],"character_chosen":"DEFECT","items_purchased":["Sunder"],"campfire_rested":0,"item_purchase_floors":[2],"current_hp_per_floor":[64,64,64,64,64,64,57,53,53,49,41,21,21,0],"gold":240,"neow_bonus":"THREE_ENEMY_KILL","is_prod":false,"is_daily":false,"chose_seed":false,"campfire_upgraded":1,"win_rate":0,"timestamp":1572424254,"path_taken":["M","$","?","M","?","E","M","M","T","?","M","E","R","M"],"build_version":"2019-07-17","purchased_purges":0,"victory":false,"max_hp_per_floor":[71,71,71,71,71,71,71,71,71,71,71,71,71,71],"card_choices":[{"not_picked":["Coolheaded","Barrage"],"picked":"Go for the Eyes","floor":1},{"not_picked":["Beam Cell","Turbo"],"picked":"Conserve Battery","floor":4},{"not_picked":["Hologram","Hello World"],"picked":"Gash","floor":6},{"not_picked":["Chaos","Go for the Eyes"],"picked":"Rebound","floor":7},{"not_picked":["Skim","Redo"],"picked":"Biased Cognition","floor":8},{"not_picked":["Sweeping Beam","Barrage"],"picked":"Gash","floor":10},{"not_picked":["Tempest","Auto Shields"],"picked":"Self Repair","floor":11},{"not_picked":["Turbo","Consume"],"picked":"Biased Cognition","floor":12}],"player_experience":707040,"relics_obtained":[{"floor":6,"key":"Dead Branch"},{"floor":9,"key":"Bird Faced Urn"},{"floor":12,"key":"WingedGreaves"}],"event_choices":[{"damage_healed":0,"gold_gain":78,"player_choice":"Gained Gold","damage_taken":0,"max_hp_gain":0,"max_hp_loss":0,"event_name":"Golden Wing","floor":3,"gold_loss":0},{"damage_healed":0,"gold_gain":0,"player_choice":"Ignored","damage_taken":0,"max_hp_gain":0,"max_hp_loss":0,"event_name":"Liars Game","floor":5,"gold_loss":0}],"is_beta":false,"boss_relics":[],"items_purged_floors":[],"is_endless":false,"potions_floor_spawned":[4,6,7],"killed_by":"Exordium Thugs","ascension_level":17}