{"gold_per_floor":[116,128,147,161,161,161,197,122,201,201],"floor_reached":10,"playtime":228,"items_purged":["Strike_B"],"score":68,"play_id":"abf8a421-ebb3-4566-b444-f10dc9fa1089","local_time":"20191025162405","is_ascension_mode":false,"campfire_choices":[{"data":"Reinforced Body","floor":6,"key":"SMITH"}],"neow_cost":"NONE","seed_source_timestamp":1324428226930100,"circlet_count":0,"master_deck":["Strike_B","Strike_B","Strike_B","Defend_B","Defend_B","Defend_B","Defend_B","Zap","Dualcast","Madness","Reinforced Body+1","Leap","Sweeping Beam","Compile Driver","Defragment"],"relics":["Cracked Core","Golden Idol","Turnip","Gremlin Horn"],"potions_floor_usage":[7],"damage_taken":[{"damage":3,"enemies":"Jaw Worm","floor":1,"turns":3},{"damage":2,"enemies":"2 Louse","floor":2,"turns":2},{"damage":0,"enemies":"Cultist","floor":3,"turns":4},{"damage":0,"enemies":"2 Fungi Beasts","floor":4,"turns":3},{"damage":13,"enemies":"3 Sentries","floor":7,"turns":6},{"damage":39,"enemies":"Gremlin Nob","floor":10,"turns":4}],"seed_played":"-7837390839475573873","potions_obtained":[{"floor":2,"key":"Ancient Potion"},{"floor":4,"key":"Fire Potion"}],"is_trial":false,"path_per_floor":["M","M","M","M","?","R","E","$","T","E"],"character_chosen":"DEFECT","items_purchased":[],"campfire_rested":0,"item_purchase_floors":[],"current_hp_per_floor":[72,70,70,70,52,52,39,39,39,0],"gold":201,"neow_bonus":"RANDOM_COLORLESS","is_prod":false,"is_daily":false,"chose_seed":false,"campfire_upgraded":1,"win_rate":0,"timestamp":1572035045,"path_taken":["M","M","M","M","?","R","E","$","T","E"],"build_version":"2019-07-17","purchased_purges":1,"victory":false,"max_hp_per_floor":[75,75,75,75,75,75,75,75,75,75],"card_choices":[{"not_picked":["Steam Power","Sweeping Beam"],"picked":"Reinforced Body","floor":1},{"not_picked":["Darkness","Compile Driver"],"picked":"Leap","floor":2},{"not_picked":["Storm","Coolheaded"],"picked":"Sweeping Beam","floor":3},{"not_picked":["Hello World","Sweeping Beam"],"picked":"Compile Driver","floor":4},{"not_picked":["Undo","Consume"],"picked":"Defragment","floor":7}],"player_experience":585297,"relics_obtained":[{"floor":7,"key":"Turnip"},{"floor":9,"key":"Gremlin Horn"}],"event_choices":[{"damage_healed":0,"gold_gain":0,"player_choice":"Take Damage","damage_taken":18,"relics_obtained":["Golden Idol"],"max_hp_gain":0,"max_hp_loss":0,"event_name":"Golden Idol","floor":5,"gold_loss":0}],"is_beta":false,"boss_relics":[],"items_purged_floors":[8],"is_endless":false,"potions_floor_spawned":[2,4],"killed_by":"Gremlin Nob","ascension_level":0}