{"gold_per_floor":[111,186,64,14,14,41,60,75,75,75,350,376,389,424,424,525,525,539,539,539,554,554,589,589,589,613,670,3,20,38,38,38,142,192,207,307,15,32,32,64,76,88,126,172,184,0,12],"floor_reached":47,"playtime":2832,"items_purged":[],"score":694,"play_id":"6c05ad37-955c-47be-a8f1-7347adbd4049","local_time":"20191007013521","is_ascension_mode":true,"campfire_choices":[{"data":"Trip","floor":10,"key":"SMITH"},{"floor":15,"key":"REST"},{"data":"Infinite Blades","floor":24,"key":"SMITH"},{"floor":32,"key":"REST"},{"floor":41,"key":"REST"}],"neow_cost":"NONE","seed_source_timestamp":1729597501888800,"circlet_count":0,"master_deck":["Survivor","Neutralize","PiercingWail","Trip+1","Footwork","All Out Attack","Flying Knee","Noxious Fumes","Crippling Poison","Leg Sweep","Prepared","A Thousand Cuts","A Thousand Cuts+1","Adrenaline","Reflex","Outmaneuver","Dash","Infinite Blades+1","Leg Sweep","Tactician","Cloak And Dagger","Accuracy","RitualDagger","Backflip","Bite","Bite","Bite","Bite","Bite","Acrobatics+1","Necronomicurse","Caltrops","Deadly Poison+1","Venomology","Noxious Fumes","Catalyst+1","Quick Slash+1","Blade Dance","Poisoned Stab","Writhe"],"relics":["Ring of the Snake","NeowsBlessing","Sundial","Turnip","Bag of Preparation","Pear","Dodecahedron","Pandora\u0027s Box","Blood Vial","Necronomicon","PreservedInsect","Tiny Chest","OrangePellets","Snake Skull","Paper Crane","Bronze Scales","Tiny House","Mango","The Specimen","Juzu Bracelet","MawBank","Centennial Puzzle","Smiling Mask","Red Mask"],"potions_floor_usage":[14,18,23,36,40,44,44,47,47],"damage_taken":[{"damage":0,"enemies":"Jaw Worm","floor":1,"turns":1},{"damage":0,"enemies":"3 Sentries","floor":6,"turns":1},{"damage":0,"enemies":"Small Slimes","floor":7,"turns":1},{"damage":0,"enemies":"Cultist","floor":8,"turns":4},{"damage":24,"enemies":"Lagavulin","floor":12,"turns":8},{"damage":5,"enemies":"Large Slime","floor":13,"turns":6},{"damage":23,"enemies":"Gremlin Nob","floor":14,"turns":5},{"damage":35,"enemies":"Hexaghost","floor":16,"turns":12},{"damage":2,"enemies":"Spheric Guardian","floor":18,"turns":4},{"damage":8,"enemies":"Shell Parasite","floor":21,"turns":7},{"damage":18,"enemies":"Gremlin Leader","floor":23,"turns":7},{"damage":20,"enemies":"Shelled Parasite and Fungi","floor":29,"turns":8},{"damage":6,"enemies":"Chosen and Byrds","floor":30,"turns":6},{"damage":52,"enemies":"Champ","floor":33,"turns":13},{"damage":6,"enemies":"Orb Walker","floor":35,"turns":5},{"damage":6,"enemies":"Mind Bloom Boss Battle","floor":36,"turns":7},{"damage":41,"enemies":"3 Darklings","floor":38,"turns":4},{"damage":30,"enemies":"Nemesis","floor":40,"turns":7},{"damage":47,"enemies":"Giant Head","floor":44,"turns":7},{"damage":34,"enemies":"Reptomancer","floor":47,"turns":3}],"seed_played":"-102695115312146051","potions_obtained":[{"floor":6,"key":"SteroidPotion"},{"floor":7,"key":"Fire Potion"},{"floor":8,"key":"Energy Potion"},{"floor":33,"key":"LiquidBronze"},{"floor":34,"key":"Ancient Potion"},{"floor":44,"key":"Strength Potion"}],"is_trial":false,"path_per_floor":["M","?","$","?","?","E","M","M","T","R","?","E","M","E","R","B",null,"M","?","?","M","?","E","R","?","T","T","$","M","M","?","R","B",null,"M","?","$","M","?","E","R","?","T","E","?","?","E"],"character_chosen":"THE_SILENT","items_purchased":["Trip","Footwork","OrangePellets","Snake Skull","Paper Crane","Caltrops","The Specimen"],"campfire_rested":3,"item_purchase_floors":[3,3,28,28,28,28,37],"current_hp_per_floor":[70,59,59,59,59,59,59,59,59,59,59,45,40,17,41,6,80,78,72,72,64,56,42,42,26,26,26,26,20,24,24,40,8,61,55,69,69,34,34,12,34,34,34,11,30,30,0],"gold":12,"neow_bonus":"THREE_ENEMY_KILL","is_prod":false,"is_daily":false,"chose_seed":false,"campfire_upgraded":2,"win_rate":0,"timestamp":1570437321,"path_taken":["M","?","$","?","?","E","M","?","T","R","?","E","?","E","R","BOSS","M","?","?","?","?","E","R","?","T","?","$","?","M","?","R","BOSS","M","?","$","M","?","E","R","?","T","E","?","?","E"],"build_version":"2019-07-17","purchased_purges":0,"victory":false,"max_hp_per_floor":[70,70,70,70,70,70,70,70,70,70,70,80,80,80,80,80,80,80,80,80,80,56,56,56,56,56,56,56,56,56,56,56,56,61,61,75,75,75,75,75,75,75,75,75,75,75,75],"card_choices":[{"not_picked":["Dodge and Roll","Deflect"],"picked":"PiercingWail","floor":1},{"not_picked":["Deflect","Concentrate"],"picked":"All Out Attack","floor":6},{"not_picked":["Quick Slash","Prepared"],"picked":"Flying Knee","floor":7},{"not_picked":["PiercingWail","Poisoned Stab"],"picked":"Noxious Fumes","floor":8},{"not_picked":["Adrenaline","Escape Plan"],"picked":"Crippling Poison","floor":12},{"not_picked":["Well Laid Plans","Bane"],"picked":"Leg Sweep","floor":13},{"not_picked":["Predator","Storm of Steel"],"picked":"Prepared","floor":14},{"not_picked":["Tools of the Trade","Bullet Time"],"picked":"A Thousand Cuts","floor":16},{"not_picked":["Prepared","Masterful Stab"],"picked":"Accuracy","floor":18},{"not_picked":["Reflex","Dodge and Roll"],"picked":"Backflip","floor":21},{"not_picked":["Footwork","Bullet Time"],"picked":"Acrobatics+1","floor":23},{"not_picked":["Slice","Skewer"],"picked":"Deadly Poison+1","floor":29},{"not_picked":["Infinite Blades","PiercingWail","Acrobatics"],"picked":"SKIP","floor":30},{"not_picked":["Phantasmal Killer","Glass Knife"],"picked":"Venomology","floor":33},{"not_picked":["Reflex","Blade Dance"],"picked":"Noxious Fumes","floor":34},{"not_picked":["Outmaneuver+1","Heel Hook+1"],"picked":"Catalyst+1","floor":35},{"not_picked":["Deflect+1","Backstab"],"picked":"Quick Slash+1","floor":36},{"not_picked":["Finisher","Dodge and Roll","Noxious Fumes"],"picked":"SKIP","floor":38},{"not_picked":["Outmaneuver","Slice"],"picked":"Blade Dance","floor":40},{"not_picked":["Accuracy","PiercingWail"],"picked":"Poisoned Stab","floor":44}],"player_experience":293358,"relics_obtained":[{"floor":5,"key":"Sundial"},{"floor":6,"key":"Turnip"},{"floor":9,"key":"Bag of Preparation"},{"floor":12,"key":"Pear"},{"floor":14,"key":"Dodecahedron"},{"floor":23,"key":"Blood Vial"},{"floor":25,"key":"Necronomicon"},{"floor":26,"key":"PreservedInsect"},{"floor":27,"key":"Tiny Chest"},{"floor":36,"key":"Mango"},{"floor":40,"key":"MawBank"},{"floor":43,"key":"Centennial Puzzle"},{"floor":44,"key":"Smiling Mask"}],"event_choices":[{"damage_healed":0,"gold_gain":75,"player_choice":"Gather Gold","damage_taken":11,"max_hp_gain":0,"max_hp_loss":0,"event_name":"World of Goop","floor":2,"gold_loss":0},{"cards_removed":["Strike_G"],"damage_healed":0,"gold_gain":0,"player_choice":"Card Removal","damage_taken":0,"max_hp_gain":0,"max_hp_loss":0,"event_name":"The Cleric","floor":4,"gold_loss":50},{"damage_healed":0,"gold_gain":0,"player_choice":"Relic","damage_taken":0,"max_hp_gain":0,"max_hp_loss":0,"event_name":"Wheel of Change","floor":5,"gold_loss":0},{"damage_healed":0,"gold_gain":275,"player_choice":"Desecrate","damage_taken":0,"max_hp_gain":0,"max_hp_loss":0,"event_name":"Golden Shrine","floor":11,"gold_loss":0,"cards_obtained":["Regret"]},{"damage_healed":0,"gold_gain":0,"player_choice":"Joined the Cult","damage_taken":6,"max_hp_gain":0,"max_hp_loss":0,"event_name":"Nest","floor":19,"gold_loss":0,"cards_obtained":["RitualDagger"]},{"cards_removed":["Regret"],"damage_healed":0,"gold_gain":0,"player_choice":"Removed Curses","damage_taken":0,"max_hp_gain":0,"max_hp_loss":0,"event_name":"Fountain of Cleansing","floor":20,"gold_loss":0},{"damage_healed":0,"gold_gain":0,"player_choice":"Became a vampire","damage_taken":0,"max_hp_gain":0,"max_hp_loss":24,"event_name":"Vampires","floor":22,"gold_loss":0,"cards_obtained":["Bite","Bite","Bite","Bite","Bite"]},{"damage_healed":0,"gold_gain":0,"player_choice":"Obtained Book","damage_taken":16,"max_hp_gain":0,"max_hp_loss":0,"event_name":"Cursed Tome","floor":25,"gold_loss":0},{"damage_healed":0,"gold_gain":0,"player_choice":"Opened","damage_taken":0,"relics_obtained":["Bronze Scales"],"max_hp_gain":0,"max_hp_loss":0,"event_name":"The Mausoleum","floor":31,"gold_loss":0},{"damage_healed":0,"gold_gain":0,"player_choice":"Fight","damage_taken":0,"max_hp_gain":0,"max_hp_loss":0,"event_name":"MindBloom","floor":36,"gold_loss":0},{"damage_healed":0,"gold_gain":0,"player_choice":"Gave Potion","damage_taken":0,"relics_obtained":["Juzu Bracelet"],"max_hp_gain":0,"max_hp_loss":0,"event_name":"WeMeetAgain","floor":39,"gold_loss":0},{"damage_healed":0,"gold_gain":0,"player_choice":"Ignored","damage_taken":0,"max_hp_gain":0,"max_hp_loss":0,"event_name":"Mysterious Sphere","floor":42,"gold_loss":0},{"damage_healed":19,"gold_gain":0,"player_choice":"Writhe","damage_taken":0,"max_hp_gain":0,"max_hp_loss":0,"event_name":"Winding Halls","floor":45,"gold_loss":0,"cards_obtained":["Writhe"]},{"damage_healed":0,"gold_gain":0,"player_choice":"Paid","damage_taken":0,"relics_obtained":["Red Mask"],"max_hp_gain":0,"max_hp_loss":0,"event_name":"Tomb of Lord Red Mask","floor":46,"gold_loss":196}],"is_beta":false,"boss_relics":[{"not_picked":["Astrolabe","Calling Bell"],"picked":"Pandora\u0027s Box"},{"not_picked":["Cursed Key","Velvet Choker"],"picked":"Tiny House"}],"items_purged_floors":[],"is_endless":false,"potions_floor_spawned":[6,7,8,12,33,35,44],"killed_by":"Reptomancer","ascension_level":2}