{"gold_per_floor":[109,109,127,127,127,171,190,234,280,296,321,321],"floor_reached":12,"playtime":432,"items_purged":[],"score":115,"play_id":"6636ef33-b0a3-4476-abef-9b11fcca1b00","local_time":"20190916222238","is_ascension_mode":false,"campfire_choices":[],"neow_cost":"NONE","seed_source_timestamp":1806822829723700,"circlet_count":0,"master_deck":["Strike_G","Strike_G","Strike_G","Strike_G","Strike_G","Defend_G","Defend_G","Defend_G","Defend_G","Defend_G","Survivor","Neutralize","Outmaneuver+1","Slice","Dagger Spray","Blade Dance","Infinite Blades","Unload","Underhanded Strike"],"relics":["Ring of the Snake","NeowsBlessing","Golden Idol","Pantograph","Oddly Smooth Stone","Mummified Hand","Regal Pillow"],"potions_floor_usage":[11],"damage_taken":[{"damage":0,"enemies":"Cultist","floor":1,"turns":1},{"damage":0,"enemies":"2 Louse","floor":3,"turns":1},{"damage":0,"enemies":"Gremlin Nob","floor":6,"turns":1},{"damage":2,"enemies":"Jaw Worm","floor":7,"turns":2},{"damage":27,"enemies":"3 Sentries","floor":8,"turns":10},{"damage":1,"enemies":"3 Louse","floor":10,"turns":2},{"damage":4,"enemies":"Red Slaver","floor":11,"turns":3},{"damage":22,"enemies":"Gremlin Nob","floor":12,"turns":3}],"seed_played":"4404389937353571864","potions_obtained":[{"floor":6,"key":"SpeedPotion"},{"floor":8,"key":"Ancient Potion"},{"floor":11,"key":"Explosive Potion"}],"is_trial":false,"path_per_floor":["M","?","M","?","?","E","M","E","T","M","M","E"],"character_chosen":"THE_SILENT","items_purchased":[],"campfire_rested":0,"item_purchase_floors":[],"current_hp_per_floor":[70,53,53,46,46,46,44,17,17,16,12,0],"gold":321,"neow_bonus":"THREE_ENEMY_KILL","is_prod":false,"is_daily":false,"chose_seed":false,"campfire_upgraded":0,"win_rate":0.0,"timestamp":1568697758,"path_taken":["M","?","M","?","?","E","M","E","T","M","?","E"],"build_version":"2019-09-16","purchased_purges":0,"victory":false,"max_hp_per_floor":[70,70,70,70,70,70,70,70,70,70,70,70],"card_choices":[{"not_picked":["Dodge and Roll","Blade Dance"],"picked":"Outmaneuver","floor":1},{"not_picked":["Deflect","Outmaneuver"],"picked":"Slice","floor":3},{"not_picked":["Terror","Night Terror"],"picked":"Dagger Spray","floor":6},{"not_picked":["Sucker Punch","Outmaneuver"],"picked":"Blade Dance","floor":7},{"not_picked":["Sucker Punch","Deadly Poison"],"picked":"Infinite Blades","floor":8},{"not_picked":["Dagger Spray","Tactician"],"picked":"Unload","floor":10},{"not_picked":["Infinite Blades","Dagger Spray"],"picked":"Underhanded Strike","floor":11}],"player_experience":2646,"relics_obtained":[{"floor":6,"key":"Oddly Smooth Stone"},{"floor":8,"key":"Mummified Hand"},{"floor":9,"key":"Regal Pillow"}],"event_choices":[{"damage_healed":0,"gold_gain":0,"player_choice":"Take Damage","damage_taken":17,"relics_obtained":["Golden Idol"],"max_hp_gain":0,"max_hp_loss":0,"event_name":"Golden Idol","floor":2,"gold_loss":0},{"damage_healed":0,"gold_gain":0,"player_choice":"Success","damage_taken":7,"relics_obtained":["Pantograph"],"max_hp_gain":0,"max_hp_loss":0,"event_name":"Scrap Ooze","floor":4,"gold_loss":0},{"damage_healed":0,"gold_gain":0,"player_choice":"Forge","damage_taken":0,"max_hp_gain":0,"max_hp_loss":0,"event_name":"Accursed Blacksmith","floor":5,"gold_loss":0,"cards_upgraded":["Outmaneuver"]}],"is_beta":true,"boss_relics":[],"items_purged_floors":[],"is_endless":false,"potions_floor_spawned":[6,8,11],"killed_by":"Gremlin Nob","ascension_level":0}