{"gold_per_floor":[117,129,148,148,162,187,206,221,221,249,249,46,73,101,101,205,205,224,243,158,173,184,209,209,220,220,231,231],"floor_reached":28,"playtime":1722,"items_purged":[],"score":277,"play_id":"87c99d29-d4db-45c3-bfd9-cc311d4e0b70","local_time":"20190520213550","is_ascension_mode":true,"campfire_choices":[{"floor":11,"key":"REST"},{"floor":15,"key":"REST"}],"neow_cost":"NONE","seed_source_timestamp":345909658753473,"circlet_count":0,"master_deck":["Strike_R","Strike_R","Strike_R","Defend_R","Defend_R","Bash","Flame Barrier","Inflame","Heavy Blade","Seeing Red","Bludgeon","Shockwave","Sentinel","Shrug It Off","Apotheosis","Power Through","Disarm","Twin Strike","Dark Embrace","Shrug It Off+1","Corruption+1","Headbutt+1","Heavy Blade+1","Battle Trance+1","Warcry","Bloodletting+1","Reaper","Anger+1"],"relics":["Burning Blood","Vajra","Art of War","Sundial","Shuriken","Mercury Hourglass","Astrolabe","Dodecahedron","Champion Belt","Nloth\u0027s Gift","Toxic Egg 2"],"potions_floor_usage":[6,6,14,16,23,25,26],"damage_taken":[{"damage":6,"enemies":"Jaw Worm","floor":1,"turns":3},{"damage":0,"enemies":"Small Slimes","floor":2,"turns":3},{"damage":11,"enemies":"2 Louse","floor":3,"turns":2},{"damage":26,"enemies":"Lots of Slimes","floor":5,"turns":4},{"damage":28,"enemies":"3 Sentries","floor":6,"turns":7},{"damage":7,"enemies":"Blue Slaver","floor":7,"turns":2},{"damage":10,"enemies":"Looter","floor":8,"turns":3},{"damage":20,"enemies":"Gremlin Nob","floor":10,"turns":4},{"damage":20,"enemies":"The Mushroom Lair","floor":13,"turns":4},{"damage":5,"enemies":"3 Sentries","floor":14,"turns":6},{"damage":40,"enemies":"Slime Boss","floor":16,"turns":7},{"damage":0,"enemies":"Spheric Guardian","floor":18,"turns":3},{"damage":0,"enemies":"Chosen","floor":19,"turns":3},{"damage":18,"enemies":"Shelled Parasite and Fungi","floor":21,"turns":5},{"damage":8,"enemies":"Centurion and Healer","floor":22,"turns":4},{"damage":39,"enemies":"Gremlin Leader","floor":23,"turns":7},{"damage":24,"enemies":"3 Cultists","floor":25,"turns":5},{"damage":15,"enemies":"Snecko","floor":27,"turns":3},{"damage":14,"enemies":"Snake Plant","floor":28,"turns":1}],"seed_played":"5208254892110446216","potions_obtained":[{"floor":2,"key":"Energy Potion"},{"floor":5,"key":"Regen Potion"},{"floor":8,"key":"Dexterity Potion"},{"floor":10,"key":"EssenceOfSteel"},{"floor":13,"key":"SteroidPotion"},{"floor":19,"key":"Dexterity Potion"},{"floor":25,"key":"Fruit Juice"},{"floor":27,"key":"Ancient Potion"}],"is_trial":false,"path_per_floor":["M","M","M","?","M","E","M","M","T","E","R","$","?","E","R","B",null,"M","M","?","M","M","E","?","M","T","M","M"],"character_chosen":"IRONCLAD","items_purchased":["Apotheosis","Power Through"],"campfire_rested":2,"item_purchase_floors":[12,12],"current_hp_per_floor":[80,80,75,68,48,41,40,36,36,22,46,46,32,33,57,23,80,80,80,80,68,66,33,33,15,20,11,0],"gold":231,"neow_bonus":"RANDOM_COMMON_RELIC","is_prod":false,"is_daily":false,"chose_seed":false,"campfire_upgraded":0,"win_rate":0,"timestamp":1558413350,"path_taken":["M","M","M","?","M","E","M","M","T","E","R","$","?","E","R","BOSS","M","M","?","M","M","E","?","M","T","?","M"],"build_version":"2019-01-23","purchased_purges":0,"victory":false,"max_hp_per_floor":[80,80,80,80,80,80,80,80,80,80,80,80,80,80,80,80,80,80,80,80,80,80,80,80,80,85,85,85],"card_choices":[{"not_picked":["True Grit","Anger"],"picked":"Flame Barrier","floor":1},{"not_picked":["Warcry","Iron Wave"],"picked":"Inflame","floor":2},{"not_picked":["Clothesline","Perfected Strike"],"picked":"Heavy Blade","floor":3},{"not_picked":["Cleave","Perfected Strike"],"picked":"Seeing Red","floor":5},{"not_picked":["Anger","Body Slam"],"picked":"Bludgeon","floor":6},{"not_picked":["Warcry","Havoc"],"picked":"Shockwave","floor":7},{"not_picked":["Heavy Blade","Cleave"],"picked":"Sentinel","floor":8},{"not_picked":["Uppercut","Searing Blow"],"picked":"Shrug It Off","floor":10},{"not_picked":["Heavy Blade","Perfected Strike"],"picked":"Disarm","floor":13},{"not_picked":["Sword Boomerang","Searing Blow"],"picked":"Twin Strike","floor":14},{"not_picked":["Bludgeon","Immolate"],"picked":"Dark Embrace","floor":16},{"not_picked":["Corruption","Shockwave"],"picked":"Heavy Blade+1","floor":18},{"not_picked":["Iron Wave","Searing Blow","Corruption+1"],"picked":"SKIP","floor":19},{"not_picked":["Shockwave","Headbutt"],"picked":"Battle Trance+1","floor":21},{"not_picked":["Searing Blow","Anger"],"picked":"Warcry","floor":22},{"not_picked":["Body Slam","Hemokinesis+1"],"picked":"Bloodletting+1","floor":23},{"not_picked":["Power Through+1","Heavy Blade"],"picked":"Reaper","floor":25},{"not_picked":["Inflame","Uppercut"],"picked":"Anger+1","floor":27}],"player_experience":138218,"relics_obtained":[{"floor":6,"key":"Art of War"},{"floor":9,"key":"Sundial"},{"floor":10,"key":"Shuriken"},{"floor":13,"key":"Odd Mushroom"},{"floor":14,"key":"Mercury Hourglass"},{"floor":23,"key":"Champion Belt"},{"floor":26,"key":"Toxic Egg 2"}],"event_choices":[{"cards_removed":["Strike_R"],"damage_healed":0,"gold_gain":0,"player_choice":"Card Removal","damage_taken":7,"max_hp_gain":0,"max_hp_loss":0,"event_name":"Golden Wing","floor":4,"gold_loss":0},{"damage_healed":0,"gold_gain":0,"player_choice":"Fought Mushrooms","damage_taken":0,"max_hp_gain":0,"max_hp_loss":0,"event_name":"Mushrooms","floor":13,"gold_loss":0},{"damage_healed":0,"gold_gain":0,"player_choice":"Obtained Relic","damage_taken":0,"relics_obtained":["Dodecahedron"],"max_hp_gain":0,"max_hp_loss":0,"event_name":"Addict","floor":20,"gold_loss":85},{"damage_healed":0,"gold_gain":0,"player_choice":"Traded Relic","damage_taken":0,"relics_obtained":["Nloth\u0027s Gift"],"max_hp_gain":0,"max_hp_loss":0,"event_name":"N\u0027loth","floor":24,"relics_lost":["Odd Mushroom"],"gold_loss":0}],"is_beta":false,"boss_relics":[{"not_picked":["Coffee Dripper","Philosopher\u0027s Stone"],"picked":"Astrolabe"}],"items_purged_floors":[],"is_endless":false,"potions_floor_spawned":[2,5,8,10,13,19,25,27],"killed_by":"Snake Plant","ascension_level":1}