{"gold_per_floor":[215,227,227,227,22,22,45,45,45,58,89,108,139,99,99,227,227,241,255,276,297,0,0,40,40,118,143,143,184,184,184],"floor_reached":31,"playtime":1779,"items_purged":[],"score":314,"play_id":"bc2eaf2b-aa26-49ad-94b2-7114a738a7a2","local_time":"20191021185040","is_ascension_mode":true,"campfire_choices":[{"data":"Neutralize","floor":6,"key":"SMITH"},{"data":"Cloak And Dagger","floor":15,"key":"SMITH"},{"data":"Barricade","floor":23,"key":"SMITH"},{"data":"Fusion","floor":25,"key":"SMITH"},{"data":"Survivor","floor":30,"key":"SMITH"}],"neow_cost":"NONE","seed_source_timestamp":1048070680435600,"circlet_count":0,"master_deck":["Strike_G","Strike_G","Strike_G","Strike_G","Strike_G","Defend_G","Defend_G","Defend_G","Defend_G","Defend_G","Survivor+1","Neutralize+1","Cloak And Dagger+1","Noxious Fumes","Decay","Doom and Gloom+1","Headbutt+1","PiercingWail","Sadistic Nature","Barricade+1","Rage+1","Deadly Poison","Self Repair+1","Sweeping Beam+1","Acrobatics","Fusion+1","Skewer+1","Writhe","Genetic Algorithm+1"],"relics":["Ring of the Snake","Golden Idol","PrismaticShard","Molten Egg 2","Meat on the Bone","Orichalcum","Sozu","Kunai","Shuriken","Matryoshka","Smiling Mask","Juzu Bracelet"],"potions_floor_usage":[10,10,10,13,13,16],"damage_taken":[{"damage":2,"enemies":"Cultist","floor":1,"turns":5},{"damage":1,"enemies":"Small Slimes","floor":2,"turns":4},{"damage":2,"enemies":"2 Louse","floor":7,"turns":3},{"damage":6,"enemies":"Lots of Slimes","floor":10,"turns":3},{"damage":34,"enemies":"3 Sentries","floor":11,"turns":7},{"damage":12,"enemies":"Exordium Wildlife","floor":12,"turns":5},{"damage":9,"enemies":"Lagavulin","floor":13,"turns":7},{"damage":20,"enemies":"Hexaghost","floor":16,"turns":10},{"damage":16,"enemies":"Spheric Guardian","floor":18,"turns":6},{"damage":19,"enemies":"Shell Parasite","floor":19,"turns":7},{"damage":24,"enemies":"Centurion and Healer","floor":20,"turns":5},{"damage":15,"enemies":"Snecko","floor":21,"turns":7},{"damage":8,"enemies":"Gremlin Leader","floor":24,"turns":8},{"damage":17,"enemies":"Snake Plant","floor":27,"turns":6},{"damage":14,"enemies":"Book of Stabbing","floor":29,"turns":7},{"damage":58,"enemies":"Slavers","floor":31,"turns":4}],"seed_played":"-4346577668466314159","potions_obtained":[{"floor":2,"key":"Fire Potion"},{"floor":7,"key":"EntropicBrew"},{"floor":11,"key":"Energy Potion"}],"is_trial":false,"path_per_floor":["M","M","?","?","$","R","M","?","T","M","E","M","E","?","R","B",null,"M","M","M","M","$","R","E","R","T","M","?","E","R","E"],"character_chosen":"THE_SILENT","items_purchased":["PrismaticShard","Kunai","Acrobatics"],"campfire_rested":0,"item_purchase_floors":[5,22,22],"current_hp_per_floor":[68,67,67,67,67,67,65,65,65,59,25,25,28,28,28,20,70,54,47,35,42,42,42,56,56,56,49,49,57,57,0],"gold":184,"neow_bonus":"HUNDRED_GOLD","is_prod":false,"is_daily":false,"chose_seed":false,"campfire_upgraded":5,"win_rate":0,"timestamp":1571709040,"path_taken":["M","M","?","?","$","R","M","?","T","?","E","M","E","?","R","BOSS","M","M","M","M","$","R","E","R","T","M","?","E","R","E"],"build_version":"2019-07-17","purchased_purges":0,"victory":false,"max_hp_per_floor":[70,70,70,70,70,70,70,70,70,70,70,70,70,70,70,70,70,70,70,70,70,70,70,70,70,70,70,70,70,70,70],"card_choices":[{"not_picked":["Sucker Punch","Predator"],"picked":"Cloak And Dagger","floor":1},{"not_picked":["Bane","Blade Dance"],"picked":"Noxious Fumes","floor":2},{"not_picked":["Hemokinesis","Sword Boomerang","Steam"],"picked":"SKIP","floor":7},{"not_picked":["Compile Driver+1","Shockwave"],"picked":"Doom and Gloom+1","floor":10},{"not_picked":["Deadly Poison","Underhanded Strike+1"],"picked":"Headbutt+1","floor":11},{"not_picked":["Dual Wield","Body Slam+1"],"picked":"PiercingWail","floor":12},{"not_picked":["Barrage+1","Thunderclap+1"],"picked":"Sadistic Nature","floor":13},{"not_picked":["Thinking Ahead","Bullet Time"],"picked":"Barricade","floor":16},{"not_picked":["Headbutt+1","Beam Cell+1"],"picked":"Rage+1","floor":18},{"not_picked":["Fire Breathing","Havoc"],"picked":"Deadly Poison","floor":19},{"not_picked":["Slice+1","Sweeping Beam+1"],"picked":"Self Repair+1","floor":20},{"not_picked":["Turbo","Dual Wield"],"picked":"Sweeping Beam+1","floor":21},{"not_picked":["Blizzard+1","Poisoned Stab+1"],"picked":"Fusion","floor":24},{"not_picked":["Whirlwind+1","Purity"],"picked":"Skewer+1","floor":27},{"not_picked":["Compile Driver+1","Iron Wave+1"],"picked":"Genetic Algorithm+1","floor":29}],"player_experience":339718,"relics_obtained":[{"floor":9,"key":"Molten Egg 2"},{"floor":11,"key":"Meat on the Bone"},{"floor":13,"key":"Orichalcum"},{"floor":24,"key":"Shuriken"},{"floor":26,"key":"Matryoshka"},{"floor":29,"key":"Juzu Bracelet"}],"event_choices":[{"damage_healed":0,"gold_gain":0,"player_choice":"Take Wound","damage_taken":0,"relics_obtained":["Golden Idol"],"max_hp_gain":0,"max_hp_loss":0,"event_name":"Golden Idol","floor":3,"gold_loss":0,"cards_obtained":["Injury"]},{"cards_removed":["Injury"],"damage_healed":0,"gold_gain":0,"player_choice":"Forget","damage_taken":0,"max_hp_gain":0,"max_hp_loss":0,"event_name":"Living Wall","floor":4,"gold_loss":0},{"damage_healed":0,"gold_gain":0,"player_choice":"Cursed","damage_taken":0,"max_hp_gain":0,"max_hp_loss":0,"event_name":"Wheel of Change","floor":8,"gold_loss":0,"cards_obtained":["Decay"]},{"damage_healed":0,"gold_gain":0,"player_choice":"Left Gold","damage_taken":0,"max_hp_gain":0,"max_hp_loss":0,"event_name":"World of Goop","floor":14,"gold_loss":40},{"damage_healed":0,"gold_gain":0,"player_choice":"Opened","damage_taken":0,"relics_obtained":["Smiling Mask"],"max_hp_gain":0,"max_hp_loss":0,"event_name":"The Mausoleum","floor":28,"gold_loss":0,"cards_obtained":["Writhe"]}],"is_beta":false,"boss_relics":[{"not_picked":["Cursed Key","Ring of the Serpent"],"picked":"Sozu"}],"items_purged_floors":[],"is_endless":false,"potions_floor_spawned":[2,7,11,19,20,24],"killed_by":"Slavers","ascension_level":2}