{"gold_per_floor":[117,117,137,161,161,161,176,190,216,216,236,236,259,279,279,409,409,429,160,174,192,210,210,233,233,533,557,482,581,581,596,596,596],"floor_reached":33,"playtime":6450,"items_purged":["Defend_B"],"score":245,"play_id":"ab2f82c9-9447-4457-a3ec-580893dbb57d","local_time":"20190210183131","is_ascension_mode":false,"campfire_choices":[{"data":"Dualcast","floor":6.0,"key":"SMITH"},{"data":"Fusion","floor":10,"key":"SMITH"},{"floor":15,"key":"REST"},{"floor":23,"key":"REST"},{"floor":25,"key":"REST"},{"floor":32,"key":"REST"}],"neow_cost":"NONE","seed_source_timestamp":0,"circlet_count":0,"master_deck":["Strike_B","Strike_B","Strike_B","Strike_B","Defend_B","Defend_B","Zap","Dualcast+1","Fusion+1","Beam Cell","Rainbow+1","Steam","Gash","Leap","Auto Shields","Buffer","Leap","Self Repair","Storm+1","Redo+1","Defragment+1"],"special_seed":0,"relics":["Cracked Core","Golden Idol","Ancient Tea Set","Nuclear Battery","Pen Nib","Old Coin"],"potions_floor_usage":[16,16,24,33,33,33],"damage_taken":[{"damage":0.0,"enemies":"2 Louse","floor":1.0,"turns":3.0},{"damage":0.0,"enemies":"Small Slimes","floor":3.0,"turns":3.0},{"damage":10.0,"enemies":"Jaw Worm","floor":4.0,"turns":4.0},{"damage":0.0,"enemies":"Blue Slaver","floor":7.0,"turns":4.0},{"damage":6.0,"enemies":"Looter","floor":8.0,"turns":4.0},{"damage":9,"enemies":"2 Fungi Beasts","floor":11,"turns":3},{"damage":9,"enemies":"3 Louse","floor":13,"turns":2},{"damage":1,"enemies":"Looter","floor":14,"turns":2},{"damage":20,"enemies":"Slime Boss","floor":16,"turns":12},{"damage":29,"enemies":"Chosen","floor":18,"turns":9},{"damage":20,"enemies":"Spheric Guardian","floor":20,"turns":7},{"damage":20,"enemies":"Centurion and Healer","floor":21,"turns":11},{"damage":18,"enemies":"Cultist and Chosen","floor":22,"turns":8},{"damage":23,"enemies":"Snake Plant","floor":24,"turns":5},{"damage":22,"enemies":"Shelled Parasite and Fungi","floor":27,"turns":8},{"damage":0,"enemies":"Snecko","floor":31,"turns":5},{"damage":76,"enemies":"Collector","floor":33,"turns":7}],"seed_played":"-4547655620699109355","potions_obtained":[{"floor":1.0,"key":"Weak Potion"},{"floor":4.0,"key":"SpeedPotion"},{"floor":8.0,"key":"SteroidPotion"},{"floor":21,"key":"FearPotion"},{"floor":22,"key":"Block Potion"},{"floor":27,"key":"Explosive Potion"}],"is_trial":false,"path_per_floor":["?","?","M","?","?","?","?"],"character_chosen":"DEFECT","items_purchased":["Self Repair","Pen Nib"],"campfire_rested":4,"item_purchase_floors":[19,19],"current_hp_per_floor":[82,76,76,66,66,66,66,60,60,60,51,56,47,46,70,50,81,52,52,39,26,15,39,23,47,47,32,32,32,32,32,56,0],"gold":596,"neow_bonus":"TEN_PERCENT_HP_BONUS","is_prod":false,"is_daily":false,"chose_seed":false,"campfire_upgraded":2,"win_rate":0.0,"timestamp":1549819891,"path_taken":["M","?","M","M","?","R","M","?","T","R","M","?","M","M","R","BOSS","M","$","M","M","M","R","M","R","T","M","?","?","?","M","R","BOSS"],"build_version":"2019-01-23","purchased_purges":1,"victory":false,"max_hp_per_floor":[82,76,76,76,76,76,76,76,76,76,76,81,81,81,81,81,81,81,81,81,81,81,81,81,81,81,81,81,81,81,81,81,81],"card_choices":[{"not_picked":["Leap","Conserve Battery"],"picked":"Fusion","floor":1.0},{"not_picked":["Compile Driver","Static Discharge"],"picked":"Beam Cell","floor":3.0},{"not_picked":["Ball Lightning","Steam"],"picked":"Rainbow","floor":4.0},{"not_picked":["Beam Cell","Compile Driver"],"picked":"Steam","floor":7.0},{"not_picked":["Steam","Compile Driver"],"picked":"Gash","floor":8.0},{"not_picked":["Blizzard","Storm"],"picked":"Leap","floor":11},{"not_picked":["Beam Cell","Steam","Skim"],"picked":"SKIP","floor":13},{"not_picked":["Storm","Machine Learning"],"picked":"Auto Shields","floor":14},{"not_picked":["Machine Learning","Amplify"],"picked":"Buffer","floor":16},{"not_picked":["Hologram","Capacitor"],"picked":"Leap","floor":18},{"not_picked":["Go for the Eyes","Barrage","Beam Cell"],"picked":"SKIP","floor":20},{"not_picked":["Sweeping Beam","Go for the Eyes"],"picked":"Storm+1","floor":21},{"not_picked":["Reinforced Body","Streamline"],"picked":"Redo+1","floor":22},{"not_picked":["Sweeping Beam","Beam Cell+1","Go for the Eyes"],"picked":"SKIP","floor":24},{"not_picked":["Tempest","Creative AI"],"picked":"Defragment+1","floor":27},{"not_picked":["Aggregate+1","Compile Driver","Streamline"],"picked":"SKIP","floor":31}],"player_experience":23916,"relics_obtained":[{"floor":9.0,"key":"Ancient Tea Set"},{"floor":26,"key":"Old Coin"}],"event_choices":[{"damage_healed":0.0,"max_hp_gain":0.0,"max_hp_loss":6.0,"gold_gain":0.0,"event_name":"Golden Idol","player_choice":"Lose Max HP","floor":2.0,"gold_loss":0.0,"damage_taken":0.0,"relics_obtained":["Golden Idol"]},{"damage_healed":0.0,"max_hp_gain":0.0,"max_hp_loss":0.0,"gold_gain":0.0,"event_name":"Living Wall","player_choice":"Grow","floor":5.0,"gold_loss":0.0,"damage_taken":0.0,"cards_upgraded":["Rainbow"]},{"damage_healed":0,"gold_gain":0,"player_choice":"Donut","damage_taken":0,"max_hp_gain":5,"max_hp_loss":0,"event_name":"Big Fish","floor":12,"gold_loss":0},{"cards_removed":["Defend_B"],"damage_healed":0,"gold_gain":0,"player_choice":"Gave Gold","damage_taken":0,"max_hp_gain":0,"max_hp_loss":0,"event_name":"Beggar","floor":28,"gold_loss":75},{"damage_healed":0,"gold_gain":99,"player_choice":"Stole From Cult","damage_taken":0,"max_hp_gain":0,"max_hp_loss":0,"event_name":"Nest","floor":29,"gold_loss":0},{"damage_healed":0,"gold_gain":0,"player_choice":"Ignored","damage_taken":0,"max_hp_gain":0,"max_hp_loss":0,"event_name":"Ghosts","floor":30,"gold_loss":0}],"is_beta":false,"boss_relics":[{"not_picked":["Fusion Hammer","Inserter"],"picked":"Nuclear Battery"}],"items_purged_floors":[19],"is_endless":false,"potions_floor_spawned":[1,4,8,14,21,22,27],"killed_by":"Collector","ascension_level":0}