{"gold_per_floor":[117,117,65,24,24,50,50,50,50,77,92,103,123,141,141,239,239,258,258,112,124,124,124,124,124,151,151,182,198,228,247,247,347,347,361,380,398,398,411,411,93,93,93,93,93,193,25,37,37,37],"floor_reached":51,"playtime":5340,"items_purged":[],"score":670,"play_id":"25cb4074-efae-442c-80ee-0b21985d305e","local_time":"20190302231321","is_ascension_mode":false,"campfire_choices":[{"floor":7,"key":"REST"},{"floor":15,"key":"REST"},{"data":"Bludgeon","floor":24,"key":"SMITH"},{"floor":27,"key":"REST"},{"data":"Shockwave","floor":32,"key":"SMITH"},{"floor":40,"key":"REST"},{"data":"Infernal Blade","floor":42,"key":"SMITH"},{"data":"Demon Form","floor":44,"key":"SMITH"},{"data":"Bash","floor":49,"key":"SMITH"}],"neow_cost":"NONE","seed_source_timestamp":4027715844280,"circlet_count":0,"master_deck":["Strike_R+1","Strike_R+1","Strike_R+1","Strike_R+1","Defend_R+1","Defend_R+1","Defend_R+1","Defend_R+1","Bash+1","Bludgeon+1","Uppercut+1","Sword Boomerang","Infernal Blade+1","Iron Wave","Blood for Blood","Thunderclap","Demon Form+1","Shrug It Off","Reaper","Armaments+1","Necronomicurse","Panacea","Clash","Body Slam","Cleave+1","Dropkick+1","Thunderclap+1","Shockwave+1","Reaper+1","Headbutt+1","Intimidate","Inflame","Flame Barrier+1","Warcry","Disarm","Madness","Madness","Anger+1","Violence","Seeing Red+1"],"relics":["Burning Blood","Champion Belt","Centennial Puzzle","Dodecahedron","Bottled Flame","Pen Nib","White Beast Statue","Necronomicon","Oddly Smooth Stone","Molten Egg 2","Charon\u0027s Ashes","Eternal Feather","Red Skull","Letter Opener","Gambling Chip"],"potions_floor_usage":[16,18,28,28,30,33,33,36,38,39,39,39,39,39,48,50,50,50],"damage_taken":[{"damage":3,"enemies":"Small Slimes","floor":1,"turns":2},{"damage":25,"enemies":"Lagavulin","floor":6,"turns":6},{"damage":24,"enemies":"Gremlin Nob","floor":10,"turns":4},{"damage":5,"enemies":"2 Louse","floor":11,"turns":2},{"damage":11,"enemies":"Jaw Worm","floor":12,"turns":2},{"damage":17,"enemies":"Large Slime","floor":13,"turns":5},{"damage":10,"enemies":"Looter","floor":14,"turns":2},{"damage":50,"enemies":"Hexaghost","floor":16,"turns":10},{"damage":37,"enemies":"Spheric Guardian","floor":18,"turns":6},{"damage":0,"enemies":"Shell Parasite","floor":21,"turns":1},{"damage":30,"enemies":"Book of Stabbing","floor":28,"turns":7},{"damage":0,"enemies":"Centurion and Healer","floor":29,"turns":4},{"damage":49,"enemies":"Gremlin Leader","floor":30,"turns":6},{"damage":0,"enemies":"Sentry and Sphere","floor":31,"turns":2},{"damage":55,"enemies":"Champ","floor":33,"turns":11},{"damage":30,"enemies":"3 Shapes","floor":35,"turns":4},{"damage":27,"enemies":"3 Darklings","floor":36,"turns":5},{"damage":41,"enemies":"Spire Growth","floor":37,"turns":5},{"damage":0,"enemies":"Writhing Mass","floor":38,"turns":1},{"damage":13,"enemies":"Sphere and 2 Shapes","floor":39,"turns":4},{"damage":18,"enemies":"Mind Bloom Boss Battle","floor":46,"turns":5},{"damage":40,"enemies":"Transient","floor":48,"turns":5},{"damage":116,"enemies":"Awakened One","floor":50,"turns":11}],"seed_played":"1601222898625136241","potions_obtained":[{"floor":10,"key":"SpeedPotion"},{"floor":11,"key":"Block Potion"},{"floor":16,"key":"Block Potion"},{"floor":18,"key":"SpeedPotion"},{"floor":21,"key":"SkillPotion"},{"floor":28,"key":"Fire Potion"},{"floor":29,"key":"LiquidBronze"},{"floor":30,"key":"SmokeBomb"},{"floor":31,"key":"SteroidPotion"},{"floor":33,"key":"LiquidBronze"},{"floor":35,"key":"EntropicBrew"},{"floor":36,"key":"Strength Potion"},{"floor":37,"key":"SpeedPotion"},{"floor":39,"key":"Dexterity Potion"},{"floor":46,"key":"Poison Potion"},{"floor":48,"key":"Swift Potion"}],"is_trial":false,"path_per_floor":["M","?","$","?","?","E","R","T","T","E","M","M","M","M","R","B",null,"M","?","$","M","?","?","R","?","T","R","E","M","E","M","R","B",null,"M","M","M","M","M","R","$","R","T","R","?","?","$","M","R","B",null],"character_chosen":"IRONCLAD","items_purchased":["Sword Boomerang","Panacea","Clash","Warcry","BloodPotion","Red Skull","Disarm","Violence"],"campfire_rested":4,"item_purchase_floors":[3,20,20,41,41,41,41,47],"current_hp_per_floor":[80,77,77,77,70,51,75,75,75,57,58,53,42,38,62,18,80,49,33,33,39,39,39,39,39,39,63,54,72,56,62,62,38,80,56,37,16,22,15,57,57,78,78,80,70,58,58,60,80,58],"gold":37,"neow_bonus":"ONE_RANDOM_RARE_CARD","is_prod":false,"is_daily":false,"chose_seed":false,"campfire_upgraded":5,"win_rate":0.0,"timestamp":1551597201,"path_taken":["M","?","$","?","?","E","R","?","T","E","M","?","M","M","R","BOSS","M","?","$","M","?","?","R","?","T","R","E","M","E","M","R","BOSS","M","?","M","M","M","R","$","R","T","R","?","?","$","M","R","BOSS"],"build_version":"2019-01-23","purchased_purges":0,"victory":true,"max_hp_per_floor":[80,80,80,80,80,80,80,80,80,80,80,80,80,80,80,80,80,80,80,80,80,80,80,80,80,80,80,80,80,80,80,80,80,80,80,80,80,80,80,80,80,80,80,80,80,80,80,80,80,80],"card_choices":[{"not_picked":["Twin Strike","Battle Trance"],"picked":"Uppercut","floor":1},{"not_picked":["Feel No Pain","Metallicize"],"picked":"Infernal Blade","floor":6},{"not_picked":["Pommel Strike","Headbutt"],"picked":"Iron Wave","floor":10},{"not_picked":["Reckless Charge","True Grit"],"picked":"Blood for Blood","floor":11},{"not_picked":["Disarm","Clothesline"],"picked":"Thunderclap","floor":12},{"not_picked":["Perfected Strike","Iron Wave"],"picked":"Demon Form","floor":13},{"not_picked":["Pommel Strike","Disarm"],"picked":"Shrug It Off","floor":14},{"not_picked":["Demon Form","Dark Embrace"],"picked":"Reaper","floor":16},{"not_picked":["Clothesline+1","Clash"],"picked":"Armaments+1","floor":18},{"not_picked":["Clash","Clothesline"],"picked":"Body Slam","floor":21},{"not_picked":["Impervious","True Grit"],"picked":"Cleave","floor":28},{"not_picked":["Iron Wave+1","Sword Boomerang+1"],"picked":"Dropkick+1","floor":29},{"not_picked":["Flex","Fire Breathing+1"],"picked":"Thunderclap+1","floor":30},{"not_picked":["Headbutt+1","Body Slam+1"],"picked":"Shockwave","floor":31},{"not_picked":["Berserk","Brutality"],"picked":"Reaper+1","floor":33},{"not_picked":["Hemokinesis+1","Corruption"],"picked":"Headbutt+1","floor":35},{"not_picked":["Perfected Strike+1","Burning Pact"],"picked":"Intimidate","floor":36},{"not_picked":["Uppercut+1","True Grit+1"],"picked":"Inflame","floor":37},{"not_picked":["Twin Strike+1","Sever Soul+1"],"picked":"Flame Barrier+1","floor":39},{"not_picked":["Ghostly Armor","Twin Strike+1"],"picked":"Anger+1","floor":46},{"not_picked":["Flex+1","Second Wind"],"picked":"Seeing Red+1","floor":48}],"player_experience":3083,"relics_obtained":[{"floor":6,"key":"Centennial Puzzle"},{"floor":8,"key":"Dodecahedron"},{"floor":9,"key":"Bottled Flame"},{"floor":10,"key":"Pen Nib"},{"floor":19,"key":"Necronomicon"},{"floor":26,"key":"Oddly Smooth Stone"},{"floor":28,"key":"Molten Egg 2"},{"floor":30,"key":"Charon\u0027s Ashes"},{"floor":43,"key":"Letter Opener"},{"floor":46,"key":"Gambling Chip"}],"event_choices":[{"damage_healed":0,"gold_gain":0,"player_choice":"Success","damage_taken":3,"relics_obtained":["Champion Belt"],"max_hp_gain":0,"max_hp_loss":0,"event_name":"Scrap Ooze","floor":2,"gold_loss":0},{"damage_healed":0,"gold_gain":0,"player_choice":"Left Gold","damage_taken":0,"max_hp_gain":0,"max_hp_loss":0,"event_name":"World of Goop","floor":4,"gold_loss":41},{"cards_removed":["Strike_R"],"damage_healed":0,"gold_gain":0,"player_choice":"Card Removal","damage_taken":7,"max_hp_gain":0,"max_hp_loss":0,"event_name":"Golden Wing","floor":5,"gold_loss":0},{"damage_healed":0,"gold_gain":0,"player_choice":"Obtained Book","damage_taken":16,"max_hp_gain":0,"max_hp_loss":0,"event_name":"Cursed Tome","floor":19,"gold_loss":0},{"damage_healed":0,"gold_gain":0,"player_choice":"Simplicity","damage_taken":0,"max_hp_gain":0,"max_hp_loss":0,"event_name":"Back to Basics","floor":22,"gold_loss":0,"cards_upgraded":["Strike_R","Strike_R","Strike_R","Strike_R","Defend_R","Defend_R","Defend_R","Defend_R"]},{"damage_healed":0,"gold_gain":0,"player_choice":"Ignored","damage_taken":0,"max_hp_gain":0,"max_hp_loss":0,"event_name":"Vampires","floor":23,"gold_loss":0},{"damage_healed":0,"gold_gain":0,"player_choice":"Forge","damage_taken":0,"max_hp_gain":0,"max_hp_loss":0,"event_name":"Accursed Blacksmith","floor":25,"gold_loss":0,"cards_upgraded":["Uppercut"]},{"damage_healed":0,"gold_gain":0,"player_choice":"Embrace Madness","damage_taken":10,"max_hp_gain":0,"max_hp_loss":0,"event_name":"Winding Halls","floor":45,"gold_loss":0,"cards_obtained":["Madness","Madness"]},{"damage_healed":0,"gold_gain":0,"player_choice":"Fight","damage_taken":0,"max_hp_gain":0,"max_hp_loss":0,"event_name":"MindBloom","floor":46,"gold_loss":0}],"is_beta":false,"boss_relics":[{"not_picked":["Black Star","Calling Bell"],"picked":"White Beast Statue"},{"not_picked":["Orrery","Astrolabe"],"picked":"Eternal Feather"}],"items_purged_floors":[],"is_endless":false,"potions_floor_spawned":[10,11,16,18,21,28,29,30,31,33,35,36,37,38,39,46,48],"ascension_level":0}