{"gold_per_floor":[16,30,30,46,46,73,73,98,176,176],"floor_reached":10,"playtime":372,"items_purged":[],"score":133,"play_id":"f608f2e0-fd72-4b3a-9f3d-332278f2e117","local_time":"20191026035855","is_ascension_mode":true,"campfire_choices":[{"data":"Zap","floor":7,"key":"SMITH"}],"neow_cost":"NO_GOLD","seed_source_timestamp":1365974785193200,"circlet_count":0,"master_deck":["AscendersBane","Strike_B","Strike_B","Strike_B","Strike_B","Defend_B","Defend_B","Defend_B","Defend_B","Zap+1","Dualcast","Undo","Sunder+1","White Noise","Sweeping Beam","Chill"],"relics":["Cracked Core","WingedGreaves","Nunchaku","Pen Nib","Question Card"],"potions_floor_usage":[6],"damage_taken":[{"damage":2,"enemies":"2 Louse","floor":1,"turns":3},{"damage":1,"enemies":"Cultist","floor":2,"turns":4},{"damage":2,"enemies":"Jaw Worm","floor":4,"turns":2},{"damage":26,"enemies":"Lagavulin","floor":6,"turns":7},{"damage":37,"enemies":"Gremlin Nob","floor":8,"turns":4},{"damage":20,"enemies":"Large Slime","floor":10,"turns":3}],"seed_played":"-8618696422392568688","potions_obtained":[{"floor":1,"key":"LiquidBronze"},{"floor":2,"key":"Regen Potion"}],"is_trial":false,"path_per_floor":["M","M","?","M","$","E","R","E","T","M"],"character_chosen":"DEFECT","items_purchased":[],"campfire_rested":0,"item_purchase_floors":[],"current_hp_per_floor":[62,61,61,59,59,48,48,11,11,0],"gold":176,"neow_bonus":"ONE_RARE_RELIC","is_prod":false,"is_daily":false,"chose_seed":false,"campfire_upgraded":1,"win_rate":0,"timestamp":1572076735,"path_taken":["M","M","?","M","?","E","R","E","T","M"],"build_version":"2019-07-17","purchased_purges":0,"victory":false,"max_hp_per_floor":[71,71,71,71,71,71,71,71,71,71],"card_choices":[{"not_picked":["Skim","Turbo"],"picked":"Undo","floor":1},{"not_picked":["Darkness","Sweeping Beam"],"picked":"Sunder","floor":2},{"not_picked":["Barrage","Redo"],"picked":"White Noise","floor":4},{"not_picked":["Turbo","Aggregate"],"picked":"Sweeping Beam","floor":6},{"not_picked":["Darkness","Consume"],"picked":"Chill","floor":8}],"player_experience":610327,"relics_obtained":[{"floor":6,"key":"Nunchaku"},{"floor":8,"key":"Pen Nib"},{"floor":9,"key":"Question Card"}],"event_choices":[{"damage_healed":0,"gold_gain":0,"player_choice":"Forge","damage_taken":0,"max_hp_gain":0,"max_hp_loss":0,"event_name":"Accursed Blacksmith","floor":3,"gold_loss":0,"cards_upgraded":["Sunder"]}],"is_beta":false,"boss_relics":[],"items_purged_floors":[],"is_endless":false,"potions_floor_spawned":[1,2],"killed_by":"Large Slime","ascension_level":15}