{"gold_per_floor":[11,29,45,64,83,83,114,114,114,148,165,165,165,195,195,266,266,277,293,46,65,65,65,85,85,154,154,0,0,14,49,49,128,128,139,139,139],"floor_reached":37,"playtime":2217,"items_purged":["Strike_B"],"score":803,"play_id":"f4178736-b668-4748-aeab-c107352a5aa7","local_time":"20191030030615","is_ascension_mode":true,"campfire_choices":[{"data":"Redo","floor":6,"key":"SMITH"},{"data":"Electrodynamics","floor":8,"key":"SMITH"},{"floor":12,"key":"REST"},{"floor":15,"key":"REST"},{"floor":23,"key":"REST"},{"floor":25,"key":"REST"},{"data":"Hologram","floor":27,"key":"SMITH"},{"data":"Consume","floor":29,"key":"SMITH"},{"floor":32,"key":"REST"}],"neow_cost":"NO_GOLD","seed_source_timestamp":1706614826325100,"circlet_count":0,"master_deck":["AscendersBane","Strike_B","Defend_B","Defend_B","Defend_B","Defend_B","Zap","Dualcast","Heatsinks","Force Field","Rip and Tear","Ball Lightning","Redo+1","Electrodynamics+1","Cold Snap","Darkness","Leap","Leap","Hologram+1","Machine Learning+1","Melter","Capacitor+1","Consume+1","Compile Driver","Defragment+1","Self Repair+1","Buffer+1","Cold Snap"],"relics":["Cracked Core","WingedGreaves","Bag of Marbles","Smiling Mask","Frozen Egg 2","Velvet Choker","Bottled Tornado","Bag of Preparation","Inserter"],"potions_floor_usage":[7,10,10,14,14,16,18,21,31],"damage_taken":[{"damage":1,"enemies":"Cultist","floor":1,"turns":3},{"damage":1,"enemies":"2 Louse","floor":2,"turns":2},{"damage":7,"enemies":"Jaw Worm","floor":3,"turns":3},{"damage":11,"enemies":"Blue Slaver","floor":4,"turns":3},{"damage":5,"enemies":"3 Louse","floor":5,"turns":3},{"damage":7,"enemies":"Gremlin Nob","floor":7,"turns":3},{"damage":9,"enemies":"3 Sentries","floor":10,"turns":5},{"damage":12,"enemies":"Exordium Wildlife","floor":11,"turns":3},{"damage":7,"enemies":"Gremlin Nob","floor":14,"turns":4},{"damage":6,"enemies":"The Guardian","floor":16,"turns":10},{"damage":19,"enemies":"Chosen","floor":18,"turns":4},{"damage":0,"enemies":"Spheric Guardian","floor":19,"turns":1},{"damage":37,"enemies":"Snake Plant","floor":21,"turns":5},{"damage":12,"enemies":"3 Cultists","floor":24,"turns":3},{"damage":13,"enemies":"Centurion and Healer","floor":30,"turns":4},{"damage":0,"enemies":"Gremlin Leader","floor":31,"turns":5},{"damage":17,"enemies":"Automaton","floor":33,"turns":9},{"damage":28,"enemies":"3 Shapes","floor":35,"turns":3},{"damage":36,"enemies":"3 Darklings","floor":37,"turns":2}],"seed_played":"-5154235905452721656","potions_obtained":[{"floor":3,"key":"PowerPotion"},{"floor":5,"key":"EssenceOfSteel"},{"floor":7,"key":"EntropicBrew"},{"floor":14,"key":"Dexterity Potion"},{"floor":16,"key":"Weak Potion"},{"floor":19,"key":"Dexterity Potion"},{"floor":30,"key":"Swift Potion"},{"floor":33,"key":"LiquidBronze"}],"is_trial":false,"path_per_floor":["M","M","M","M","M","R","E","R","T","E","M","R","?","E","R","B",null,"M","M","$","M","?","R","M","R","T","R","?","R","M","E","R","B",null,"M","?","M"],"character_chosen":"DEFECT","items_purchased":["Capacitor+1","Consume","Compile Driver"],"campfire_rested":5,"item_purchase_floors":[20,20,20],"current_hp_per_floor":[63,62,55,44,39,39,32,32,32,23,11,32,32,25,46,40,63,44,44,44,7,7,28,16,37,37,37,37,37,24,24,45,38,63,35,35,0],"gold":139,"neow_bonus":"TRANSFORM_TWO_CARDS","is_prod":false,"is_daily":false,"chose_seed":false,"campfire_upgraded":4,"win_rate":0,"timestamp":1572419175,"path_taken":["M","M","M","?","M","R","E","R","T","E","M","R","?","E","R","BOSS","M","M","$","M","?","R","M","R","T","R","?","R","M","E","R","BOSS","M","?","M"],"build_version":"2019-07-17","purchased_purges":1,"victory":false,"max_hp_per_floor":[71,71,71,71,71,71,71,71,71,71,71,71,71,71,71,71,71,71,71,71,71,71,71,71,71,71,71,71,71,71,71,71,71,71,71,71,71],"card_choices":[{"not_picked":["Coolheaded","Beam Cell"],"picked":"Rip and Tear","floor":1},{"not_picked":["Compile Driver","Stack"],"picked":"Ball Lightning","floor":2},{"not_picked":["Turbo","Scrape"],"picked":"Redo","floor":3},{"not_picked":["Hologram","Coolheaded"],"picked":"Electrodynamics","floor":4},{"not_picked":["Coolheaded","Sweeping Beam"],"picked":"Cold Snap","floor":5},{"not_picked":["Stack","Streamline"],"picked":"Darkness","floor":7},{"not_picked":["Go for the Eyes","Sweeping Beam"],"picked":"Leap","floor":10},{"not_picked":["Coolheaded","Recycle"],"picked":"Leap","floor":11},{"not_picked":["FTL","Sunder"],"picked":"Hologram","floor":14},{"not_picked":["Hyperbeam","Multi-Cast"],"picked":"Machine Learning+1","floor":16},{"not_picked":["Barrage","Rebound"],"picked":"Melter","floor":18},{"not_picked":["Beam Cell","Double Energy","Steam"],"picked":"SKIP","floor":19},{"not_picked":["Rip and Tear","BootSequence","Hologram"],"picked":"SKIP","floor":21},{"not_picked":["Leap","Ball Lightning","Hello World+1"],"picked":"SKIP","floor":24},{"not_picked":["Go for the Eyes","Storm+1"],"picked":"Defragment+1","floor":30},{"not_picked":["Redo","Chaos"],"picked":"Self Repair+1","floor":31},{"not_picked":["Seek","Multi-Cast"],"picked":"Buffer+1","floor":33},{"not_picked":["Darkness","Blizzard"],"picked":"Cold Snap","floor":35}],"player_experience":702819,"relics_obtained":[{"floor":7,"key":"WingedGreaves"},{"floor":9,"key":"Bag of Marbles"},{"floor":10,"key":"Smiling Mask"},{"floor":14,"key":"Frozen Egg 2"},{"floor":26,"key":"Bottled Tornado"},{"floor":31,"key":"Bag of Preparation"}],"event_choices":[{"damage_healed":0,"gold_gain":0,"player_choice":"Fled","damage_taken":0,"max_hp_gain":0,"max_hp_loss":0,"event_name":"Scrap Ooze","floor":13,"gold_loss":0},{"damage_healed":0,"gold_gain":0,"player_choice":"Ignored","damage_taken":0,"max_hp_gain":0,"max_hp_loss":0,"event_name":"The Mausoleum","floor":22,"gold_loss":0},{"damage_healed":0,"gold_gain":0,"player_choice":"Paid Fearfully","damage_taken":0,"max_hp_gain":0,"max_hp_loss":0,"event_name":"Masked Bandits","floor":28,"gold_loss":154},{"damage_healed":0,"gold_gain":0,"player_choice":"Ignored","damage_taken":0,"max_hp_gain":0,"max_hp_loss":0,"event_name":"The Moai Head","floor":36,"gold_loss":0}],"is_beta":false,"boss_relics":[{"not_picked":["Philosopher\u0027s Stone","Orrery"],"picked":"Velvet Choker"},{"not_picked":["Sozu","Lizard Tail"],"picked":"Inserter"}],"items_purged_floors":[20],"is_endless":false,"potions_floor_spawned":[3,5,7,14,16,19,30,33],"killed_by":"3 Darklings","ascension_level":17}