{"gold_per_floor":[115,5,5,17,30,30,30,30,30,40,40,57,57],"floor_reached":13,"playtime":450,"items_purged":[],"score":90,"play_id":"ca110f9f-13ab-4724-bef9-aadf799abf60","local_time":"20191021200308","is_ascension_mode":true,"campfire_choices":[{"data":"Zap","floor":6,"key":"SMITH"},{"data":"Rainbow","floor":8,"key":"SMITH"}],"neow_cost":"PERCENT_DAMAGE","seed_source_timestamp":1053746779089900,"circlet_count":0,"master_deck":["Strike_B","Strike_B","Defend_B","Defend_B","Defend_B","Zap+1","Dualcast","Conserve Battery","Capacitor","Reprogram","Hologram","Recycle","Rainbow+1","Leap+1","Consume"],"relics":["Cracked Core","Centennial Puzzle","Darkstone Periapt"],"potions_floor_usage":[13],"damage_taken":[{"damage":1,"enemies":"Cultist","floor":1,"turns":3},{"damage":7,"enemies":"Jaw Worm","floor":4,"turns":3},{"damage":1,"enemies":"2 Louse","floor":5,"turns":2},{"damage":10,"enemies":"2 Fungi Beasts","floor":10,"turns":4},{"damage":9,"enemies":"Red Slaver","floor":12,"turns":3},{"damage":26,"enemies":"3 Sentries","floor":13,"turns":6}],"seed_played":"-6732670198707155074","potions_obtained":[{"floor":1,"key":"Block Potion"},{"floor":10,"key":"SpeedPotion"},{"floor":12,"key":"AttackPotion"}],"is_trial":false,"path_per_floor":["M","$","?","M","M","R","?","R","T","M","?","M","E"],"character_chosen":"DEFECT","items_purchased":["Capacitor","Reprogram"],"campfire_rested":0,"item_purchase_floors":[2,2],"current_hp_per_floor":[53,53,53,46,45,45,45,45,45,35,35,26,0],"gold":57,"neow_bonus":"REMOVE_TWO","is_prod":false,"is_daily":false,"chose_seed":false,"campfire_upgraded":2,"win_rate":0,"timestamp":1571713388,"path_taken":["M","?","?","M","?","R","?","R","T","M","?","M","E"],"build_version":"2019-07-17","purchased_purges":0,"victory":false,"max_hp_per_floor":[75,75,75,75,75,75,75,75,75,75,75,75,75],"card_choices":[{"not_picked":["Reinforced Body","Go for the Eyes"],"picked":"Conserve Battery","floor":1},{"not_picked":["Barrage","Turbo"],"picked":"Hologram","floor":4},{"not_picked":["Barrage","Streamline"],"picked":"Recycle","floor":5},{"not_picked":["Cold Snap","Static Discharge"],"picked":"Leap","floor":10},{"not_picked":["Rip and Tear","Beam Cell"],"picked":"Consume","floor":12}],"player_experience":345351,"relics_obtained":[{"floor":9,"key":"Darkstone Periapt"}],"event_choices":[{"damage_healed":0,"gold_gain":0,"player_choice":"Gave Potion","damage_taken":0,"relics_obtained":["Centennial Puzzle"],"max_hp_gain":0,"max_hp_loss":0,"event_name":"WeMeetAgain","floor":3,"gold_loss":0},{"damage_healed":0,"gold_gain":0,"cards_transformed":["Strike_B"],"player_choice":"Change","damage_taken":0,"max_hp_gain":0,"max_hp_loss":0,"event_name":"Living Wall","floor":7,"gold_loss":0,"cards_obtained":["Rainbow"]},{"damage_healed":0,"gold_gain":0,"player_choice":"Upgraded","damage_taken":0,"max_hp_gain":0,"max_hp_loss":0,"event_name":"Upgrade Shrine","floor":11,"gold_loss":0,"cards_upgraded":["Leap"]}],"is_beta":false,"boss_relics":[],"items_purged_floors":[],"is_endless":false,"potions_floor_spawned":[1,10,12],"killed_by":"3 Sentries","ascension_level":4}