{"gold_per_floor":[109,109,109,134,38,73,73,109,121,173,204,216,262,288,300,432,444,469,500,512,434,470,521,533,589,601,16,35,53,78,97,97,217,217,237,262,283,3,22,22,37,51,51,51,91,91,91,135,135,135],"floor_reached":51,"playtime":3699,"items_purged":["Strike_B"],"score":879,"play_id":"fc5a919f-f32f-481c-babe-cff1949fe3a6","local_time":"20191007223034","is_ascension_mode":true,"campfire_choices":[{"data":"Zap","floor":7.0,"key":"SMITH"},{"floor":15.0,"key":"REST"},{"data":"Beam Cell","floor":24.0,"key":"SMITH"},{"floor":32.0,"key":"REST"},{"data":"Creative AI","floor":40,"key":"SMITH"},{"data":"Go for the Eyes","floor":44,"key":"SMITH"},{"data":"Barrage","floor":46,"key":"SMITH"},{"floor":49,"key":"REST"}],"neow_cost":"NONE","seed_source_timestamp":0,"circlet_count":0,"master_deck":["Strike_B+1","Strike_B+1","Strike_B","Defend_B","Defend_B+1","Defend_B+1","Defend_B+1","Zap+1","Dualcast","Gash","Cold Snap+1","Sunder","Steam","Reboot","Sweeping Beam","Capacitor","Chaos","Go for the Eyes+1","Beam Cell+1","Machine Learning","Streamline+1","Coolheaded","RitualDagger","Blizzard","Core Surge","Melter","All For One","Barrage+1","FTL","Doom and Gloom+1","Storm+1","Creative AI+1","Consume+1","Turbo+1","Cold Snap+1","Auto Shields","Reprogram","Echo Form+1","Mind Blast","Redo+1"],"special_seed":0,"relics":["Cracked Core","NeowsBlessing","Golden Idol","Pocketwatch","MawBank","Thread and Needle","Matryoshka","Orichalcum","Bag of Marbles","Eternal Feather","Bottled Tornado","Whetstone","Potion Belt","The Courier","Toy Ornithopter","Bag of Preparation","Letter Opener","Inserter","Vajra","War Paint","Centennial Puzzle","Frozen Egg 2","Singing Bowl"],"potions_floor_usage":[35,41,45,48,48,50],"damage_taken":[{"damage":0.0,"enemies":"Cultist","floor":1.0,"turns":1.0},{"damage":0.0,"enemies":"2 Louse","floor":4.0,"turns":1.0},{"damage":0.0,"enemies":"Gremlin Nob","floor":6.0,"turns":1.0},{"damage":13.0,"enemies":"3 Sentries","floor":8.0,"turns":5.0},{"damage":19.0,"enemies":"Gremlin Nob","floor":10.0,"turns":4.0},{"damage":0.0,"enemies":"Small Slimes","floor":11.0,"turns":2.0},{"damage":4.0,"enemies":"3 Sentries","floor":13.0,"turns":5.0},{"damage":0.0,"enemies":"Looter","floor":14.0,"turns":3.0},{"damage":11.0,"enemies":"The Guardian","floor":16.0,"turns":11.0},{"damage":12.0,"enemies":"Spheric Guardian","floor":18.0,"turns":4.0},{"damage":0.0,"enemies":"Chosen","floor":19.0,"turns":3.0},{"damage":0.0,"enemies":"Centurion and Healer","floor":22.0,"turns":6.0},{"damage":8.0,"enemies":"Slavers","floor":23.0,"turns":5.0},{"damage":26.0,"enemies":"Book of Stabbing","floor":25.0,"turns":5.0},{"damage":0.0,"enemies":"Cultist and Chosen","floor":28.0,"turns":5.0},{"damage":0.0,"enemies":"3 Cultists","floor":29.0,"turns":4.0},{"damage":0.0,"enemies":"Chosen and Byrds","floor":30.0,"turns":4.0},{"damage":23.0,"enemies":"Snecko","floor":31.0,"turns":5.0},{"damage":32.0,"enemies":"Champ","floor":33.0,"turns":13.0},{"damage":2,"enemies":"Orb Walker","floor":35,"turns":3},{"damage":0,"enemies":"3 Shapes","floor":36,"turns":3},{"damage":15,"enemies":"Spire Growth","floor":37,"turns":4},{"damage":20,"enemies":"Writhing Mass","floor":39,"turns":6},{"damage":6,"enemies":"3 Darklings","floor":41,"turns":4},{"damage":10,"enemies":"Sphere and 2 Shapes","floor":42,"turns":4},{"damage":39,"enemies":"Giant Head","floor":45,"turns":8},{"damage":52,"enemies":"Nemesis","floor":48,"turns":7},{"damage":66,"enemies":"Time Eater","floor":50,"turns":8}],"seed_played":"-7726207022792894167","potions_obtained":[{"floor":1.0,"key":"SpeedPotion"},{"floor":4.0,"key":"Dexterity Potion"},{"floor":10.0,"key":"Poison Potion"},{"floor":13.0,"key":"Fire Potion"},{"floor":16.0,"key":"Energy Potion"},{"floor":25.0,"key":"Dexterity Potion"},{"floor":28.0,"key":"Block Potion"},{"floor":30.0,"key":"Strength Potion"},{"floor":31.0,"key":"Dexterity Potion"},{"floor":35,"key":"FearPotion"},{"floor":37,"key":"Explosive Potion"},{"floor":41,"key":"Regen Potion"},{"floor":42,"key":"Explosive Potion"}],"is_trial":false,"path_per_floor":["M","?","?","M","$","E","R","E","T","E","M","?","E","M","R","B",null,"M","M","?","?","M","E","R","E","T","$","M","M","M","M","R","B",null,"M","M","M","$","M","R","M","M","T","R","E","R","?","E","R","B",null],"character_chosen":"DEFECT","items_purchased":["Sunder","Steam","Toy Ornithopter","All For One","Bag of Preparation","Letter Opener","Vajra","EssenceOfSteel","Poison Potion"],"campfire_rested":3,"item_purchase_floors":[5,5,27,27,27,27,38,38,38],"current_hp_per_floor":[75,75,60,60,60,60,60,47,47,28,28,25,21,21,43,32,75,63,63,57,57,57,49,64,38,38,38,38,38,38,20,60,43,75,73,73,58,58,38,59,58,48,48,69,35,56,56,29,75,14],"gold":135,"neow_bonus":"THREE_ENEMY_KILL","is_prod":false,"is_daily":false,"chose_seed":false,"campfire_upgraded":5,"win_rate":0,"timestamp":1570512634,"path_taken":["M","?","?","M","$","E","R","E","T","E","M","?","E","M","R","BOSS","M","M","?","?","?","E","R","E","T","$","M","M","M","M","R","BOSS","M","M","M","$","M","R","M","?","T","R","E","R","?","E","R","BOSS"],"build_version":"2019-07-17","purchased_purges":1,"victory":true,"max_hp_per_floor":[75,75,75,75,75,75,75,75,75,75,75,75,75,75,75,75,75,75,75,75,75,75,75,75,75,75,75,75,75,75,75,75,75,75,75,75,75,75,75,75,75,75,75,75,75,75,75,75,75,75],"card_choices":[{"not_picked":["Force Field","Steam"],"picked":"Gash","floor":1.0},{"not_picked":["Reprogram","Conserve Battery"],"picked":"Cold Snap","floor":4.0},{"not_picked":["Reprogram","Streamline"],"picked":"Reboot","floor":6.0},{"not_picked":["Hologram","Ball Lightning"],"picked":"Sweeping Beam","floor":8.0},{"not_picked":["Darkness","Compile Driver"],"picked":"Capacitor","floor":10.0},{"not_picked":["Cold Snap","Sweeping Beam"],"picked":"Chaos","floor":11.0},{"not_picked":["Blizzard","Beam Cell"],"picked":"Go for the Eyes","floor":13.0},{"not_picked":["Fusion","Aggregate"],"picked":"Beam Cell","floor":14.0},{"not_picked":["Meteor Strike","Multi-Cast"],"picked":"Machine Learning","floor":16.0},{"not_picked":["Beam Cell","Aggregate"],"picked":"Streamline","floor":18.0},{"not_picked":["BootSequence","Doom and Gloom"],"picked":"Coolheaded","floor":19.0},{"not_picked":["Steam","Cold Snap+1"],"picked":"Blizzard","floor":22.0},{"not_picked":["Turbo","Compile Driver"],"picked":"Core Surge","floor":23.0},{"not_picked":["Chill","Rebound"],"picked":"Melter","floor":25.0},{"not_picked":["Compile Driver","Sweeping Beam"],"picked":"Barrage","floor":28.0},{"not_picked":["Redo","Sweeping Beam"],"picked":"FTL","floor":29.0},{"not_picked":["Hello World","Redo"],"picked":"Doom and Gloom+1","floor":30.0},{"not_picked":["Stack+1","Capacitor"],"picked":"Storm+1","floor":31.0},{"not_picked":["All For One","Seek"],"picked":"Creative AI","floor":33.0},{"not_picked":["Steam+1","Gash"],"picked":"Consume+1","floor":35},{"not_picked":["Barrage+1","Force Field"],"picked":"Turbo+1","floor":36},{"not_picked":["Hologram","Compile Driver","Cold Snap"],"picked":"SKIP","floor":37},{"not_picked":["Heatsinks+1","Consume"],"picked":"Cold Snap+1","floor":39},{"not_picked":["Stack","Static Discharge"],"picked":"Auto Shields","floor":41},{"not_picked":["Steam Power+1","Streamline"],"picked":"Reprogram","floor":42},{"not_picked":["Sweeping Beam+1","Turbo+1"],"picked":"Echo Form","floor":45},{"not_picked":["Enlightenment","Mayhem+1"],"picked":"Mind Blast","floor":47},{"not_picked":["Gash","Skim+1"],"picked":"Redo+1","floor":48}],"player_experience":296190,"relics_obtained":[{"floor":6.0,"key":"Pocketwatch"},{"floor":8.0,"key":"MawBank"},{"floor":9.0,"key":"Thread and Needle"},{"floor":10.0,"key":"Matryoshka"},{"floor":13.0,"key":"Bag of Marbles"},{"floor":23.0,"key":"Bottled Tornado"},{"floor":25.0,"key":"Whetstone"},{"floor":26.0,"key":"Potion Belt"},{"floor":26.0,"key":"The Courier"},{"floor":43,"key":"War Paint"},{"floor":43,"key":"Centennial Puzzle"},{"floor":45,"key":"Frozen Egg 2"},{"floor":48,"key":"Singing Bowl"}],"event_choices":[{"damage_healed":0.0,"max_hp_gain":0.0,"max_hp_loss":0.0,"gold_gain":0.0,"event_name":"Golden Idol","player_choice":"Take Wound","floor":2.0,"gold_loss":0.0,"damage_taken":0.0,"relics_obtained":["Golden Idol"],"cards_obtained":["Injury"]},{"damage_healed":0.0,"max_hp_gain":0.0,"max_hp_loss":0.0,"gold_gain":0.0,"event_name":"Shining Light","player_choice":"Entered Light","floor":3.0,"gold_loss":0.0,"damage_taken":15.0,"cards_upgraded":["Strike_B","Defend_B"]},{"damage_healed":0.0,"max_hp_gain":0.0,"max_hp_loss":0.0,"gold_gain":0.0,"event_name":"Scrap Ooze","player_choice":"Success","floor":12.0,"gold_loss":0.0,"damage_taken":3.0,"relics_obtained":["Orichalcum"]},{"damage_healed":0.0,"max_hp_gain":0.0,"max_hp_loss":0.0,"gold_gain":0.0,"event_name":"Nest","player_choice":"Joined the Cult","floor":20.0,"gold_loss":0.0,"damage_taken":6.0,"cards_obtained":["RitualDagger"]},{"cards_removed":["Injury"],"damage_healed":0.0,"max_hp_gain":0.0,"max_hp_loss":0.0,"gold_gain":0.0,"event_name":"Designer","player_choice":"Upgrade and Remove","floor":21.0,"gold_loss":90.0,"damage_taken":0.0,"cards_upgraded":["Streamline"]},{"damage_healed":0,"gold_gain":0,"player_choice":"Memory 1","damage_taken":0,"max_hp_gain":0,"max_hp_loss":0,"event_name":"SensoryStone","floor":47,"gold_loss":0}],"is_beta":false,"boss_relics":[{"not_picked":["Orrery","Calling Bell"],"picked":"Eternal Feather"},{"not_picked":["Busted Crown","Tiny House"],"picked":"Inserter"}],"items_purged_floors":[38],"is_endless":false,"potions_floor_spawned":[1,4,10,13,16,18,25,28,30,31,35,37,41,42],"ascension_level":2}