{"gold_per_floor":[115,85,102,117,131,164,164,180,204,204,232,5,37,37,37,133,133,73,73,73,73,73,73,73,73,73,73,73,73,73,73,73,73,73,73,21,0,0,0,0,0,0,0,0,0,0,0,0],"floor_reached":48,"playtime":4146,"items_purged":[],"score":622,"play_id":"ab07d58f-7ee3-4100-a076-42fa9ee7a55b","local_time":"20191003123817","is_ascension_mode":false,"campfire_choices":[{"data":"Neutralize","floor":7,"key":"SMITH"},{"data":"Caltrops","floor":10,"key":"SMITH"},{"data":"A Thousand Cuts","floor":15,"key":"SMITH"},{"floor":25,"key":"REST"},{"data":"Night Terror","floor":27,"key":"SMITH"},{"data":"Ghostly","floor":32,"key":"SMITH"},{"data":"Phantasmal Killer","floor":40,"key":"SMITH"},{"data":"Defend_G","floor":44,"key":"PURGE"}],"neow_cost":"NONE","seed_source_timestamp":1422455664264300,"circlet_count":0,"master_deck":["Strike_G","Strike_G","Defend_G","Defend_G+1","Defend_G","Defend_G","Survivor","Neutralize+1","Backflip+1","Predator","All Out Attack","Flying Knee","Caltrops+1","Underhanded Strike","Prepared","Adrenaline+1","A Thousand Cuts+1","Night Terror+1","PiercingWail","Noxious Fumes","Blade Dance","Phantasmal Killer+1","Footwork","Ghostly+1","Ghostly","Ghostly","Ghostly","Ghostly","Choke","Deflect+1","Wraith Form v2","Poisoned Stab","Tactician+1","Prepared+1","Noxious Fumes","Blur+1","Backstab"],"relics":["Ring of the Snake","NeowsBlessing","Mummified Hand","War Paint","Juzu Bracelet","Chemical X","Regal Pillow","Ectoplasm","Sundial","White Beast Statue","Matryoshka","Empty Cage","Red Mask","Pocketwatch","Anchor","Peace Pipe","Darkstone Periapt"],"potions_floor_usage":[6,16,18,19,24,29,30,39,39,41,41,46,46],"damage_taken":[{"damage":0,"enemies":"Cultist","floor":1,"turns":1},{"damage":0,"enemies":"Small Slimes","floor":3,"turns":1},{"damage":0,"enemies":"Jaw Worm","floor":4,"turns":1},{"damage":7,"enemies":"Looter","floor":5,"turns":3},{"damage":10,"enemies":"3 Sentries","floor":6,"turns":5},{"damage":0,"enemies":"Gremlin Gang","floor":8,"turns":3},{"damage":9,"enemies":"Gremlin Nob","floor":11,"turns":4},{"damage":2,"enemies":"3 Sentries","floor":13,"turns":3},{"damage":0,"enemies":"Hexaghost","floor":16,"turns":8},{"damage":7,"enemies":"2 Thieves","floor":18,"turns":3},{"damage":4,"enemies":"Shell Parasite","floor":19,"turns":3},{"damage":10,"enemies":"Chosen and Byrds","floor":21,"turns":4},{"damage":11,"enemies":"3 Cultists","floor":22,"turns":4},{"damage":5,"enemies":"Gremlin Leader","floor":23,"turns":4},{"damage":15,"enemies":"Snake Plant","floor":24,"turns":3},{"damage":9,"enemies":"Slavers","floor":29,"turns":5},{"damage":1,"enemies":"Shelled Parasite and Fungi","floor":30,"turns":6},{"damage":19,"enemies":"Collector","floor":33,"turns":9},{"damage":3,"enemies":"Orb Walker","floor":35,"turns":7},{"damage":2,"enemies":"3 Darklings","floor":38,"turns":3},{"damage":0,"enemies":"Mind Bloom Boss Battle","floor":39,"turns":5},{"damage":2,"enemies":"Spire Growth","floor":41,"turns":6},{"damage":1,"enemies":"Transient","floor":45,"turns":5},{"damage":25,"enemies":"Giant Head","floor":46,"turns":10},{"damage":0,"enemies":"Jaw Worm Horde","floor":47,"turns":5}],"seed_played":"-6229619858448570955","potions_obtained":[{"floor":2,"key":"Fire Potion"},{"floor":2,"key":"Dexterity Potion"},{"floor":6,"key":"Energy Potion"},{"floor":8,"key":"Energy Potion"},{"floor":18,"key":"Poison Potion"},{"floor":22,"key":"Fire Potion"},{"floor":29,"key":"Energy Potion"},{"floor":30,"key":"Ancient Potion"},{"floor":33,"key":"AttackPotion"},{"floor":35,"key":"CunningPotion"},{"floor":39,"key":"AttackPotion"},{"floor":41,"key":"AttackPotion"},{"floor":42,"key":"Strength Potion"},{"floor":42,"key":"GamblersBrew"},{"floor":46,"key":"Block Potion"},{"floor":47,"key":"Weak Potion"}],"is_trial":false,"path_per_floor":["M","?","M","M","M","E","R","M","T","R","E","$","E","?","R","B",null,"M","M","?","M","M","E","M","R","T","R","?","E","M","?","R","B",null,"M","$","?","M","?","R","M","?","T","R","M","E","M","?"],"character_chosen":"THE_SILENT","items_purchased":["Chemical X","Adrenaline","Energy Potion"],"campfire_rested":1,"item_purchase_floors":[12,12,36],"current_hp_per_floor":[70,70,70,70,63,53,53,53,53,53,44,44,42,35,35,35,70,63,59,70,60,49,44,29,65,65,65,35,26,25,25,25,6,35,32,32,32,30,30,30,28,28,28,28,27,2,2,0],"gold":0,"neow_bonus":"THREE_ENEMY_KILL","is_prod":false,"is_daily":false,"chose_seed":false,"campfire_upgraded":6,"win_rate":0.0,"timestamp":1570131497,"path_taken":["M","?","M","M","M","E","R","M","T","R","E","$","E","?","R","BOSS","M","M","?","M","M","E","M","R","T","R","?","E","M","?","R","BOSS","M","$","?","M","?","R","M","?","T","R","M","E","M","?"],"build_version":"2019-10-02","purchased_purges":0,"victory":false,"max_hp_per_floor":[70,70,70,70,70,70,70,70,70,70,70,70,70,70,70,70,70,70,70,70,70,70,70,70,70,70,70,35,35,35,35,35,35,35,35,35,35,35,35,35,35,35,35,35,35,35,35,35],"card_choices":[{"not_picked":["Deflect","Dagger Throw"],"picked":"Backflip","floor":1},{"not_picked":["Blade Dance","Quick Slash"],"picked":"Predator","floor":3},{"not_picked":["Underhanded Strike","Sucker Punch"],"picked":"All Out Attack","floor":4},{"not_picked":["Dodge and Roll","Deflect"],"picked":"Flying Knee","floor":5},{"not_picked":["Dagger Spray","Flying Knee"],"picked":"Caltrops","floor":6},{"not_picked":["Deflect","Blur"],"picked":"Underhanded Strike","floor":8},{"not_picked":["Outmaneuver","Choke"],"picked":"Prepared","floor":11},{"not_picked":["Sucker Punch","Tactician"],"picked":"A Thousand Cuts","floor":13},{"not_picked":["Doppelganger","Bullet Time"],"picked":"Night Terror","floor":16},{"not_picked":["Prepared","Flying Knee"],"picked":"PiercingWail","floor":18},{"not_picked":["Distraction","Dodge and Roll"],"picked":"Noxious Fumes","floor":19},{"not_picked":["Acrobatics","Finisher"],"picked":"Blade Dance","floor":21},{"not_picked":["Flying Knee+1","PiercingWail"],"picked":"Phantasmal Killer","floor":22},{"not_picked":["Flechettes","Eviscerate"],"picked":"Footwork","floor":23},{"not_picked":["Flechettes","Underhanded Strike","Predator+1"],"picked":"SKIP","floor":24},{"not_picked":["All Out Attack","Quick Slash"],"picked":"Choke","floor":29},{"not_picked":["Finisher","Poisoned Stab"],"picked":"Deflect+1","floor":30},{"not_picked":["Phantasmal Killer","Doppelganger"],"picked":"Wraith Form v2","floor":33},{"not_picked":["Deadly Poison","Underhanded Strike+1"],"picked":"Poisoned Stab","floor":35},{"not_picked":["Poisoned Stab+1","Blade Dance+1"],"picked":"Tactician+1","floor":38},{"not_picked":["Endless Agony+1","Reflex"],"picked":"Prepared+1","floor":39},{"not_picked":["Infinite Blades","Dodge and Roll","Dagger Spray+1"],"picked":"SKIP","floor":41},{"not_picked":["Eviscerate+1","Calculated Gamble+1"],"picked":"Noxious Fumes","floor":45},{"not_picked":["Dash","Dagger Throw"],"picked":"Blur+1","floor":46},{"not_picked":["Outmaneuver","Tactician+1"],"picked":"Backstab","floor":47}],"player_experience":43300,"relics_obtained":[{"floor":6,"key":"Mummified Hand"},{"floor":9,"key":"War Paint"},{"floor":11,"key":"Juzu Bracelet"},{"floor":13,"key":"Regal Pillow"},{"floor":23,"key":"Sundial"},{"floor":26,"key":"White Beast Statue"},{"floor":29,"key":"Matryoshka"},{"floor":39,"key":"Pocketwatch"},{"floor":43,"key":"Anchor"},{"floor":43,"key":"Peace Pipe"},{"floor":46,"key":"Darkstone Periapt"}],"event_choices":[{"damage_healed":0,"gold_gain":0,"player_choice":"Bought 2 Potions","damage_taken":0,"max_hp_gain":0,"max_hp_loss":0,"event_name":"The Woman in Blue","floor":2,"gold_loss":0},{"cards_removed":["Strike_G"],"damage_healed":0,"gold_gain":0,"player_choice":"Card Removal","damage_taken":7,"max_hp_gain":0,"max_hp_loss":0,"event_name":"Golden Wing","floor":14,"gold_loss":0},{"damage_healed":23,"gold_gain":0,"player_choice":"Heal","damage_taken":0,"max_hp_gain":0,"max_hp_loss":0,"event_name":"The Library","floor":20,"gold_loss":0},{"damage_healed":0,"gold_gain":0,"player_choice":"Became a Ghost","damage_taken":0,"max_hp_gain":0,"max_hp_loss":35,"event_name":"Ghosts","floor":28,"gold_loss":0,"cards_obtained":["Ghostly","Ghostly","Ghostly","Ghostly","Ghostly"]},{"damage_healed":0,"gold_gain":0,"player_choice":"Upgraded","damage_taken":0,"max_hp_gain":0,"max_hp_loss":0,"event_name":"Upgrade Shrine","floor":31,"gold_loss":0,"cards_upgraded":["Adrenaline"]},{"damage_healed":0,"gold_gain":0,"player_choice":"Paid","damage_taken":0,"relics_obtained":["Red Mask"],"max_hp_gain":0,"max_hp_loss":0,"event_name":"Tomb of Lord Red Mask","floor":37,"gold_loss":21},{"damage_healed":0,"gold_gain":0,"player_choice":"Fight","damage_taken":0,"max_hp_gain":0,"max_hp_loss":0,"event_name":"MindBloom","floor":39,"gold_loss":0},{"damage_healed":0,"gold_gain":0,"player_choice":"Got Potions","damage_taken":0,"max_hp_gain":0,"max_hp_loss":0,"event_name":"Lab","floor":42,"gold_loss":0},{"damage_healed":0,"gold_gain":0,"player_choice":"Embrace Madness","damage_taken":4,"max_hp_gain":0,"max_hp_loss":0,"event_name":"Winding Halls","floor":48,"gold_loss":0,"cards_obtained":["Madness","Madness"]}],"is_beta":true,"boss_relics":[{"not_picked":["Runic Dome","Coffee Dripper"],"picked":"Ectoplasm"},{"not_picked":["Busted Crown","Cursed Key"],"picked":"Empty Cage"}],"items_purged_floors":[],"is_endless":false,"potions_floor_spawned":[6,8,11,18,22,29,30,33,35,38,39,41,45,46,47],"ascension_level":0}