{"gold_per_floor":[118,129,129,129,304,331,343,385,475,517,539,551,594,618,630,745,757,779,805,817,841,768,780,819,831,843,886,898,134,162,177,177,275,275,294,311,311,16,29,63,81,116,116,116,116,116,116,127,127,127],"floor_reached":51,"playtime":3374,"items_purged":["Doubt"],"score":906,"play_id":"a4e5647b-e6c0-4653-bc71-33ee5b9e0e8f","local_time":"20190906021103","is_ascension_mode":true,"campfire_choices":[{"data":"Zap","floor":7,"key":"SMITH"},{"data":"Dualcast","floor":15,"key":"SMITH"},{"data":"White Noise","floor":23,"key":"SMITH"},{"floor":25,"key":"REST"},{"floor":32,"key":"REST"},{"floor":44,"key":"REST"},{"floor":46,"key":"REST"},{"floor":49,"key":"REST"}],"neow_cost":"NONE","seed_source_timestamp":867165142007400,"circlet_count":0,"master_deck":["Zap+1","Dualcast+1","Ball Lightning+1","Glacier+1","Skim+1","Sunder+1","Heatsinks+1","Sweeping Beam+1","Rebound+1","Cold Snap+1","Conserve Battery+1","Seek+1","Core Surge+1","White Noise+1","Undo+1","Scrape+1","Gash+1","Self Repair+1","Multi-Cast+1","Beam Cell+1","Turbo+1","Gash+1","Auto Shields+1","Beam Cell+1","Storm+1","FTL+1","Go for the Eyes+1","Buffer+1","Electrodynamics+1","Stack+1","Genetic Algorithm+1","Madness+1","Madness+1","Chaos+1","Compile Driver+1","Defragment+1","Doom and Gloom+1","Hologram+1","Buffer+1","Redo+1","Force Field"],"relics":["Cracked Core","NeowsBlessing","MawBank","Blood Vial","Meat on the Bone","PreservedInsect","Happy Flower","Pandora\u0027s Box","Molten Egg 2","Emotion Chip","Sundial","Bag of Preparation","Frozen Egg 2","Ginger","Bottled Flame","Fusion Hammer","Ice Cream","Dream Catcher","Pen Nib","Bird Faced Urn","Mark of the Bloom"],"potions_floor_usage":[8,8,16,16,33,33,42,50,50],"damage_taken":[{"damage":0,"enemies":"Cultist","floor":1,"turns":1},{"damage":0,"enemies":"Jaw Worm","floor":2,"turns":1},{"damage":0,"enemies":"Lagavulin","floor":6,"turns":1},{"damage":2,"enemies":"3 Sentries","floor":8,"turns":7},{"damage":23,"enemies":"Lagavulin","floor":10,"turns":7},{"damage":1,"enemies":"Small Slimes","floor":11,"turns":2},{"damage":0,"enemies":"Gremlin Nob","floor":13,"turns":3},{"damage":0,"enemies":"Blue Slaver","floor":14,"turns":3},{"damage":26,"enemies":"Hexaghost","floor":16,"turns":12},{"damage":22,"enemies":"3 Byrds","floor":18,"turns":5},{"damage":17,"enemies":"Shell Parasite","floor":19,"turns":5},{"damage":27,"enemies":"Centurion and Healer","floor":21,"turns":8},{"damage":45,"enemies":"Slavers","floor":24,"turns":6},{"damage":10,"enemies":"Gremlin Leader","floor":27,"turns":6},{"damage":26,"enemies":"Slavers","floor":30,"turns":4},{"damage":13,"enemies":"Chosen and Byrds","floor":31,"turns":5},{"damage":16,"enemies":"Automaton","floor":33,"turns":10},{"damage":6,"enemies":"3 Darklings","floor":35,"turns":2},{"damage":0,"enemies":"Orb Walker","floor":36,"turns":3},{"damage":6,"enemies":"Sphere and 2 Shapes","floor":39,"turns":3},{"damage":6,"enemies":"Giant Head","floor":40,"turns":9},{"damage":0,"enemies":"4 Shapes","floor":41,"turns":4},{"damage":5,"enemies":"Nemesis","floor":42,"turns":3},{"damage":0,"enemies":"Maw","floor":48,"turns":6},{"damage":25,"enemies":"Donu and Deca","floor":50,"turns":5}],"seed_played":"8542510851014790555","potions_obtained":[{"floor":1,"key":"LiquidBronze"},{"floor":2,"key":"Energy Potion"},{"floor":6,"key":"PowerPotion"},{"floor":11,"key":"Block Potion"},{"floor":18,"key":"SpeedPotion"},{"floor":31,"key":"Strength Potion"},{"floor":36,"key":"FocusPotion"},{"floor":41,"key":"AttackPotion"},{"floor":48,"key":"SkillPotion"}],"is_trial":false,"path_per_floor":["M","M","?","?","?","E","R","E","T","E","M","$","E","M","R","B",null,"M","M","?","M","?","R","E","R","T","E","?","$","E","M","R","B",null,"M","M","?","$","M","E","M","E","T","R","?","R","?","M","R","B",null],"character_chosen":"DEFECT","items_purchased":["Frozen Egg 2","Storm+1","FTL+1","Ginger","Ice Cream"],"campfire_rested":5,"item_purchase_floors":[29,29,29,29,38],"current_hp_per_floor":[75,75,80,80,80,80,80,78,78,57,58,58,60,62,62,50,80,65,57,80,60,60,60,36,60,60,59,59,59,54,43,67,53,80,74,80,70,70,73,76,80,80,80,80,80,80,80,80,80,55],"gold":127,"neow_bonus":"THREE_ENEMY_KILL","is_prod":false,"is_daily":false,"chose_seed":false,"campfire_upgraded":3,"win_rate":0,"timestamp":1567761063,"path_taken":["M","M","?","?","?","E","R","E","T","E","M","?","E","?","R","BOSS","M","M","?","M","?","R","E","R","T","E","?","$","E","M","R","BOSS","M","M","?","$","M","E","M","E","T","R","?","R","?","?","R","BOSS"],"build_version":"2019-07-17","purchased_purges":1,"victory":true,"max_hp_per_floor":[75,75,80,80,80,80,80,80,80,80,80,80,80,80,80,80,80,80,80,80,80,80,80,80,80,80,80,80,80,80,80,80,80,80,80,80,80,80,80,80,80,80,80,80,80,80,80,80,80,80],"card_choices":[{"not_picked":["Force Field","Leap"],"picked":"Ball Lightning","floor":1},{"not_picked":["Barrage","Creative AI"],"picked":"Glacier","floor":2},{"not_picked":["Skim","Chaos"],"picked":"Sunder","floor":6},{"not_picked":["Beam Cell","Force Field"],"picked":"Heatsinks","floor":8},{"not_picked":["Lockon","Reprogram"],"picked":"Sweeping Beam","floor":10},{"not_picked":["Hologram","Streamline"],"picked":"Rebound","floor":11},{"not_picked":["Consume","Go for the Eyes"],"picked":"Cold Snap","floor":13},{"not_picked":["Ball Lightning","Sunder"],"picked":"Conserve Battery","floor":14},{"not_picked":["Electrodynamics","Multi-Cast"],"picked":"Seek","floor":16},{"not_picked":["Sweeping Beam","Streamline"],"picked":"Beam Cell","floor":18},{"not_picked":["Go for the Eyes","Tempest"],"picked":"Turbo","floor":19},{"not_picked":["Reinforced Body","Leap"],"picked":"Gash","floor":21},{"not_picked":["Turbo","Steam Power"],"picked":"Auto Shields","floor":24},{"not_picked":["Genetic Algorithm","Sweeping Beam+1"],"picked":"Beam Cell+1","floor":27},{"not_picked":["Cold Snap+1","Turbo"],"picked":"Go for the Eyes+1","floor":30},{"not_picked":["Rebound+1","Rip and Tear+1"],"picked":"Buffer+1","floor":31},{"not_picked":["Rainbow","Creative AI+1"],"picked":"Electrodynamics+1","floor":33},{"not_picked":["Rebound+1","Capacitor+1"],"picked":"Stack+1","floor":35},{"not_picked":["Self Repair+1","FTL+1"],"picked":"Genetic Algorithm","floor":36},{"not_picked":["Recycle","Turbo"],"picked":"Chaos+1","floor":39},{"not_picked":["Steam","Stack+1"],"picked":"Compile Driver+1","floor":40},{"not_picked":["Sweeping Beam+1","Beam Cell+1"],"picked":"Defragment+1","floor":41},{"not_picked":["Static Discharge+1","Genetic Algorithm+1"],"picked":"Doom and Gloom+1","floor":42},{"not_picked":["Rebound+1","Chaos"],"picked":"Hologram","floor":44},{"not_picked":["Steam","Rebound+1"],"picked":"Buffer+1","floor":46},{"not_picked":["Go for the Eyes+1","Stack+1"],"picked":"Redo+1","floor":48},{"not_picked":["Conserve Battery","Consume"],"picked":"Force Field","floor":49}],"player_experience":269253,"relics_obtained":[{"floor":6,"key":"MawBank"},{"floor":8,"key":"Blood Vial"},{"floor":9,"key":"Meat on the Bone"},{"floor":10,"key":"PreservedInsect"},{"floor":13,"key":"Happy Flower"},{"floor":24,"key":"Emotion Chip"},{"floor":26,"key":"Sundial"},{"floor":27,"key":"Bag of Preparation"},{"floor":30,"key":"Bottled Flame"},{"floor":40,"key":"Dream Catcher"},{"floor":42,"key":"Pen Nib"},{"floor":43,"key":"Bird Faced Urn"}],"event_choices":[{"damage_healed":0,"gold_gain":0,"player_choice":"Donut","damage_taken":0,"max_hp_gain":5,"max_hp_loss":0,"event_name":"Big Fish","floor":3,"gold_loss":0},{"damage_healed":0,"gold_gain":0,"cards_transformed":["Strike_B"],"player_choice":"Change","damage_taken":0,"max_hp_gain":0,"max_hp_loss":0,"event_name":"Living Wall","floor":4,"gold_loss":0,"cards_obtained":["Skim"]},{"damage_healed":0,"gold_gain":175,"player_choice":"AGREE","damage_taken":0,"max_hp_gain":0,"max_hp_loss":0,"event_name":"Liars Game","floor":5,"gold_loss":0,"cards_obtained":["Doubt"]},{"damage_healed":26,"gold_gain":0,"player_choice":"Heal","damage_taken":0,"max_hp_gain":0,"max_hp_loss":0,"event_name":"The Library","floor":20,"gold_loss":0},{"damage_healed":0,"gold_gain":0,"player_choice":"Obtained Relic","damage_taken":0,"relics_obtained":["Molten Egg 2"],"max_hp_gain":0,"max_hp_loss":0,"event_name":"Addict","floor":22,"gold_loss":85},{"damage_healed":0,"gold_gain":0,"player_choice":"Ignored","damage_taken":0,"max_hp_gain":0,"max_hp_loss":0,"event_name":"Ghosts","floor":28,"gold_loss":0},{"damage_healed":0,"gold_gain":0,"player_choice":"Embrace Madness","damage_taken":10,"max_hp_gain":0,"max_hp_loss":0,"event_name":"Winding Halls","floor":37,"gold_loss":0,"cards_obtained":["Madness","Madness"]},{"damage_healed":0,"gold_gain":0,"player_choice":"Upgrade","damage_taken":0,"relics_obtained":["Mark of the Bloom"],"max_hp_gain":0,"max_hp_loss":0,"event_name":"MindBloom","floor":45,"gold_loss":0,"cards_upgraded":["Ball Lightning","Glacier","Skim","Sunder","Heatsinks","Sweeping Beam","Rebound","Cold Snap","Conserve Battery","Seek","Core Surge","Undo","Scrape","Gash","Self Repair","Multi-Cast","Beam Cell","Turbo","Gash","Auto Shields","Genetic Algorithm","Madness","Madness","Hologram"]},{"damage_healed":0,"gold_gain":0,"player_choice":"Ignored","damage_taken":0,"max_hp_gain":0,"max_hp_loss":0,"event_name":"Mysterious Sphere","floor":47,"gold_loss":0}],"is_beta":false,"boss_relics":[{"not_picked":["Astrolabe","Orrery"],"picked":"Pandora\u0027s Box"},{"not_picked":["Runic Dome","Tiny House"],"picked":"Fusion Hammer"}],"items_purged_floors":[29],"is_endless":false,"potions_floor_spawned":[1,2,6,11,18,31,36,41,48],"ascension_level":1}