{"gold_per_floor":[110,121,196,212,227,258,258,258,331,331,331,331,344,369,369,473,473,488,505,505,119,133,164,164,181,262,278,278,203,238,254,254,356,356,371,371,371,331,349,374,374,384,384,384],"floor_reached":44,"playtime":1792,"items_purged":[],"score":686,"play_id":"d22b1ee7-e2ab-4dc5-b7f0-bd570a31152c","local_time":"20191009232432","is_ascension_mode":true,"campfire_choices":[{"data":"Bash","floor":8,"key":"SMITH"},{"floor":11,"key":"REST"},{"data":"Rupture","floor":15,"key":"SMITH"},{"data":"Limit Break","floor":24,"key":"SMITH"},{"floor":32,"key":"REST"},{"data":"Double Tap","floor":41,"key":"SMITH"}],"neow_cost":"TEN_PERCENT_HP_LOSS","seed_source_timestamp":27679917700400,"circlet_count":0,"master_deck":["Strike_R","Strike_R","Strike_R","Strike_R","Defend_R","Defend_R+1","Defend_R+1","Bash+1","Shrug It Off+1","Immolate","Headbutt+1","Power Through","Rupture+1","Limit Break+1","Bludgeon+1","Heavy Blade+1","Flex+1","Doubt","Blind","Pummel+1","Warcry","Shame","Shrug It Off","Shame","Spot Weakness+1","True Grit","Exhume","Writhe","Injury","Seeing Red+1","Double Tap+1","Writhe"],"relics":["Burning Blood","Nunchaku","Du-Vu Doll","Kunai","Bronze Scales","Lantern","Cursed Key","Bottled Tornado","Ice Cream","Anchor","Bottled Lightning","Dream Catcher","Pocketwatch","Runic Cube","Shuriken","War Paint","Gambling Chip"],"potions_floor_usage":[6,16,16,16,25,42,44],"damage_taken":[{"damage":3,"enemies":"2 Louse","floor":1,"turns":3},{"damage":8,"enemies":"Small Slimes","floor":2,"turns":5},{"damage":0,"enemies":"Cultist","floor":4,"turns":3},{"damage":0,"enemies":"Lots of Slimes","floor":5,"turns":1},{"damage":32,"enemies":"Lagavulin","floor":6,"turns":6},{"damage":3,"enemies":"Red Slaver","floor":13,"turns":2},{"damage":20,"enemies":"3 Sentries","floor":14,"turns":4},{"damage":26,"enemies":"Hexaghost","floor":16,"turns":8},{"damage":22,"enemies":"2 Thieves","floor":18,"turns":2},{"damage":0,"enemies":"Chosen","floor":19,"turns":3},{"damage":7,"enemies":"Snecko","floor":22,"turns":3},{"damage":34,"enemies":"Slavers","floor":23,"turns":4},{"damage":0,"enemies":"Cultist and Chosen","floor":25,"turns":5},{"damage":11,"enemies":"Sentry and Sphere","floor":27,"turns":4},{"damage":8,"enemies":"Gremlin Leader","floor":30,"turns":5},{"damage":4,"enemies":"Snecko","floor":31,"turns":3},{"damage":37,"enemies":"Collector","floor":33,"turns":7},{"damage":0,"enemies":"Orb Walker","floor":35,"turns":2},{"damage":0,"enemies":"3 Shapes","floor":39,"turns":2},{"damage":22,"enemies":"Giant Head","floor":40,"turns":5},{"damage":24,"enemies":"Maw","floor":42,"turns":4},{"damage":39,"enemies":"Transient","floor":44,"turns":3}],"seed_played":"-4303009970405733928","potions_obtained":[{"floor":2,"key":"Fire Potion"},{"floor":6,"key":"Poison Potion"},{"floor":13,"key":"Ancient Potion"},{"floor":14,"key":"Strength Potion"},{"floor":18,"key":"SpeedPotion"},{"floor":23,"key":"SkillPotion"},{"floor":30,"key":"SkillPotion"},{"floor":33,"key":"SpeedPotion"},{"floor":35,"key":"Ancient Potion"}],"is_trial":false,"path_per_floor":["M","M","?","M","M","E","?","R","T","?","R","?","M","E","R","B",null,"M","M","T","$","M","E","R","M","T","M","?","?","E","M","R","B",null,"M","?","T","?","M","E","R","M","T","M"],"character_chosen":"IRONCLAD","items_purchased":["Ice Cream","Blind"],"campfire_rested":2,"item_purchase_floors":[21,21],"current_hp_per_floor":[72,70,59,65,71,45,31,31,31,19,40,40,43,29,29,9,72,56,62,62,62,61,33,33,39,39,34,34,34,32,34,55,24,72,72,72,72,72,72,56,56,38,38,0],"gold":384,"neow_bonus":"ONE_RARE_RELIC","is_prod":false,"is_daily":false,"chose_seed":false,"campfire_upgraded":4,"win_rate":0,"timestamp":1570688672,"path_taken":["M","M","?","M","M","E","?","R","T","?","R","?","?","E","R","BOSS","M","?","?","$","M","E","R","M","T","M","?","?","E","M","R","BOSS","M","?","?","?","M","E","R","M","T","M"],"build_version":"2019-07-17","purchased_purges":0,"victory":false,"max_hp_per_floor":[72,72,72,72,72,72,72,72,72,72,72,72,72,72,72,72,72,72,72,72,72,72,72,72,72,72,72,72,72,72,72,72,72,72,72,72,72,72,72,72,72,72,72,72],"card_choices":[{"not_picked":["Disarm","Body Slam"],"picked":"Shrug It Off","floor":1},{"not_picked":["Heavy Blade","Clash"],"picked":"Immolate","floor":2},{"not_picked":["Sword Boomerang","Twin Strike","Blood for Blood"],"picked":"SKIP","floor":4},{"not_picked":["Feel No Pain","Sever Soul"],"picked":"Headbutt","floor":5},{"not_picked":["Thunderclap","True Grit"],"picked":"Power Through","floor":6},{"not_picked":["Iron Wave","Sentinel"],"picked":"Rupture","floor":13},{"not_picked":["Flex","Power Through"],"picked":"Limit Break","floor":14},{"not_picked":["Juggernaut","Demon Form"],"picked":"Bludgeon","floor":16},{"not_picked":["True Grit","Wild Strike"],"picked":"Heavy Blade+1","floor":18},{"not_picked":["Dual Wield","Thunderclap"],"picked":"Flex+1","floor":19},{"not_picked":["Corruption","Inflame","Body Slam+1"],"picked":"SKIP","floor":22},{"not_picked":["Combust","Wild Strike"],"picked":"Pummel+1","floor":23},{"not_picked":["Second Wind","Twin Strike+1"],"picked":"Warcry","floor":25},{"not_picked":["Infernal Blade+1","Inflame"],"picked":"Shrug It Off","floor":27},{"not_picked":["Sword Boomerang+1","Metallicize+1"],"picked":"Spot Weakness","floor":30},{"not_picked":["Pummel","Rampage"],"picked":"True Grit","floor":31},{"not_picked":["Limit Break","Demon Form"],"picked":"Exhume","floor":33},{"not_picked":["Sword Boomerang","Body Slam","Armaments"],"picked":"SKIP","floor":35},{"not_picked":["Cleave","Flex"],"picked":"Seeing Red+1","floor":39},{"not_picked":["Whirlwind","Burning Pact"],"picked":"Double Tap","floor":40},{"not_picked":["Wild Strike","Bloodletting+1","Body Slam+1"],"picked":"SKIP","floor":42}],"player_experience":308759,"relics_obtained":[{"floor":6,"key":"Du-Vu Doll"},{"floor":9,"key":"Kunai"},{"floor":14,"key":"Lantern"},{"floor":20,"key":"Bottled Tornado"},{"floor":23,"key":"Anchor"},{"floor":26,"key":"Bottled Lightning"},{"floor":30,"key":"Pocketwatch"},{"floor":37,"key":"Shuriken"},{"floor":40,"key":"War Paint"},{"floor":43,"key":"Gambling Chip"}],"event_choices":[{"damage_healed":0,"gold_gain":75,"player_choice":"Gather Gold","damage_taken":11,"max_hp_gain":0,"max_hp_loss":0,"event_name":"World of Goop","floor":3,"gold_loss":0},{"damage_healed":0,"gold_gain":0,"player_choice":"Entered Light","damage_taken":14,"max_hp_gain":0,"max_hp_loss":0,"event_name":"Shining Light","floor":7,"gold_loss":0,"cards_upgraded":["Headbutt","Shrug It Off"]},{"damage_healed":0,"gold_gain":0,"player_choice":"Success","damage_taken":12,"relics_obtained":["Bronze Scales"],"max_hp_gain":0,"max_hp_loss":0,"event_name":"Scrap Ooze","floor":10,"gold_loss":0},{"cards_removed":["Defend_R"],"damage_healed":0,"gold_gain":0,"player_choice":"Purged","damage_taken":0,"max_hp_gain":0,"max_hp_loss":0,"event_name":"Purifier","floor":12,"gold_loss":0},{"damage_healed":0,"gold_gain":0,"player_choice":"Stole Relic","damage_taken":0,"relics_obtained":["Dream Catcher"],"max_hp_gain":0,"max_hp_loss":0,"event_name":"Addict","floor":28,"gold_loss":0,"cards_obtained":["Shame"]},{"cards_removed":["Strike_R"],"damage_healed":0,"gold_gain":0,"player_choice":"Gave Gold","damage_taken":0,"max_hp_gain":0,"max_hp_loss":0,"event_name":"Beggar","floor":29,"gold_loss":75},{"damage_healed":18,"gold_gain":0,"player_choice":"Writhe","damage_taken":0,"max_hp_gain":0,"max_hp_loss":0,"event_name":"Winding Halls","floor":36,"gold_loss":0,"cards_obtained":["Writhe"]},{"damage_healed":0,"gold_gain":0,"player_choice":"Upgraded Two","damage_taken":0,"max_hp_gain":0,"max_hp_loss":0,"event_name":"Designer","floor":38,"gold_loss":40,"cards_upgraded":["Bludgeon","Spot Weakness"]}],"is_beta":false,"boss_relics":[{"not_picked":["Busted Crown","Runic Pyramid"],"picked":"Cursed Key"},{"not_picked":["Black Blood","Black Star"],"picked":"Runic Cube"}],"items_purged_floors":[],"is_endless":false,"potions_floor_spawned":[2,6,13,14,18,23,30,33,35,39],"killed_by":"Transient","ascension_level":4}