{"gold_per_floor":[110,110,110,121,46,75,87,104,104,133,133,4,4,4,4,80,80,95,52,64,82,94,94,94],"floor_reached":24,"playtime":1122,"items_purged":["Strike_B"],"score":520,"play_id":"2ab345e7-c1f9-43c6-b734-65a7913f3ca4","local_time":"20191029211139","is_ascension_mode":true,"campfire_choices":[{"data":"Darkness","floor":13.0,"key":"SMITH"},{"data":"Hologram","floor":15.0,"key":"SMITH"},{"floor":23,"key":"REST"}],"neow_cost":"NONE","seed_source_timestamp":0,"circlet_count":0,"master_deck":["AscendersBane","Defend_B","Defend_B","Defend_B","Defend_B","Dualcast","Rebound","Leap","BootSequence","Cold Snap","Darkness+1","Rip and Tear","Hologram+1","Seek","Steam","Self Repair","Stack+1","Conserve Battery"],"special_seed":0,"relics":["Cracked Core","NeowsBlessing","Bag of Marbles","Singing Bowl","Nunchaku","Empty Cage"],"potions_floor_usage":[],"damage_taken":[{"damage":0.0,"enemies":"Cultist","floor":1.0,"turns":1.0},{"damage":0.0,"enemies":"Jaw Worm","floor":4.0,"turns":1.0},{"damage":0.0,"enemies":"Lagavulin","floor":6.0,"turns":1.0},{"damage":0.0,"enemies":"2 Louse","floor":7.0,"turns":2.0},{"damage":0.0,"enemies":"Exordium Wildlife","floor":8.0,"turns":2.0},{"damage":24.0,"enemies":"3 Sentries","floor":10.0,"turns":11.0},{"damage":0.0,"enemies":"Slime Boss","floor":16.0,"turns":6.0},{"damage":8.0,"enemies":"Shell Parasite","floor":18.0,"turns":7.0},{"damage":38.0,"enemies":"3 Byrds","floor":20.0,"turns":5.0},{"damage":8.0,"enemies":"Snake Plant","floor":21.0,"turns":5.0},{"damage":9.0,"enemies":"Centurion and Healer","floor":22.0,"turns":7.0},{"damage":18,"enemies":"Slavers","floor":24,"turns":3}],"seed_played":"96977384523922279","potions_obtained":[{"floor":7.0,"key":"GamblersBrew"},{"floor":10.0,"key":"Weak Potion"},{"floor":16.0,"key":"Poison Potion"},{"floor":18.0,"key":"Fruit Juice"}],"is_trial":false,"path_per_floor":["M","?","?","M","?","E","M","M","T","E","?","$","R","$","R","B",null,"M","$","M","M","M","R","E"],"character_chosen":"DEFECT","items_purchased":["Hologram","Self Repair"],"campfire_rested":1,"item_purchase_floors":[12,19],"current_hp_per_floor":[64,64,64,64,64,64,64,64,64,40,40,40,40,40,40,40,63,60,60,29,21,21,44,26],"gold":94,"neow_bonus":"THREE_ENEMY_KILL","is_prod":false,"is_daily":false,"chose_seed":false,"campfire_upgraded":2,"win_rate":0,"timestamp":1572397899,"path_taken":["M","?","?","?","?","E","M","M","T","E","?","?","R","$","R","BOSS","M","?","M","?","M","R","E"],"build_version":"2019-07-17","purchased_purges":1,"victory":false,"max_hp_per_floor":[71,71,71,71,71,71,71,71,71,71,71,71,71,71,71,71,71,76,76,76,76,78,78,78],"card_choices":[{"not_picked":["Leap","Coolheaded"],"picked":"Rebound","floor":1.0},{"not_picked":["Steam","Hologram"],"picked":"Leap","floor":4.0},{"not_picked":["Amplify","Beam Cell"],"picked":"BootSequence","floor":6.0},{"not_picked":["Static Discharge","Steam"],"picked":"Cold Snap","floor":7.0},{"not_picked":["Double Energy","Compile Driver"],"picked":"Darkness","floor":8.0},{"not_picked":["Creative AI","BootSequence"],"picked":"Rip and Tear","floor":10.0},{"not_picked":["Thunder Strike","Machine Learning"],"picked":"Seek","floor":16.0},{"not_picked":["BootSequence","Blizzard"],"picked":"Steam","floor":18.0},{"not_picked":["Compile Driver","Streamline"],"picked":"Stack+1","floor":20.0},{"not_picked":["Rebound","Static Discharge"],"picked":"Conserve Battery","floor":21.0},{"not_picked":["Conserve Battery+1","Streamline","Fusion"],"picked":"Singing Bowl","floor":22}],"player_experience":694829,"relics_obtained":[{"floor":6.0,"key":"Bag of Marbles"},{"floor":9.0,"key":"Singing Bowl"},{"floor":10.0,"key":"Nunchaku"}],"event_choices":[{"damage_healed":0.0,"max_hp_gain":0.0,"max_hp_loss":0.0,"gold_gain":0.0,"event_name":"Living Wall","player_choice":"Grow","floor":2.0,"gold_loss":0.0,"damage_taken":0.0,"cards_upgraded":["Zap"]},{"cards_removed":["Strike_B"],"damage_healed":0.0,"max_hp_gain":0.0,"max_hp_loss":0.0,"gold_gain":0.0,"event_name":"Bonfire Elementals","player_choice":"Offered Basic","floor":3.0,"gold_loss":0.0,"damage_taken":0.0},{"cards_removed":["Strike_B"],"damage_healed":0.0,"max_hp_gain":0.0,"max_hp_loss":0.0,"gold_gain":0.0,"event_name":"The Cleric","player_choice":"Card Removal","floor":5.0,"gold_loss":75.0,"damage_taken":0.0},{"damage_healed":0.0,"max_hp_gain":0.0,"max_hp_loss":0.0,"gold_gain":0.0,"event_name":"Liars Game","player_choice":"Ignored","floor":11.0,"gold_loss":0.0,"damage_taken":0.0}],"is_beta":false,"boss_relics":[{"not_picked":["FrozenCore","Nuclear Battery"],"picked":"Empty Cage"}],"items_purged_floors":[12],"is_endless":false,"potions_floor_spawned":[7,10,16,18],"killed_by":"Slavers","ascension_level":17}