{"gold_per_floor":[109,109,129,129,142,142,176,176,176,191,210,240,256,256,256,377,377,396,396,396,396,80,80,121,121,121,189,241,264,264,282,282,412,412,426,426,449,549,574,574,907,927,927,927,531,559,559,573,573,573,573,573,12,39,39],"floor_reached":55,"playtime":6306,"items_purged":["Writhe","Strike_B+1"],"score":1140,"play_id":"9f3c759e-637b-4976-bac0-2197a29e275e","local_time":"20190926163745","is_ascension_mode":true,"campfire_choices":[{"data":"Genetic Algorithm","floor":6,"key":"SMITH"},{"data":"Steam","floor":8,"key":"SMITH"},{"floor":15,"key":"REST"},{"data":"Buffer","floor":23,"key":"SMITH"},{"data":"Steam","floor":25,"key":"SMITH"},{"floor":30,"key":"REST"},{"floor":32,"key":"REST"},{"data":"Buffer","floor":40,"key":"SMITH"},{"data":"Consume","floor":44,"key":"SMITH"},{"floor":47,"key":"RECALL"},{"floor":49,"key":"REST"},{"data":"Steam","floor":52,"key":"SMITH"}],"neow_cost":"NONE","seed_source_timestamp":1241554796411295,"circlet_count":0,"master_deck":["AscendersBane","Strike_B+1","Defend_B+1","Defend_B+1","Defend_B+1","Defend_B+1","Zap","Dualcast","Genetic Algorithm+1","Doom and Gloom","White Noise","Steam+1","Gash","Gash","Steam+1","FTL","Machine Learning","Rebound+1","Buffer+1","Gash","Purity","Capacitor+1","Cold Snap","Hologram+1","Buffer+1","Consume+1","BootSequence","Steam+1","All For One","Go for the Eyes+1","Redo+1"],"relics":["Cracked Core","NeowsBlessing","Ornamental Fan","Blood Vial","Boot","Runic Pyramid","War Paint","Bronze Scales","Potion Belt","The Courier","Tiny Chest","Happy Flower","White Beast Statue","Frozen Egg 2","ClockworkSouvenir","Regal Pillow","Vajra","Medical Kit","Centennial Puzzle","Mercury Hourglass"],"potions_floor_usage":[7,7,7,12,16,16,24,27,35,42,46,50,50,50,55,55,55,55,55],"damage_taken":[{"damage":0,"enemies":"Small Slimes","floor":1,"turns":1},{"damage":0,"enemies":"Cultist","floor":3,"turns":1},{"damage":0,"enemies":"2 Louse","floor":5,"turns":1},{"damage":1,"enemies":"Gremlin Nob","floor":7,"turns":3},{"damage":1,"enemies":"2 Fungi Beasts","floor":10,"turns":4},{"damage":16,"enemies":"Large Slime","floor":11,"turns":7},{"damage":28,"enemies":"3 Sentries","floor":12,"turns":7},{"damage":8,"enemies":"Exordium Thugs","floor":13,"turns":4},{"damage":6,"enemies":"The Guardian","floor":16,"turns":7},{"damage":6,"enemies":"2 Thieves","floor":18,"turns":5},{"damage":23,"enemies":"Gremlin Leader","floor":24,"turns":6},{"damage":16,"enemies":"Book of Stabbing","floor":27,"turns":6},{"damage":7,"enemies":"3 Byrds","floor":29,"turns":3},{"damage":14,"enemies":"Shelled Parasite and Fungi","floor":31,"turns":6},{"damage":9,"enemies":"Collector","floor":33,"turns":11},{"damage":11,"enemies":"3 Darklings","floor":35,"turns":7},{"damage":8,"enemies":"Orb Walker","floor":37,"turns":6},{"damage":5,"enemies":"Spire Growth","floor":39,"turns":8},{"damage":16,"enemies":"Transient","floor":42,"turns":5},{"damage":0,"enemies":"Nemesis","floor":46,"turns":13},{"damage":0,"enemies":"Jaw Worm Horde","floor":48,"turns":6},{"damage":9,"enemies":"Awakened One","floor":50,"turns":15},{"damage":31,"enemies":"Shield and Spear","floor":54,"turns":11},{"damage":43,"enemies":"The Heart","floor":55,"turns":9}],"seed_played":"-6216744516488968789","potions_obtained":[{"floor":4,"key":"Block Potion"},{"floor":4,"key":"GamblersBrew"},{"floor":4,"key":"Regen Potion"},{"floor":5,"key":"Fire Potion"},{"floor":7,"key":"SpeedPotion"},{"floor":11,"key":"Energy Potion"},{"floor":12,"key":"Poison Potion"},{"floor":13,"key":"GamblersBrew"},{"floor":24,"key":"FearPotion"},{"floor":33,"key":"Fire Potion"},{"floor":35,"key":"FearPotion"},{"floor":37,"key":"SkillPotion"},{"floor":39,"key":"Poison Potion"},{"floor":42,"key":"GamblersBrew"},{"floor":46,"key":"AttackPotion"},{"floor":48,"key":"Energy Potion"},{"floor":54,"key":"SkillPotion"}],"is_trial":false,"path_per_floor":["M","?","M","?","M","R","E","R","T","M","M","E","M","?","R","B",null,"M","?","?","?","$","R","E","R","T","E","T","M","R","M","R","B",null,"M","T","M","?","M","R","?","M","T","R","$","E","R","M","R","B",null,"R","$","E","B"],"character_chosen":"DEFECT","items_purchased":["Bronze Scales","Purity","ClockworkSouvenir","Regal Pillow","SpeedPotion","Medical Kit","Strength Potion","FocusPotion","GamblersBrew","FearPotion","Centennial Puzzle","Block Potion","FearPotion"],"campfire_rested":4,"item_purchase_floors":[22,22,45,45,45,53,53,53,53,53,53,53,53],"current_hp_per_floor":[68,53,53,53,53,53,61,61,61,62,48,22,16,16,36,32,60,56,56,56,56,56,56,35,35,35,21,21,16,36,24,44,37,61,52,52,46,46,43,43,43,29,29,29,29,31,31,33,68,60,67,67,67,38,0],"gold":39,"neow_bonus":"THREE_ENEMY_KILL","is_prod":false,"is_daily":false,"chose_seed":false,"campfire_upgraded":7,"win_rate":0,"timestamp":1569530265,"path_taken":["M","?","M","?","M","R","E","R","T","M","M","E","?","?","R","BOSS","M","?","?","?","$","R","E","R","T","E","?","?","R","M","R","BOSS","M","?","M","?","?","R","?","M","T","R","$","E","R","M","R","BOSS","R","$","E","BOSS"],"build_version":"2019-07-17","purchased_purges":2,"victory":false,"max_hp_per_floor":[75,75,75,75,75,75,75,75,75,75,75,75,75,69,69,69,69,69,69,69,69,69,69,69,69,69,69,69,69,69,69,69,69,69,69,69,69,69,69,69,69,69,69,69,69,69,69,69,69,69,69,69,69,69,69],"card_choices":[{"not_picked":["Rebound","Capacitor"],"picked":"Genetic Algorithm","floor":1},{"not_picked":["Force Field","Go for the Eyes"],"picked":"Doom and Gloom","floor":3},{"not_picked":["Heatsinks","Turbo"],"picked":"White Noise","floor":5},{"not_picked":["Streamline","Turbo"],"picked":"Steam","floor":7},{"not_picked":["Turbo","Leap"],"picked":"Gash","floor":10},{"not_picked":["Barrage","Capacitor"],"picked":"Gash","floor":11},{"not_picked":["Hologram","Stack"],"picked":"Steam","floor":12},{"not_picked":["Glacier","Barrage"],"picked":"FTL","floor":13},{"not_picked":["Thunder Strike","Amplify"],"picked":"Machine Learning","floor":16},{"not_picked":["Heatsinks","Sweeping Beam"],"picked":"Rebound+1","floor":18},{"not_picked":["Go for the Eyes","Rebound+1"],"picked":"Capacitor+1","floor":24},{"not_picked":["Compile Driver+1","Streamline+1"],"picked":"Cold Snap","floor":27},{"not_picked":["Turbo","Amplify"],"picked":"Hologram+1","floor":29},{"not_picked":["Sweeping Beam+1","Streamline+1","Hologram"],"picked":"SKIP","floor":31},{"not_picked":["Multi-Cast","Hyperbeam"],"picked":"Buffer","floor":33},{"not_picked":["Beam Cell","Leap+1"],"picked":"Consume","floor":35},{"not_picked":["Steam","Hologram+1"],"picked":"BootSequence","floor":37},{"not_picked":["Skim","Steam Power+1"],"picked":"Steam","floor":39},{"not_picked":["Force Field","Static Discharge+1","Coolheaded+1"],"picked":"SKIP","floor":42},{"not_picked":["Leap+1","Doom and Gloom+1"],"picked":"All For One","floor":46},{"not_picked":["Steam+1","Compile Driver+1"],"picked":"Go for the Eyes+1","floor":48},{"not_picked":["Leap+1","Streamline"],"picked":"Redo+1","floor":54}],"player_experience":428866,"relics_obtained":[{"floor":7,"key":"Ornamental Fan"},{"floor":9,"key":"Blood Vial"},{"floor":12,"key":"Boot"},{"floor":24,"key":"Potion Belt"},{"floor":26,"key":"The Courier"},{"floor":27,"key":"Tiny Chest"},{"floor":28,"key":"Happy Flower"},{"floor":36,"key":"Frozen Egg 2"},{"floor":46,"key":"Vajra"},{"floor":54,"key":"Mercury Hourglass"}],"event_choices":[{"damage_healed":0,"gold_gain":0,"player_choice":"Entered Light","damage_taken":15,"max_hp_gain":0,"max_hp_loss":0,"event_name":"Shining Light","floor":2,"gold_loss":0,"cards_upgraded":["Defend_B","Strike_B"]},{"damage_healed":0,"gold_gain":0,"player_choice":"Got Potions","damage_taken":0,"max_hp_gain":0,"max_hp_loss":0,"event_name":"Lab","floor":4,"gold_loss":0},{"damage_healed":0,"gold_gain":0,"player_choice":"Lose Max HP","damage_taken":0,"relics_obtained":["Golden Idol"],"max_hp_gain":0,"max_hp_loss":6,"event_name":"Golden Idol","floor":14,"gold_loss":0},{"damage_healed":0,"gold_gain":0,"cards_transformed":["Strike_B","Strike_B"],"player_choice":"Became Test Subject","damage_taken":0,"max_hp_gain":0,"max_hp_loss":0,"event_name":"Drug Dealer","floor":19,"gold_loss":0,"cards_obtained":["Buffer","Gash"]},{"damage_healed":0,"gold_gain":0,"player_choice":"Opened","damage_taken":0,"relics_obtained":["War Paint"],"max_hp_gain":0,"max_hp_loss":0,"event_name":"The Mausoleum","floor":20,"gold_loss":0,"cards_obtained":["Writhe"]},{"damage_healed":0,"gold_gain":0,"player_choice":"Simplicity","damage_taken":0,"max_hp_gain":0,"max_hp_loss":0,"event_name":"Back to Basics","floor":21,"gold_loss":0,"cards_upgraded":["Strike_B","Defend_B"]},{"damage_healed":0,"gold_gain":100,"player_choice":"Pray","damage_taken":0,"max_hp_gain":0,"max_hp_loss":0,"event_name":"Golden Shrine","floor":38,"gold_loss":0},{"damage_healed":0,"gold_gain":333,"player_choice":"Gave Idol","damage_taken":0,"max_hp_gain":0,"max_hp_loss":0,"event_name":"The Moai Head","floor":41,"relics_lost":["Golden Idol"],"gold_loss":0}],"is_beta":false,"boss_relics":[{"not_picked":["Fusion Hammer","Astrolabe"],"picked":"Runic Pyramid"},{"not_picked":["Tiny House","Lizard Tail"],"picked":"White Beast Statue"}],"items_purged_floors":[22,45],"is_endless":false,"potions_floor_spawned":[5,7,11,12,13,24,33,35,37,39,42,46,48,54],"killed_by":"The Heart","ascension_level":10}