{"gold_per_floor":[114,15,15,26,26,52,52,87,157,177,177],"floor_reached":11,"playtime":471,"items_purged":[],"score":89,"play_id":"12cdcfe4-0a19-47ff-93fc-6cfa2150b6d2","local_time":"20191010230849","is_ascension_mode":true,"campfire_choices":[{"data":"Cloak And Dagger","floor":7,"key":"SMITH"}],"neow_cost":"NONE","seed_source_timestamp":114460777373600,"circlet_count":0,"master_deck":["Strike_G","Strike_G","Strike_G","Strike_G","Defend_G","Defend_G","Defend_G","Defend_G","Defend_G","Survivor","Neutralize","Impatience","Blur","All Out Attack","Cloak And Dagger+1","Quick Slash","Underhanded Strike","Deadly Poison","Escape Plan","Flying Knee"],"relics":["Ring of the Snake","Art of War","Kunai","Letter Opener"],"potions_floor_usage":[6,6,6,6],"damage_taken":[{"damage":0,"enemies":"Cultist","floor":1,"turns":3},{"damage":7,"enemies":"Jaw Worm","floor":4,"turns":4},{"damage":17,"enemies":"Lagavulin","floor":6,"turns":9},{"damage":29,"enemies":"Gremlin Nob","floor":8,"turns":5},{"damage":0,"enemies":"Small Slimes","floor":10,"turns":3},{"damage":19,"enemies":"Exordium Thugs","floor":11,"turns":1}],"seed_played":"3574633016256143000","potions_obtained":[{"floor":4,"key":"Swift Potion"},{"floor":5,"key":"EntropicBrew"},{"floor":5,"key":"SteroidPotion"},{"floor":5,"key":"SkillPotion"},{"floor":6,"key":"SpeedPotion"}],"is_trial":false,"path_per_floor":["M","$","?","M","?","E","R","E","T","M","M"],"character_chosen":"THE_SILENT","items_purchased":["All Out Attack","Cloak And Dagger"],"campfire_rested":0,"item_purchase_floors":[2,2],"current_hp_per_floor":[70,70,70,63,63,46,46,17,17,17,0],"gold":177,"neow_bonus":"RANDOM_COLORLESS","is_prod":false,"is_daily":false,"chose_seed":false,"campfire_upgraded":1,"win_rate":0,"timestamp":1570774129,"path_taken":["M","?","?","M","?","E","R","E","T","M","M"],"build_version":"2019-07-17","purchased_purges":0,"victory":false,"max_hp_per_floor":[70,70,70,70,70,70,70,70,70,70,70],"card_choices":[{"not_picked":["Calculated Gamble","Poisoned Stab"],"picked":"Blur","floor":1},{"not_picked":["Poisoned Stab","Dodge and Roll"],"picked":"Underhanded Strike","floor":4},{"not_picked":["Eviscerate","Riddle With Holes"],"picked":"Deadly Poison","floor":6},{"not_picked":["Deflect","Flying Knee"],"picked":"Escape Plan","floor":8},{"not_picked":["Tactician","Sucker Punch"],"picked":"Flying Knee","floor":10}],"player_experience":326877,"relics_obtained":[{"floor":6,"key":"Art of War"},{"floor":8,"key":"Kunai"},{"floor":9,"key":"Letter Opener"}],"event_choices":[{"damage_healed":0,"gold_gain":0,"cards_transformed":["Strike_G"],"player_choice":"Change","damage_taken":0,"max_hp_gain":0,"max_hp_loss":0,"event_name":"Living Wall","floor":3,"gold_loss":0,"cards_obtained":["Quick Slash"]},{"damage_healed":0,"gold_gain":0,"player_choice":"Got Potions","damage_taken":0,"max_hp_gain":0,"max_hp_loss":0,"event_name":"Lab","floor":5,"gold_loss":0}],"is_beta":false,"boss_relics":[],"items_purged_floors":[],"is_endless":false,"potions_floor_spawned":[4,6],"killed_by":"Exordium Thugs","ascension_level":2}