{"gold_per_floor":[117,134,154,154,172,172,197,215,215,272,237,264,6,26,26,131,131,150,150,1,18,36,36,62,62,62,75,75,75,85,103,103,103],"floor_reached":33,"playtime":1790,"items_purged":[],"score":346,"play_id":"0d86f448-d8c3-4c2d-a232-7142f84f7fb8","local_time":"20190725010921","is_ascension_mode":true,"campfire_choices":[{"data":"Uppercut","floor":6,"key":"SMITH"},{"data":"Infernal Blade","floor":15,"key":"SMITH"},{"floor":23,"key":"DIG"},{"floor":25,"key":"REST"},{"floor":32,"key":"REST"}],"neow_cost":"NONE","seed_source_timestamp":1220337100662486,"circlet_count":0,"master_deck":["Defend_R","Defend_R","Defend_R","Defend_R","Bash","Armaments+1","Infernal Blade+1","Uppercut+1","Shrug It Off","Dark Embrace","Thunderclap","Iron Wave","Feel No Pain","Warcry","Flame Barrier","Double Tap","Burning Pact+1","Heavy Blade+1","Flex","Rage","Perfected Strike+1","Bite","Bite","Bite","Bite","Bite","Twin Strike+1","Cleave+1"],"relics":["Burning Blood","NeowsBlessing","Pen Nib","Incense Burner","Letter Opener","Membership Card","Sozu","Shovel","Torii","Bird Faced Urn","The Courier","Bag of Preparation"],"potions_floor_usage":[12,16,16,16],"damage_taken":[{"damage":0,"enemies":"Jaw Worm","floor":1,"turns":1},{"damage":0,"enemies":"2 Louse","floor":2,"turns":1},{"damage":0,"enemies":"Small Slimes","floor":3,"turns":1},{"damage":2,"enemies":"Red Slaver","floor":5,"turns":3},{"damage":24,"enemies":"3 Sentries","floor":7,"turns":8},{"damage":14,"enemies":"Large Slime","floor":8,"turns":7},{"damage":20,"enemies":"Gremlin Nob","floor":12,"turns":5},{"damage":0,"enemies":"2 Fungi Beasts","floor":14,"turns":2},{"damage":21,"enemies":"Hexaghost","floor":16,"turns":11},{"damage":22,"enemies":"2 Thieves","floor":18,"turns":4},{"damage":0,"enemies":"Spheric Guardian","floor":21,"turns":3},{"damage":25,"enemies":"3 Cultists","floor":22,"turns":6},{"damage":46,"enemies":"Slavers","floor":24,"turns":8},{"damage":10,"enemies":"Cultist and Chosen","floor":27,"turns":7},{"damage":30,"enemies":"Centurion and Healer","floor":30,"turns":5},{"damage":31,"enemies":"Chosen and Byrds","floor":31,"turns":6},{"damage":63,"enemies":"Automaton","floor":33,"turns":6}],"seed_played":"4150114463379755792","potions_obtained":[{"floor":3,"key":"SpeedPotion"},{"floor":5,"key":"SkillPotion"},{"floor":8,"key":"Block Potion"},{"floor":12,"key":"Energy Potion"},{"floor":16,"key":"Poison Potion"}],"is_trial":false,"path_per_floor":["M","M","M","?","M","R","E","M","T","?","?","E","$","M","R","B",null,"M","?","$","M","M","R","E","R","T","M","?","?","M","M","R","B"],"character_chosen":"IRONCLAD","items_purchased":["Membership Card","Feel No Pain","Warcry","Torii"],"campfire_rested":2,"item_purchase_floors":[13,13,13,20],"current_hp_per_floor":[80,80,80,80,80,80,62,54,54,54,74,60,60,66,66,51,80,64,64,64,70,51,51,15,39,39,37,37,56,45,31,47,0],"gold":103,"neow_bonus":"THREE_ENEMY_KILL","is_prod":false,"is_daily":false,"chose_seed":false,"campfire_upgraded":2,"win_rate":0,"timestamp":1564042161,"path_taken":["M","M","M","?","M","R","E","M","T","?","?","E","$","M","R","BOSS","M","?","$","?","M","R","E","R","T","M","?","?","M","M","R","BOSS"],"build_version":"2019-07-17","purchased_purges":0,"victory":false,"max_hp_per_floor":[80,80,80,80,80,80,80,80,80,80,80,80,80,80,80,80,80,80,80,80,80,80,80,80,80,80,80,56,56,56,56,56,56],"card_choices":[{"not_picked":["Iron Wave","Headbutt"],"picked":"Armaments","floor":1},{"not_picked":["Headbutt","Evolve"],"picked":"Infernal Blade","floor":2},{"not_picked":["Rupture","Entrench"],"picked":"Uppercut","floor":3},{"not_picked":["Rampage","Havoc"],"picked":"Shrug It Off","floor":5},{"not_picked":["Twin Strike","Heavy Blade"],"picked":"Dark Embrace","floor":7},{"not_picked":["Clothesline","Searing Blow"],"picked":"Thunderclap","floor":8},{"not_picked":["Fire Breathing","Shrug It Off"],"picked":"Iron Wave","floor":12},{"not_picked":["Shrug It Off","Iron Wave"],"picked":"Flame Barrier","floor":14},{"not_picked":["Limit Break","Bludgeon"],"picked":"Double Tap","floor":16},{"not_picked":["Power Through","Feel No Pain"],"picked":"Burning Pact+1","floor":18},{"not_picked":["Clothesline","Iron Wave"],"picked":"Heavy Blade+1","floor":21},{"not_picked":["Clash","Clothesline"],"picked":"Flex","floor":22},{"not_picked":["Perfected Strike","Battle Trance"],"picked":"Rage","floor":24},{"not_picked":["Shrug It Off+1","Uppercut"],"picked":"Perfected Strike+1","floor":27},{"not_picked":["Cleave","Flex"],"picked":"Twin Strike+1","floor":30},{"not_picked":["True Grit+1","Twin Strike"],"picked":"Cleave+1","floor":31}],"player_experience":221269,"relics_obtained":[{"floor":7,"key":"Pen Nib"},{"floor":9,"key":"Incense Burner"},{"floor":12,"key":"Letter Opener"},{"floor":23,"key":"Bird Faced Urn"},{"floor":24,"key":"The Courier"},{"floor":26,"key":"Bag of Preparation"}],"event_choices":[{"damage_healed":0,"gold_gain":0,"player_choice":"Grow","damage_taken":0,"max_hp_gain":0,"max_hp_loss":0,"event_name":"Living Wall","floor":4,"gold_loss":0,"cards_upgraded":["Armaments"]},{"damage_healed":0,"gold_gain":57,"player_choice":"Gained Gold","damage_taken":0,"max_hp_gain":0,"max_hp_loss":0,"event_name":"Golden Wing","floor":10,"gold_loss":0},{"damage_healed":20,"gold_gain":0,"player_choice":"Healed","damage_taken":0,"max_hp_gain":0,"max_hp_loss":0,"event_name":"The Cleric","floor":11,"gold_loss":35},{"damage_healed":0,"gold_gain":0,"player_choice":"Gave Potion","damage_taken":0,"relics_obtained":["Shovel"],"max_hp_gain":0,"max_hp_loss":0,"event_name":"WeMeetAgain","floor":19,"gold_loss":0},{"damage_healed":0,"gold_gain":0,"player_choice":"Became a vampire","damage_taken":0,"max_hp_gain":0,"max_hp_loss":24,"event_name":"Vampires","floor":28,"gold_loss":0,"cards_obtained":["Bite","Bite","Bite","Bite","Bite"]},{"damage_healed":19,"gold_gain":0,"player_choice":"Full Heal","damage_taken":0,"max_hp_gain":0,"max_hp_loss":0,"event_name":"Wheel of Change","floor":29,"gold_loss":0}],"is_beta":false,"boss_relics":[{"not_picked":["Black Blood","Lizard Tail"],"picked":"Sozu"}],"items_purged_floors":[],"is_endless":false,"potions_floor_spawned":[3,5,8,12,16,18,24,31],"killed_by":"Automaton","ascension_level":3}