{"gold_per_floor":[144,144,164,239,17,17,32,32,32,57,109,119,119,130,130,207,207,224,224,237,252,177,177,177,177,177,177,195,245,28,54,54,54],"floor_reached":33,"playtime":1549,"items_purged":[],"score":487,"play_id":"8c6112c4-a23c-4da0-a92e-ff7df385aa12","local_time":"20191029204557","is_ascension_mode":true,"campfire_choices":[{"data":"Zap","floor":6,"key":"SMITH"},{"floor":8,"key":"REST"},{"data":"Self Repair","floor":13,"key":"SMITH"},{"data":"Dualcast","floor":15,"key":"SMITH"},{"data":"Seek","floor":23,"key":"SMITH"},{"data":"Self Repair","floor":25,"key":"SMITH"},{"data":"Hologram","floor":27,"key":"SMITH"},{"floor":32,"key":"REST"}],"neow_cost":"NONE","seed_source_timestamp":1684464124353000,"circlet_count":0,"master_deck":["AscendersBane","Strike_B+1","Strike_B+1","Strike_B+1","Defend_B+1","Defend_B+1","Defend_B+1","Defend_B+1","Zap+1","Dualcast+1","Gash","Ball Lightning","Leap","Gash+1","Self Repair+1","Leap","Seek+1","Hologram+1","Self Repair+1","Barrage+1","Glacier+1"],"relics":["Cracked Core","Tiny Chest","Runic Capacitor","Molten Egg 2","Singing Bowl","Blood Vial","Nuclear Battery","Cables","ClockworkSouvenir","Question Card"],"potions_floor_usage":[10,16,18,21,28,31],"damage_taken":[{"damage":9,"enemies":"2 Louse","floor":1,"turns":3},{"damage":5,"enemies":"Small Slimes","floor":3,"turns":3},{"damage":2,"enemies":"Jaw Worm","floor":7,"turns":2},{"damage":11,"enemies":"3 Sentries","floor":10,"turns":6},{"damage":11,"enemies":"Looter","floor":12,"turns":3},{"damage":10,"enemies":"Exordium Wildlife","floor":14,"turns":4},{"damage":37,"enemies":"The Guardian","floor":16,"turns":10},{"damage":10,"enemies":"Chosen","floor":18,"turns":5},{"damage":19,"enemies":"Spheric Guardian","floor":20,"turns":4},{"damage":35,"enemies":"Centurion and Healer","floor":21,"turns":7},{"damage":8,"enemies":"Snecko","floor":28,"turns":6},{"damage":18,"enemies":"Book of Stabbing","floor":31,"turns":6},{"damage":74,"enemies":"Champ","floor":33,"turns":14}],"seed_played":"5139410565934708167","potions_obtained":[{"floor":1,"key":"SteroidPotion"},{"floor":10,"key":"Ancient Potion"},{"floor":12,"key":"Energy Potion"},{"floor":14,"key":"AttackPotion"},{"floor":16,"key":"Ancient Potion"},{"floor":18,"key":"Dexterity Potion"},{"floor":21,"key":"SpeedPotion"}],"is_trial":false,"path_per_floor":["M","?","M","?","$","R","M","R","T","E","T","M","R","M","R","B",null,"M","?","M","M","?","R","?","R","T","R","M","?","$","E","R","B"],"character_chosen":"DEFECT","items_purchased":["Runic Capacitor","ClockworkSouvenir"],"campfire_rested":2,"item_purchase_floors":[5,30],"current_hp_per_floor":[55,55,50,39,39,39,37,58,58,47,47,38,38,40,40,15,57,59,59,54,31,31,31,31,31,31,31,45,45,45,49,70,0],"gold":54,"neow_bonus":"RANDOM_COMMON_RELIC","is_prod":false,"is_daily":false,"chose_seed":false,"campfire_upgraded":6,"win_rate":0,"timestamp":1572396357,"path_taken":["M","?","M","?","?","R","M","R","T","E","?","M","R","M","R","BOSS","M","?","?","?","?","R","?","R","T","R","M","?","?","E","R","BOSS"],"build_version":"2019-07-17","purchased_purges":0,"victory":false,"max_hp_per_floor":[71,71,71,71,71,71,71,71,71,71,71,71,71,71,71,71,71,71,71,73,73,73,73,73,73,73,73,73,73,73,73,73,73],"card_choices":[{"not_picked":["Defragment","Go for the Eyes"],"picked":"Gash","floor":1},{"not_picked":["Aggregate","Redo"],"picked":"Ball Lightning","floor":3},{"not_picked":["Consume","Hello World"],"picked":"Leap","floor":7},{"not_picked":["Turbo","Machine Learning"],"picked":"Gash+1","floor":10},{"not_picked":["Turbo","Doom and Gloom+1"],"picked":"Self Repair","floor":12},{"not_picked":["Turbo","Sweeping Beam+1"],"picked":"Leap","floor":14},{"not_picked":["Hyperbeam+1","Reboot"],"picked":"Seek","floor":16},{"not_picked":["Rip and Tear+1","Genetic Algorithm"],"picked":"Hologram","floor":18},{"not_picked":["Genetic Algorithm","Hologram","Rebound+1"],"picked":"Singing Bowl","floor":20},{"not_picked":["Hologram","Fusion"],"picked":"Self Repair","floor":21},{"not_picked":["Rebound+1","Sweeping Beam+1"],"picked":"Barrage+1","floor":28},{"not_picked":["Conserve Battery+1","Cold Snap+1"],"picked":"Glacier+1","floor":31}],"player_experience":693089,"relics_obtained":[{"floor":9,"key":"Molten Egg 2"},{"floor":10,"key":"Singing Bowl"},{"floor":11,"key":"Blood Vial"},{"floor":26,"key":"Cables"},{"floor":31,"key":"Question Card"}],"event_choices":[{"damage_healed":0,"gold_gain":0,"player_choice":"Ignored","damage_taken":0,"max_hp_gain":0,"max_hp_loss":0,"event_name":"Liars Game","floor":2,"gold_loss":0},{"damage_healed":0,"gold_gain":75,"player_choice":"Gather Gold","damage_taken":11,"max_hp_gain":0,"max_hp_loss":0,"event_name":"World of Goop","floor":4,"gold_loss":0},{"damage_healed":0,"gold_gain":0,"player_choice":"0 cards matched","damage_taken":0,"max_hp_gain":0,"max_hp_loss":0,"event_name":"Match and Keep!","floor":19,"gold_loss":0,"cards_obtained":[]},{"cards_removed":["Strike_B"],"damage_healed":0,"gold_gain":0,"player_choice":"Gave Gold","damage_taken":0,"max_hp_gain":0,"max_hp_loss":0,"event_name":"Beggar","floor":22,"gold_loss":75},{"damage_healed":0,"gold_gain":0,"player_choice":"Simplicity","damage_taken":0,"max_hp_gain":0,"max_hp_loss":0,"event_name":"Back to Basics","floor":24,"gold_loss":0,"cards_upgraded":["Strike_B","Strike_B","Strike_B","Defend_B","Defend_B","Defend_B","Defend_B"]},{"damage_healed":0,"gold_gain":50,"player_choice":"Stole From Cult","damage_taken":0,"max_hp_gain":0,"max_hp_loss":0,"event_name":"Nest","floor":29,"gold_loss":0}],"is_beta":false,"boss_relics":[{"not_picked":["Runic Dome","Coffee Dripper"],"picked":"Nuclear Battery"}],"items_purged_floors":[],"is_endless":false,"potions_floor_spawned":[1,10,12,14,16,18,21],"killed_by":"Champ","ascension_level":17}