{"gold_per_floor":[118,130,39,54,67,99,99,116,116,116,148,148,167,186,186,263,263,276,276,291,390,92,92,108,108],"floor_reached":25,"playtime":1538,"items_purged":["Gash"],"score":355,"play_id":"a52b90b6-a643-4c18-81d9-ca3965c45a60","local_time":"20191023041337","is_ascension_mode":true,"campfire_choices":[{"data":"Barrage","floor":10,"key":"SMITH"},{"data":"Streamline","floor":12,"key":"SMITH"},{"floor":15,"key":"REST"},{"floor":23,"key":"REST"}],"neow_cost":"NONE","seed_source_timestamp":1106434152608600,"circlet_count":0,"master_deck":["AscendersBane","Strike_B+1","Strike_B+1","Strike_B+1","Strike_B+1","Defend_B+1","Defend_B+1","Defend_B+1","Defend_B+1","Zap","Dualcast","Cold Snap","Capacitor","Undo","Ball Lightning","Barrage+1","Streamline+1","Steam+1","Ball Lightning","Genetic Algorithm","Compile Driver","Buffer","Streamline","Thunder Strike","Defragment","Self Repair+1"],"relics":["Cracked Core","NeowsBlessing","The Courier","Kunai","Snecko Eye"],"potions_floor_usage":[6,6,16,18,24,25],"damage_taken":[{"damage":0,"enemies":"Cultist","floor":1,"turns":1},{"damage":0,"enemies":"2 Louse","floor":2,"turns":1},{"damage":0,"enemies":"Jaw Worm","floor":4,"turns":1},{"damage":4,"enemies":"Looter","floor":5,"turns":3},{"damage":16,"enemies":"Gremlin Nob","floor":6,"turns":3},{"damage":11,"enemies":"3 Louse","floor":8,"turns":3},{"damage":17,"enemies":"3 Sentries","floor":11,"turns":9},{"damage":0,"enemies":"Large Slime","floor":13,"turns":4},{"damage":7,"enemies":"Blue Slaver","floor":14,"turns":3},{"damage":25,"enemies":"The Guardian","floor":16,"turns":11},{"damage":23,"enemies":"Chosen","floor":18,"turns":5},{"damage":12,"enemies":"2 Thieves","floor":20,"turns":4},{"damage":33,"enemies":"Centurion and Healer","floor":24,"turns":8},{"damage":16,"enemies":"Snake Plant","floor":25,"turns":1}],"seed_played":"-3205500547547242473","potions_obtained":[{"floor":1,"key":"Poison Potion"},{"floor":4,"key":"EssenceOfSteel"},{"floor":5,"key":"FearPotion"},{"floor":11,"key":"FearPotion"},{"floor":16,"key":"FearPotion"},{"floor":18,"key":"GamblersBrew"},{"floor":24,"key":"PowerPotion"}],"is_trial":false,"path_per_floor":["M","M","$","M","M","E","?","M","T","R","E","R","M","M","R","B",null,"M","?","M","?","$","R","M","M"],"character_chosen":"DEFECT","items_purchased":["Undo","Ball Lightning","Streamline","Thunder Strike","Defragment"],"campfire_rested":2,"item_purchase_floors":[3,3,22,22,22],"current_hp_per_floor":[68,68,68,68,64,48,48,37,37,37,20,20,20,13,35,10,59,36,36,24,24,24,46,13,0],"gold":108,"neow_bonus":"THREE_ENEMY_KILL","is_prod":false,"is_daily":false,"chose_seed":false,"campfire_upgraded":2,"win_rate":0,"timestamp":1571818417,"path_taken":["M","?","?","M","?","E","?","M","T","R","E","R","M","M","R","BOSS","M","?","M","?","$","R","M","M"],"build_version":"2019-07-17","purchased_purges":1,"victory":false,"max_hp_per_floor":[75,75,75,75,75,75,75,75,75,75,75,75,75,75,75,75,75,75,75,75,75,75,75,75,75],"card_choices":[{"not_picked":["Undo","Turbo"],"picked":"Cold Snap","floor":1},{"not_picked":["Stack","Consume"],"picked":"Capacitor","floor":2},{"not_picked":["Go for the Eyes","Double Energy"],"picked":"Barrage","floor":4},{"not_picked":["Capacitor","Hologram"],"picked":"Streamline","floor":5},{"not_picked":["Go for the Eyes","Stack"],"picked":"Steam","floor":6},{"not_picked":["Fission","Lockon"],"picked":"Gash","floor":8},{"not_picked":["Reinforced Body","Go for the Eyes"],"picked":"Ball Lightning","floor":11},{"not_picked":["FTL","Hologram"],"picked":"Genetic Algorithm","floor":13},{"not_picked":["Hello World","Chill"],"picked":"Compile Driver","floor":14},{"not_picked":["Seek","Amplify"],"picked":"Buffer","floor":16},{"not_picked":["Compile Driver","Coolheaded","Cold Snap"],"picked":"SKIP","floor":18},{"not_picked":["Hologram","Aggregate","Go for the Eyes"],"picked":"SKIP","floor":20},{"not_picked":["Go for the Eyes","Hologram+1"],"picked":"Self Repair+1","floor":24}],"player_experience":524617,"relics_obtained":[{"floor":6,"key":"The Courier"},{"floor":9,"key":"Kunai"}],"event_choices":[{"damage_healed":0,"gold_gain":0,"player_choice":"Grow","damage_taken":0,"max_hp_gain":0,"max_hp_loss":0,"event_name":"Living Wall","floor":7,"gold_loss":0,"cards_upgraded":["Steam"]},{"damage_healed":0,"gold_gain":0,"player_choice":"Simplicity","damage_taken":0,"max_hp_gain":0,"max_hp_loss":0,"event_name":"Back to Basics","floor":19,"gold_loss":0,"cards_upgraded":["Strike_B","Strike_B","Strike_B","Strike_B","Defend_B","Defend_B","Defend_B","Defend_B"]},{"damage_healed":0,"gold_gain":99,"player_choice":"Stole From Cult","damage_taken":0,"max_hp_gain":0,"max_hp_loss":0,"event_name":"Nest","floor":21,"gold_loss":0}],"is_beta":false,"boss_relics":[{"not_picked":["Tiny House","Empty Cage"],"picked":"Snecko Eye"}],"items_purged_floors":[22],"is_endless":false,"potions_floor_spawned":[1,4,5,11,16,18,24],"killed_by":"Snake Plant","ascension_level":13}