{"gold_per_floor":[368,386,20,30,30,30,57,57,57,73,106,167,132,3,3,105,105,120,22,22,40,0,0,31,31,31,50,60,77,77,97,97,193,193,207,307,119,136,136,171,171,183,183,183,211,211,211,231,231,231,231,231,16,41,41],"floor_reached":55,"playtime":4884,"items_purged":["Strike_B","Strike_B","Defend_B"],"score":1265,"play_id":"f04b77ef-9d6e-4301-9bb8-fd3240eccb23","local_time":"20191015201655","is_ascension_mode":true,"campfire_choices":[{"data":"Genetic Algorithm","floor":6.0,"key":"SMITH"},{"floor":8.0,"key":"DIG"},{"floor":15.0,"key":"REST"},{"floor":23,"key":"DIG"},{"floor":25,"key":"REST"},{"floor":32,"key":"DIG"},{"floor":41,"key":"DIG"},{"floor":44,"key":"DIG"},{"floor":46,"key":"REST"},{"floor":49,"key":"RECALL"},{"floor":52,"key":"DIG"}],"neow_cost":"TEN_PERCENT_HP_LOSS","seed_source_timestamp":0,"circlet_count":0,"master_deck":["AscendersBane","Defend_B","Defend_B","Defend_B+1","Zap+1","Dualcast","Defragment","Genetic Algorithm+1","Barrage","Capacitor","Doom and Gloom","Conserve Battery","Sweeping Beam","Cold Snap","Loop+1","All For One","Coolheaded","Compile Driver","Ball Lightning","Chaos","Redo","Barrage","Steam+1","Consume","Electrodynamics+1","Stack","Capacitor+1","Stack","Master of Strategy","Purity","Loop+1","Cold Snap","Hologram+1","FTL","Seek"],"special_seed":0,"relics":["Cracked Core","Membership Card","Shovel","The Courier","Frozen Egg 2","Art of War","Regal Pillow","Runic Capacitor","Velvet Choker","DataDisk","Bottled Lightning","Blood Vial","Vajra","War Paint","Runic Pyramid","Gambling Chip","Lantern","Bronze Scales","Sundial","Singing Bowl","Dream Catcher","Centennial Puzzle","Kunai","Bottled Tornado","Emotion Chip","Bag of Preparation"],"potions_floor_usage":[29,45,50,55],"damage_taken":[{"damage":2.0,"enemies":"Jaw Worm","floor":1.0,"turns":3.0},{"damage":2.0,"enemies":"2 Louse","floor":2.0,"turns":3.0},{"damage":0.0,"enemies":"Small Slimes","floor":4.0,"turns":3.0},{"damage":18.0,"enemies":"Lagavulin","floor":7.0,"turns":7.0},{"damage":1.0,"enemies":"Exordium Wildlife","floor":10.0,"turns":3.0},{"damage":14.0,"enemies":"3 Sentries","floor":11.0,"turns":6.0},{"damage":28.0,"enemies":"Lagavulin Event","floor":12.0,"turns":7.0},{"damage":38.0,"enemies":"Hexaghost","floor":16.0,"turns":12.0},{"damage":9,"enemies":"3 Byrds","floor":18,"turns":5},{"damage":0,"enemies":"Spheric Guardian","floor":21,"turns":4},{"damage":38,"enemies":"Slavers","floor":24,"turns":6},{"damage":4,"enemies":"Centurion and Healer","floor":27,"turns":6},{"damage":13,"enemies":"Snecko","floor":28,"turns":4},{"damage":7,"enemies":"3 Cultists","floor":29,"turns":4},{"damage":9,"enemies":"Cultist and Chosen","floor":31,"turns":5},{"damage":19,"enemies":"Champ","floor":33,"turns":9},{"damage":0,"enemies":"3 Darklings","floor":35,"turns":3},{"damage":0,"enemies":"Mind Bloom Boss Battle","floor":36,"turns":4},{"damage":0,"enemies":"3 Shapes","floor":38,"turns":2},{"damage":21,"enemies":"Giant Head","floor":40,"turns":7},{"damage":5,"enemies":"3 Darklings","floor":42,"turns":3},{"damage":9,"enemies":"Reptomancer","floor":45,"turns":6},{"damage":16,"enemies":"Transient","floor":48,"turns":5},{"damage":41,"enemies":"Awakened One","floor":50,"turns":12},{"damage":23,"enemies":"Shield and Spear","floor":54,"turns":8},{"damage":57,"enemies":"The Heart","floor":55,"turns":3}],"seed_played":"8681666769782015376","potions_obtained":[{"floor":2.0,"key":"Poison Potion"},{"floor":10.0,"key":"Weak Potion"},{"floor":11.0,"key":"LiquidBronze"},{"floor":27,"key":"SpeedPotion"},{"floor":29,"key":"Fruit Juice"},{"floor":35,"key":"FearPotion"},{"floor":48,"key":"Ancient Potion"},{"floor":54,"key":"Energy Potion"}],"is_trial":false,"path_per_floor":["M","M","$","M","?","R","E","R","T","M","E","?","?","$","R","B",null,"M","$","?","M","?","R","E","R","T","M","M","M","?","M","R","B",null,"M","?","$","M","?","E","R","M","T","R","E","R","?","M","R","B",null,"R","$","E","B"],"character_chosen":"DEFECT","items_purchased":["Membership Card","Barrage","Capacitor","Doom and Gloom","Fire Potion","Runic Capacitor","DataDisk","Compile Driver","Ball Lightning","Lantern","Bronze Scales","Stack","Bottled Tornado","Emotion Chip"],"campfire_rested":3,"item_purchase_floors":[3,3,3,3,3,14,19,19,19,37,37,37,53,53],"current_hp_per_floor":[66,64,64,64,64,64,46,46,46,45,31,3,20,20,55,17,55,46,46,46,46,46,46,8,43,43,41,30,30,54,47,47,30,62,64,66,66,68,58,39,39,36,36,36,29,65,65,51,51,12,55,55,55,36,0],"gold":41,"neow_bonus":"TWO_FIFTY_GOLD","is_prod":false,"is_daily":false,"chose_seed":false,"campfire_upgraded":1,"win_rate":0,"timestamp":1571185015,"path_taken":["M","M","$","M","?","R","E","R","T","M","E","?","?","$","R","BOSS","M","$","?","M","?","R","E","R","T","M","M","M","?","?","R","BOSS","M","?","$","M","?","E","R","M","T","R","E","R","?","M","R","BOSS","R","$","E","BOSS"],"build_version":"2019-07-17","purchased_purges":3,"victory":false,"max_hp_per_floor":[68,68,68,68,68,68,68,68,68,68,68,68,68,68,68,68,68,68,68,68,68,68,68,68,68,68,68,68,73,73,73,73,73,73,73,73,73,73,73,73,73,73,73,73,73,73,69,69,69,69,69,69,69,71,71],"card_choices":[{"not_picked":["Sweeping Beam","Rebound"],"picked":"Defragment","floor":1.0},{"not_picked":["Stack","Ball Lightning"],"picked":"Genetic Algorithm","floor":2.0},{"not_picked":["Go for the Eyes","Streamline"],"picked":"Conserve Battery","floor":4.0},{"not_picked":["Meteor Strike","Double Energy"],"picked":"Sweeping Beam","floor":7.0},{"not_picked":["Barrage","Reinforced Body"],"picked":"Cold Snap","floor":10.0},{"not_picked":["Darkness","Reprogram","Tempest"],"picked":"SKIP","floor":11.0},{"not_picked":["Static Discharge+1","Hello World+1"],"picked":"Loop+1","floor":12.0},{"not_picked":["Hyperbeam","Fission"],"picked":"All For One","floor":16.0},{"not_picked":["Turbo+1","Gash"],"picked":"Coolheaded","floor":18},{"not_picked":["Ball Lightning+1","Skim","Leap"],"picked":"SKIP","floor":21},{"not_picked":["Doom and Gloom","Melter","Go for the Eyes"],"picked":"SKIP","floor":24},{"not_picked":["Stack","Hello World+1"],"picked":"Barrage","floor":27},{"not_picked":["Stack","Cold Snap"],"picked":"Steam+1","floor":28},{"not_picked":["Gash","BootSequence"],"picked":"Consume","floor":29},{"not_picked":["Aggregate","Stack","Streamline"],"picked":"SKIP","floor":31},{"not_picked":["Reboot","Rainbow"],"picked":"Electrodynamics+1","floor":33},{"not_picked":["Ball Lightning+1","Beam Cell"],"picked":"Stack","floor":35},{"not_picked":["Darkness+1","Conserve Battery"],"picked":"Capacitor+1","floor":36},{"not_picked":["Chaos","Compile Driver+1","Genetic Algorithm"],"picked":"SKIP","floor":38},{"not_picked":["Trip","Enlightenment"],"picked":"Master of Strategy","floor":39},{"not_picked":["Bandage Up","Swift Strike"],"picked":"Purity","floor":39},{"not_picked":["Gash+1","Compile Driver"],"picked":"Loop+1","floor":40},{"not_picked":["Recycle","Go for the Eyes+1"],"picked":"Cold Snap","floor":42},{"not_picked":["Hello World+1","Turbo"],"picked":"Hologram+1","floor":45},{"not_picked":["Beam Cell+1","Compile Driver"],"picked":"FTL","floor":46},{"not_picked":["FTL","Go for the Eyes"],"picked":"Seek","floor":48},{"not_picked":["Heatsinks+1","Streamline","Leap"],"picked":"Singing Bowl","floor":54}],"player_experience":487381,"relics_obtained":[{"floor":7.0,"key":"Shovel"},{"floor":8.0,"key":"The Courier"},{"floor":9.0,"key":"Frozen Egg 2"},{"floor":11.0,"key":"Art of War"},{"floor":12.0,"key":"Regal Pillow"},{"floor":23,"key":"Bottled Lightning"},{"floor":24,"key":"Blood Vial"},{"floor":26,"key":"Vajra"},{"floor":32,"key":"War Paint"},{"floor":36,"key":"Gambling Chip"},{"floor":40,"key":"Sundial"},{"floor":41,"key":"Singing Bowl"},{"floor":44,"key":"Dream Catcher"},{"floor":45,"key":"Centennial Puzzle"},{"floor":52,"key":"Kunai"},{"floor":54,"key":"Bag of Preparation"}],"event_choices":[{"damage_healed":0.0,"max_hp_gain":0.0,"max_hp_loss":0.0,"gold_gain":0.0,"event_name":"Liars Game","player_choice":"Ignored","floor":5.0,"gold_loss":0.0,"damage_taken":0.0},{"damage_healed":0.0,"max_hp_gain":0.0,"max_hp_loss":0.0,"gold_gain":0.0,"event_name":"Dead Adventurer","player_choice":"Searched \u00272\u0027 times","floor":12.0,"gold_loss":0.0,"damage_taken":0.0},{"damage_healed":17.0,"max_hp_gain":0.0,"max_hp_loss":0.0,"gold_gain":0.0,"event_name":"The Cleric","player_choice":"Healed","floor":13.0,"gold_loss":35.0,"damage_taken":0.0},{"damage_healed":0,"gold_gain":0,"cards_transformed":["Strike_B","Strike_B"],"player_choice":"Became Test Subject","damage_taken":0,"max_hp_gain":0,"max_hp_loss":0,"event_name":"Drug Dealer","floor":20,"gold_loss":0,"cards_obtained":["Chaos","Redo"]},{"damage_healed":0,"gold_gain":0,"player_choice":"Paid Fearfully","damage_taken":0,"max_hp_gain":0,"max_hp_loss":0,"event_name":"Masked Bandits","floor":22,"gold_loss":40},{"damage_healed":24,"gold_gain":0,"player_choice":"Heal","damage_taken":0,"max_hp_gain":0,"max_hp_loss":0,"event_name":"The Library","floor":30,"gold_loss":0},{"damage_healed":0,"gold_gain":0,"player_choice":"Fight","damage_taken":0,"max_hp_gain":0,"max_hp_loss":0,"event_name":"MindBloom","floor":36,"gold_loss":0},{"damage_healed":0,"gold_gain":0,"player_choice":"Memory 3","damage_taken":10,"max_hp_gain":0,"max_hp_loss":0,"event_name":"SensoryStone","floor":39,"gold_loss":0},{"damage_healed":0,"gold_gain":0,"player_choice":"Max HP","damage_taken":0,"max_hp_gain":0,"max_hp_loss":4,"event_name":"Winding Halls","floor":47,"gold_loss":0}],"is_beta":false,"boss_relics":[{"not_picked":["White Beast Statue","Lizard Tail"],"picked":"Velvet Choker"},{"not_picked":["Philosopher\u0027s Stone","Busted Crown"],"picked":"Runic Pyramid"}],"items_purged_floors":[3,14,37],"is_endless":false,"potions_floor_spawned":[2,10,11,27,29,35,36,48,54],"killed_by":"The Heart","ascension_level":12}