{"gold_per_floor":[114,114,127,127,127,127,153,179,179,189,201,201,232,242,242,345,345,345,260,230,230,230,230,230,230,230,230,230,230,230,230,230,230,230,230],"floor_reached":35,"playtime":2400,"items_purged":[],"score":357,"play_id":"6fb1b9e4-7e07-4493-b894-78a1f25082fe","local_time":"20190824233730","is_ascension_mode":true,"campfire_choices":[{"data":"Armaments","floor":6,"key":"SMITH"},{"data":"Massacre","floor":12,"key":"SMITH"},{"data":"Eclipse","floor":25,"key":"SMITH"},{"data":"Pommel Strike","floor":34,"key":"SMITH"}],"neow_cost":"NONE","seed_source_timestamp":1542787164368000,"circlet_count":0,"master_deck":["Strike_R+1","Strike_R+1","Strike_R+1","Strike_R+1","Defend_R+1","Defend_R+1","Defend_R+1","Defend_R+1","Bash","Wild Strike","Armaments+1","Clash","Massacre+1","Eclipse+1","Seeing Red","Pommel Strike+1","Limit Break+1","Heavy Blade","Brutality","True Grit","Headbutt+1","Seeing Red+1","Reckless Charge","Ghostly Armor","Run Through"],"relics":["Burning Blood","NeowsBlessing","hubris:CrystalStatue","Odd Mushroom","Replay:Rubber Ducky","Anchor","Ectoplasm","Pocketwatch","Onion Ring","Thread and Needle","Omamori","hubris:BottledHeart"],"potions_floor_usage":[13,16,20,23,28,28,31,32,35,35],"damage_taken":[{"damage":0,"enemies":"Jaw Worm","floor":1,"turns":1},{"damage":0,"enemies":"Small Slimes","floor":3,"turns":1},{"damage":0,"enemies":"Gremlin Nob","floor":7,"turns":1},{"damage":28,"enemies":"The Mushroom Lair","floor":8,"turns":5},{"damage":0,"enemies":"2 Louse","floor":10,"turns":3},{"damage":7,"enemies":"2 Fungi Beasts","floor":11,"turns":3},{"damage":15,"enemies":"3 Sentries","floor":13,"turns":5},{"damage":0,"enemies":"3 Louse","floor":14,"turns":3},{"damage":61,"enemies":"Hexaghost","floor":16,"turns":10},{"damage":23,"enemies":"Spheric Guardian","floor":18,"turns":4},{"damage":7,"enemies":"2 Thieves","floor":20,"turns":2},{"damage":31,"enemies":"Slavers","floor":23,"turns":6},{"damage":24,"enemies":"Centurion and Healer","floor":28,"turns":4},{"damage":30,"enemies":"Snake Plant","floor":31,"turns":4},{"damage":6,"enemies":"Snecko","floor":32,"turns":5},{"damage":18,"enemies":"hubris:MusketHawk","floor":35,"turns":6}],"seed_played":"957231524264597196","potions_obtained":[{"floor":1,"key":"Strength Potion"},{"floor":8,"key":"SkillPotion"},{"floor":16,"key":"Regen Potion"},{"floor":18,"key":"Strength Potion"},{"floor":23,"key":"EntropicBrew"},{"floor":31,"key":"Dexterity Potion"},{"floor":32,"key":"Milkshake"}],"is_trial":false,"path_per_floor":["M","?","M","?","?","R","E","?","T","M","M","R","E","M","R","B",null,"M","?","M","?","$","E","T","R","T","?","M","PTL","PTL","M","M","?","R","B"],"character_chosen":"IRONCLAD","items_purchased":[],"campfire_rested":0,"item_purchase_floors":[],"current_hp_per_floor":[80,80,80,80,85,85,85,63,63,69,68,68,59,65,85,30,85,68,68,67,67,67,57,57,57,57,57,39,39,39,15,15,1,1,0],"gold":230,"neow_bonus":"THREE_ENEMY_KILL","is_prod":false,"is_daily":false,"chose_seed":false,"campfire_upgraded":4,"win_rate":0,"timestamp":1566715050,"path_taken":["M","?","M","?","?","R","E","?","T","M","M","R","E","M","R","BOSS","M","?","M","?","?","E","?","R","T","?","M","PTL","PTL","M","M","?","R","BOSS"],"build_version":"2019-07-17","purchased_purges":0,"victory":false,"max_hp_per_floor":[80,80,80,80,85,85,85,85,85,85,85,85,85,85,85,85,85,85,85,85,85,85,85,85,85,85,85,85,85,85,85,85,1,1,1],"card_choices":[{"not_picked":["Body Slam","Replay:Undeath\u0027s Touch"],"picked":"Wild Strike","floor":1},{"not_picked":["Abandon","Wild Strike"],"picked":"Armaments","floor":3},{"not_picked":["Warcry","Anger"],"picked":"Massacre","floor":7},{"not_picked":["Combust","Armaments"],"picked":"Eclipse","floor":8},{"not_picked":["Evolve","Sword Boomerang"],"picked":"Seeing Red","floor":10},{"not_picked":["Wild Strike","Seeing Red"],"picked":"Pommel Strike","floor":11},{"not_picked":["Anger","Sever Soul"],"picked":"Limit Break","floor":13},{"not_picked":["Blood for Blood","Uppercut"],"picked":"Heavy Blade","floor":14},{"not_picked":["Replay:Many Hands","Limit Break"],"picked":"Brutality","floor":16},{"not_picked":["Twin Strike","Wild Strike"],"picked":"True Grit","floor":18},{"not_picked":["ReplayTheSpireMod:Muscle Training","Power Through"],"picked":"Headbutt+1","floor":20},{"not_picked":["Cleave","Heavy Blade"],"picked":"Seeing Red+1","floor":23},{"not_picked":["Body Slam","hubris:ReadiedAction"],"picked":"Reckless Charge","floor":28},{"not_picked":["Pommel Strike","Body Slam"],"picked":"Ghostly Armor","floor":31},{"not_picked":["Cleave","Warcry"],"picked":"Run Through","floor":32}],"player_experience":234769,"relics_obtained":[{"floor":7,"key":"hubris:CrystalStatue"},{"floor":8,"key":"Odd Mushroom"},{"floor":9,"key":"Replay:Rubber Ducky"},{"floor":13,"key":"Anchor"},{"floor":23,"key":"Onion Ring"},{"floor":24,"key":"Thread and Needle"},{"floor":26,"key":"Omamori"}],"event_choices":[{"damage_healed":0,"gold_gain":0,"player_choice":"Leave","damage_taken":0,"max_hp_gain":0,"max_hp_loss":0,"event_name":"The Cleric","floor":2,"gold_loss":0},{"damage_healed":0,"gold_gain":0,"cards_transformed":["Strike_R"],"player_choice":"Change","damage_taken":0,"max_hp_gain":0,"max_hp_loss":0,"event_name":"Living Wall","floor":4,"gold_loss":0,"cards_obtained":["Clash"]},{"damage_healed":0,"gold_gain":0,"player_choice":"Donut","damage_taken":0,"max_hp_gain":5,"max_hp_loss":0,"event_name":"Big Fish","floor":5,"gold_loss":0},{"damage_healed":0,"gold_gain":0,"player_choice":"Fought Mushrooms","damage_taken":0,"max_hp_gain":0,"max_hp_loss":0,"event_name":"Mushrooms","floor":8,"gold_loss":0},{"damage_healed":0,"gold_gain":0,"player_choice":"Obtained Relic","damage_taken":0,"relics_obtained":["Pocketwatch"],"max_hp_gain":0,"max_hp_loss":0,"event_name":"Addict","floor":19,"gold_loss":85},{"damage_healed":0,"gold_gain":0,"player_choice":"Simplicity","damage_taken":0,"max_hp_gain":0,"max_hp_loss":0,"event_name":"Back to Basics","floor":21,"gold_loss":0,"cards_upgraded":["Strike_R","Strike_R","Strike_R","Strike_R","Defend_R","Defend_R","Defend_R","Defend_R"]},{"damage_healed":0,"gold_gain":0,"player_choice":"Smashed Altar","damage_taken":0,"max_hp_gain":0,"max_hp_loss":0,"event_name":"Forgotten Altar","floor":27,"gold_loss":0,"cards_obtained":["Decay"]}],"is_beta":false,"boss_relics":[{"not_picked":["Philosopher\u0027s Stone","Replay:Drink Me"],"picked":"Ectoplasm"}],"items_purged_floors":[],"is_endless":false,"potions_floor_spawned":[1,8,16,18,23,31,32],"killed_by":"hubris:MusketHawk","ascension_level":3}