{"gold_per_floor":[112,132,147,147,164,164,183,183,183,183,198,198,198,208,208,303,303,314,41,41,58,72,72,92,106,106,106,125,125,125,139,139,240,240,255,266,266,266,266,266,276,276,276,276,276,276,295,295,295,295],"floor_reached":51,"playtime":1204,"items_purged":["Strike_B"],"score":645,"play_id":"4c0a5046-97b9-4020-9d53-14aca0eae099","local_time":"20191025172617","is_ascension_mode":false,"campfire_choices":[{"data":"Reinforced Body","floor":6,"key":"SMITH"},{"data":"Ball Lightning","floor":8,"key":"SMITH"},{"data":"Sweeping Beam","floor":10,"key":"SMITH"},{"data":"Conserve Battery","floor":13,"key":"SMITH"},{"data":"Zap","floor":15,"key":"SMITH"},{"data":"Ball Lightning","floor":23,"key":"SMITH"},{"floor":27,"key":"REST"},{"floor":30,"key":"REST"},{"data":"Compile Driver","floor":32,"key":"SMITH"},{"floor":40,"key":"RECALL"},{"floor":42,"key":"REST"},{"floor":46,"key":"REST"},{"floor":49,"key":"REST"}],"neow_cost":"NONE","seed_source_timestamp":1327176312875800,"circlet_count":0,"master_deck":["Strike_B+1","Strike_B+1","Defend_B+1","Defend_B+1","Defend_B+1","Defend_B+1","Zap+1","Dualcast+1","Gash+1","Reinforced Body+1","Sweeping Beam+1","Cold Snap+1","Ball Lightning+1","Conserve Battery+1","Ball Lightning+1","Electrodynamics+1","Compile Driver+1","Thunder Strike+1","Ball Lightning+1"],"relics":["Cracked Core","NeowsBlessing","Mango","Frozen Egg 2","Busted Crown","Runic Capacitor","Nilry\u0027s Codex","Dead Branch","Runic Pyramid","Mark of the Bloom","Ice Cream"],"potions_floor_usage":[11,16,16,33,50,50,50],"damage_taken":[{"damage":0,"enemies":"Cultist","floor":1,"turns":1},{"damage":0,"enemies":"Jaw Worm","floor":2,"turns":1},{"damage":0,"enemies":"Small Slimes","floor":3,"turns":1},{"damage":0,"enemies":"Blue Slaver","floor":5,"turns":5},{"damage":0,"enemies":"Exordium Wildlife","floor":7,"turns":4},{"damage":0,"enemies":"3 Louse","floor":11,"turns":1},{"damage":1,"enemies":"Large Slime","floor":14,"turns":5},{"damage":6,"enemies":"The Guardian","floor":16,"turns":9},{"damage":5,"enemies":"Chosen","floor":18,"turns":3},{"damage":0,"enemies":"3 Byrds","floor":21,"turns":2},{"damage":8,"enemies":"Sentry and Sphere","floor":22,"turns":4},{"damage":25,"enemies":"Shelled Parasite and Fungi","floor":24,"turns":4},{"damage":0,"enemies":"Cultist and Chosen","floor":25,"turns":3},{"damage":15,"enemies":"Snecko","floor":28,"turns":4},{"damage":8,"enemies":"Sentry and Sphere","floor":31,"turns":3},{"damage":4,"enemies":"Automaton","floor":33,"turns":6},{"damage":6,"enemies":"Orb Walker","floor":35,"turns":3},{"damage":0,"enemies":"3 Darklings","floor":36,"turns":4},{"damage":0,"enemies":"Transient","floor":39,"turns":5},{"damage":13,"enemies":"4 Shapes","floor":41,"turns":3},{"damage":0,"enemies":"Sphere and 2 Shapes","floor":47,"turns":3},{"damage":17,"enemies":"3 Darklings","floor":48,"turns":4},{"damage":27,"enemies":"Time Eater","floor":50,"turns":9}],"seed_played":"1656043833375470548","potions_obtained":[{"floor":1,"key":"Explosive Potion"},{"floor":11,"key":"Block Potion"},{"floor":14,"key":"LiquidBronze"},{"floor":16,"key":"FocusPotion"},{"floor":18,"key":"EssenceOfSteel"},{"floor":31,"key":"SpeedPotion"},{"floor":33,"key":"Dexterity Potion"}],"is_trial":false,"path_per_floor":["M","M","M","?","M","R","M","R","T","R","M","?","R","M","R","B",null,"M","$","?","M","M","R","M","M","T","R","M","$","R","M","R","B",null,"M","M","?","?","M","R","M","R","T","$","?","R","M","M","R","B",null],"character_chosen":"DEFECT","items_purchased":["Runic Capacitor"],"campfire_rested":5,"item_purchase_floors":[19],"current_hp_per_floor":[75,75,75,75,75,75,75,75,89,89,89,82,82,81,81,75,89,84,84,68,68,60,60,35,35,35,61,46,46,72,64,64,60,89,83,83,83,83,83,83,70,70,70,70,70,70,70,53,53,26],"gold":295,"neow_bonus":"THREE_ENEMY_KILL","is_prod":false,"is_daily":false,"chose_seed":false,"campfire_upgraded":7,"win_rate":0,"timestamp":1572038777,"path_taken":["M","M","?","?","M","R","M","R","T","R","?","?","R","M","R","BOSS","M","$","?","M","M","R","M","M","T","R","M","$","R","M","R","BOSS","M","M","?","?","M","R","M","R","T","$","?","R","?","M","R","BOSS"],"build_version":"2019-07-17","purchased_purges":1,"victory":true,"max_hp_per_floor":[75,75,75,75,75,75,75,75,89,89,89,89,89,89,89,89,89,89,89,89,89,89,89,89,89,89,89,89,89,89,89,89,89,89,89,89,89,89,89,89,89,89,89,89,89,89,89,89,89,89],"card_choices":[{"not_picked":["Force Field","Double Energy"],"picked":"Gash","floor":1},{"not_picked":["Turbo","Beam Cell"],"picked":"Reinforced Body","floor":2},{"not_picked":["Steam Power","Auto Shields"],"picked":"Sweeping Beam","floor":3},{"not_picked":["Beam Cell","Reprogram"],"picked":"Cold Snap","floor":5},{"not_picked":["Barrage","White Noise"],"picked":"Ball Lightning","floor":7},{"not_picked":["Turbo","Sweeping Beam"],"picked":"Conserve Battery","floor":11},{"not_picked":["Hologram","Storm+1"],"picked":"Ball Lightning","floor":14},{"not_picked":["Thunder Strike","Creative AI+1"],"picked":"Electrodynamics+1","floor":16},{"not_picked":[],"picked":"Compile Driver","floor":18},{"not_picked":["Aggregate+1"],"picked":"SKIP","floor":21},{"not_picked":["Go for the Eyes"],"picked":"SKIP","floor":22},{"not_picked":["Aggregate"],"picked":"SKIP","floor":24},{"not_picked":["Stack"],"picked":"SKIP","floor":25},{"not_picked":["Reinforced Body"],"picked":"SKIP","floor":28},{"not_picked":["Compile Driver"],"picked":"SKIP","floor":31},{"not_picked":[],"picked":"Thunder Strike","floor":33},{"not_picked":[],"picked":"Ball Lightning+1","floor":35},{"not_picked":["Heatsinks+1"],"picked":"SKIP","floor":36},{"not_picked":["Lockon"],"picked":"SKIP","floor":39},{"not_picked":["Scrape+1"],"picked":"SKIP","floor":41},{"not_picked":["Hologram+1"],"picked":"SKIP","floor":47},{"not_picked":["Undo+1"],"picked":"SKIP","floor":48}],"player_experience":587982,"relics_obtained":[{"floor":9,"key":"Mango"},{"floor":20,"key":"Nilry\u0027s Codex"},{"floor":26,"key":"Dead Branch"},{"floor":43,"key":"Ice Cream"}],"event_choices":[{"cards_removed":["Strike_B"],"damage_healed":0,"gold_gain":0,"player_choice":"Purged","damage_taken":0,"max_hp_gain":0,"max_hp_loss":0,"event_name":"Purifier","floor":4,"gold_loss":0},{"damage_healed":0,"gold_gain":0,"player_choice":"Success","damage_taken":7,"relics_obtained":["Frozen Egg 2"],"max_hp_gain":0,"max_hp_loss":0,"event_name":"Scrap Ooze","floor":12,"gold_loss":0},{"damage_healed":0,"gold_gain":0,"player_choice":"Obtained Book","damage_taken":16,"max_hp_gain":0,"max_hp_loss":0,"event_name":"Cursed Tome","floor":20,"gold_loss":0},{"damage_healed":0,"gold_gain":0,"player_choice":"Ignored","damage_taken":0,"max_hp_gain":0,"max_hp_loss":0,"event_name":"Mysterious Sphere","floor":37,"gold_loss":0},{"damage_healed":0,"gold_gain":0,"player_choice":"Upgrade","damage_taken":0,"relics_obtained":["Mark of the Bloom"],"max_hp_gain":0,"max_hp_loss":0,"event_name":"MindBloom","floor":38,"gold_loss":0,"cards_upgraded":["Strike_B","Strike_B","Defend_B","Defend_B","Defend_B","Defend_B","Dualcast","Gash","Cold Snap","Thunder Strike"]},{"damage_healed":0,"gold_gain":0,"player_choice":"Ignored","damage_taken":0,"max_hp_gain":0,"max_hp_loss":0,"event_name":"Upgrade Shrine","floor":45,"gold_loss":0}],"is_beta":false,"boss_relics":[{"not_picked":["Empty Cage","Pandora\u0027s Box"],"picked":"Busted Crown"},{"not_picked":["Sozu","Eternal Feather"],"picked":"Runic Pyramid"}],"items_purged_floors":[19],"is_endless":false,"potions_floor_spawned":[1,11,14,16,18,31,33,36,47,48],"ascension_level":0}