{"gold_per_floor":[112,130,130,61,71,100,110,141,209,209,244,244,272,7,7,110,110,120,137,156,156,169,169,198,198,221,221,221,238,238,255,255,355,355,355],"floor_reached":35,"playtime":2681,"items_purged":[],"score":551,"play_id":"7425d782-9e81-4663-ae4a-bf54b6ffc3e9","local_time":"20190506034052","is_ascension_mode":true,"campfire_choices":[{"floor":12,"key":"REST"},{"data":"Infinite Blades","floor":15,"key":"SMITH"},{"floor":23,"key":"REST"},{"floor":28,"key":"REST"},{"floor":30,"key":"REST"},{"floor":32,"key":"REST"}],"neow_cost":"NONE","seed_source_timestamp":19135354472408,"circlet_count":0,"master_deck":["Defend_G","Defend_G","Defend_G+1","Defend_G","Defend_G","Survivor+1","Neutralize","Madness","Crippling Poison","Flying Knee","Skewer+1","Cloak And Dagger","Dagger Spray","Accuracy","Outmaneuver","Parasite","Corpse Explosion","Footwork","Infinite Blades+1","Blade Dance","Sucker Punch","A Thousand Cuts","PiercingWail","Catalyst","Finisher","Malaise","Tactician","Quick Slash+1","Accuracy","Distraction","Terror","Predator+1","Acrobatics+1","Bite","Bite","Bite","Bite","Bite","Dagger Throw","Night Terror","Deflect","Distraction+1","Outmaneuver+1","Venomology","Writhe","Writhe","Normality"],"relics":["Ring of the Snake","War Paint","Happy Flower","The Courier","Shuriken","Dream Catcher","WingedGreaves","Mummified Hand","Orrery","Bag of Preparation","Ancient Tea Set","Calling Bell","Boot","Toxic Egg 2","Calipers"],"potions_floor_usage":[8,20,20,20,24,33,35],"damage_taken":[{"damage":0,"enemies":"Cultist","floor":1,"turns":4},{"damage":3,"enemies":"Small Slimes","floor":2,"turns":3},{"damage":1,"enemies":"Jaw Worm","floor":5,"turns":2},{"damage":12,"enemies":"3 Sentries","floor":6,"turns":10},{"damage":0,"enemies":"Looter","floor":7,"turns":3},{"damage":21,"enemies":"Gremlin Nob","floor":8,"turns":6},{"damage":11,"enemies":"Lagavulin","floor":11,"turns":8},{"damage":11,"enemies":"3 Sentries","floor":13,"turns":4},{"damage":0,"enemies":"Slime Boss","floor":16,"turns":5},{"damage":3,"enemies":"2 Thieves","floor":18,"turns":4},{"damage":17,"enemies":"Shell Parasite","floor":19,"turns":4},{"damage":23,"enemies":"Centurion and Healer","floor":20,"turns":5},{"damage":29,"enemies":"Snake Plant","floor":22,"turns":6},{"damage":43,"enemies":"Slavers","floor":24,"turns":4},{"damage":9,"enemies":"Snecko","floor":29,"turns":4},{"damage":8,"enemies":"Chosen and Byrds","floor":31,"turns":4},{"damage":34,"enemies":"Collector","floor":33,"turns":9},{"damage":49,"enemies":"3 Darklings","floor":35,"turns":3}],"seed_played":"3723235771758548889","potions_obtained":[{"floor":1,"key":"Regen Potion"},{"floor":5,"key":"Energy Potion"},{"floor":7,"key":"Regen Potion"},{"floor":16,"key":"SkillPotion"},{"floor":22,"key":"Block Potion"},{"floor":31,"key":"Regen Potion"},{"floor":33,"key":"LiquidBronze"}],"is_trial":false,"path_per_floor":["M","M","T","$","M","E","M","E","T","?","E","R","E","$","R","B",null,"M","M","M","?","M","R","E","?","T","?","R","M","R","M","R","B",null,"M"],"character_chosen":"THE_SILENT","items_purchased":["Skewer","Blade Dance","Mummified Hand","Sucker Punch"],"campfire_rested":5,"item_purchase_floors":[4,14,14,14],"current_hp_per_floor":[70,67,67,67,66,54,54,48,48,65,54,70,59,59,59,59,70,67,50,39,62,33,54,11,11,11,11,25,20,34,30,44,29,49,0],"gold":355,"neow_bonus":"RANDOM_COLORLESS","is_prod":false,"is_daily":false,"chose_seed":false,"campfire_upgraded":1,"win_rate":0,"timestamp":1557139252,"path_taken":["M","M","?","$","M","E","M","E","T","?","E","R","E","$","R","BOSS","M","M","M","?","M","R","E","?","T","?","R","?","R","M","R","BOSS","M"],"build_version":"2019-01-23","purchased_purges":0,"victory":false,"max_hp_per_floor":[70,70,70,70,70,70,70,70,70,70,70,70,70,70,70,70,70,70,70,70,70,70,70,70,49,49,49,49,49,49,49,49,49,49,49],"card_choices":[{"not_picked":["Flying Knee","Deflect"],"picked":"Crippling Poison","floor":1},{"not_picked":["Dagger Throw","Deadly Poison"],"picked":"Flying Knee","floor":2},{"not_picked":["Calculated Gamble","Dagger Spray"],"picked":"Cloak And Dagger","floor":5},{"not_picked":["PiercingWail","Dagger Throw"],"picked":"Dagger Spray","floor":6},{"not_picked":["Dodge and Roll","Deflect"],"picked":"Accuracy","floor":7},{"not_picked":["Expertise","Cloak And Dagger"],"picked":"Outmaneuver","floor":8},{"not_picked":["Flying Knee","Accuracy"],"picked":"Corpse Explosion","floor":11},{"not_picked":["Dagger Spray","Poisoned Stab"],"picked":"Footwork","floor":12},{"not_picked":["Bane","Skewer"],"picked":"Infinite Blades","floor":13},{"not_picked":["Glass Knife","Unload"],"picked":"A Thousand Cuts","floor":16},{"not_picked":["Blade Dance","Crippling Poison"],"picked":"PiercingWail","floor":17},{"not_picked":["Slice","Underhanded Strike"],"picked":"Catalyst","floor":17},{"not_picked":["Bane","Sucker Punch"],"picked":"Finisher","floor":17},{"not_picked":["Choke","Blade Dance"],"picked":"Malaise","floor":17},{"not_picked":["Poisoned Stab","Crippling Poison"],"picked":"Tactician","floor":17},{"not_picked":["Deflect+1","Backflip+1"],"picked":"Quick Slash+1","floor":18},{"not_picked":["Crippling Poison","Tactician"],"picked":"Accuracy","floor":19},{"not_picked":["Flying Knee","Finisher+1"],"picked":"Distraction","floor":20},{"not_picked":["Deadly Poison","Cloak And Dagger+1"],"picked":"Terror","floor":22},{"not_picked":["Outmaneuver+1","Deflect"],"picked":"Predator+1","floor":23},{"not_picked":["Quick Slash","Bouncing Flask"],"picked":"Acrobatics+1","floor":24},{"not_picked":["Flying Knee+1","Bane"],"picked":"Dagger Throw","floor":28},{"not_picked":["Catalyst","Prepared"],"picked":"Night Terror","floor":29},{"not_picked":["Dagger Spray","Skewer"],"picked":"Deflect","floor":30},{"not_picked":["Predator","Poisoned Stab"],"picked":"Distraction+1","floor":31},{"not_picked":["Blade Dance","Deflect"],"picked":"Outmaneuver+1","floor":32},{"not_picked":["A Thousand Cuts","Die Die Die"],"picked":"Venomology","floor":33}],"player_experience":102966,"relics_obtained":[{"floor":3,"key":"War Paint"},{"floor":6,"key":"Happy Flower"},{"floor":8,"key":"The Courier"},{"floor":9,"key":"Shuriken"},{"floor":11,"key":"Dream Catcher"},{"floor":13,"key":"WingedGreaves"},{"floor":24,"key":"Bag of Preparation"},{"floor":26,"key":"Ancient Tea Set"},{"floor":34,"key":"Boot"},{"floor":34,"key":"Toxic Egg 2"},{"floor":34,"key":"Calipers"}],"event_choices":[{"damage_healed":17,"gold_gain":0,"player_choice":"Healed and dodged fight","damage_taken":0,"max_hp_gain":0,"max_hp_loss":0,"event_name":"Mushrooms","floor":10,"gold_loss":0,"cards_obtained":["Parasite"]},{"damage_healed":23,"gold_gain":0,"player_choice":"Heal","damage_taken":0,"max_hp_gain":0,"max_hp_loss":0,"event_name":"The Library","floor":21,"gold_loss":0},{"damage_healed":0,"gold_gain":0,"player_choice":"Became a vampire","damage_taken":0,"max_hp_gain":0,"max_hp_loss":21,"event_name":"Vampires","floor":25,"gold_loss":0,"cards_obtained":["Bite","Bite","Bite","Bite","Bite"]},{"damage_healed":0,"gold_gain":0,"player_choice":"Forge","damage_taken":0,"max_hp_gain":0,"max_hp_loss":0,"event_name":"Accursed Blacksmith","floor":27,"gold_loss":0,"cards_upgraded":["Skewer"]}],"is_beta":false,"boss_relics":[{"not_picked":["Fusion Hammer","HoveringKite"],"picked":"Orrery"},{"not_picked":["Runic Dome","Sozu"],"picked":"Calling Bell"}],"items_purged_floors":[],"is_endless":false,"potions_floor_spawned":[1,5,7,16,22,31,33],"killed_by":"3 Darklings","ascension_level":2}