{"gold_per_floor":[365,382,397,255,274,274,292,326,326,337,371,371,23,43,43,138,138,148,159,159,159,84,118,118,152,152,185,202,219,219,319,319,419,419,438,438,453,67,84,84,116,116,116,141,169,169,169,181,181,181,181,181,17,48,48],"floor_reached":56,"playtime":5013,"items_purged":["Strike_B"],"score":1949,"play_id":"3a00e4bf-a4c2-49bc-8955-f53429101c54","local_time":"20191001010513","is_ascension_mode":true,"campfire_choices":[{"data":"Defragment","floor":6.0,"key":"SMITH"},{"data":"Genetic Algorithm","floor":12.0,"key":"SMITH"},{"data":"Steam","floor":15.0,"key":"SMITH"},{"data":"Sunder","floor":24.0,"key":"SMITH"},{"data":"Cold Snap","floor":32.0,"key":"SMITH"},{"floor":40,"key":"RECALL"},{"data":"Zap","floor":47,"key":"SMITH"},{"data":"Self Repair","floor":49,"key":"SMITH"},{"data":"FTL","floor":52,"key":"SMITH"}],"neow_cost":"TEN_PERCENT_HP_LOSS","seed_source_timestamp":332098033016000,"circlet_count":0,"master_deck":["AscendersBane","Strike_B+1","Defend_B+1","Defend_B+1","Zap+1","Dualcast","Defragment+1","FTL+1","Sunder+1","Cold Snap+1","Steam+1","Self Repair+1","Cold Snap","Genetic Algorithm+1","Sweeping Beam+1","Compile Driver+1","Echo Form+1","Fission+1","Redo+1","Auto Shields+1","Chill+1","Necronomicurse","Fusion+1","Coolheaded+1","Conserve Battery+1","Barrage+1","Biased Cognition+1","Blizzard+1","Barrage+1","Loop+1","Coolheaded+1","Multi-Cast+1","Panacea+1","Reinforced Body+1"],"special_seed":0,"relics":["Cracked Core","Frozen Egg 2","Molten Egg 2","Incense Burner","ClockworkSouvenir","DataDisk","Astrolabe","Necronomicon","Darkstone Periapt","Toxic Egg 2","Cables","Gremlin Horn","WingedGreaves","Inserter","CultistMask","Membership Card","Ice Cream","The Courier","PreservedInsect","Regal Pillow","Medical Kit","Lantern","Centennial Puzzle"],"potions_floor_usage":[39,50,54,55],"damage_taken":[{"damage":1.0,"enemies":"Cultist","floor":1.0,"turns":3.0},{"damage":7.0,"enemies":"Jaw Worm","floor":2.0,"turns":3.0},{"damage":11.0,"enemies":"2 Louse","floor":3.0,"turns":2.0},{"damage":7.0,"enemies":"Exordium Wildlife","floor":5.0,"turns":4.0},{"damage":13.0,"enemies":"Exordium Thugs","floor":7.0,"turns":5.0},{"damage":28.0,"enemies":"Gremlin Nob","floor":8.0,"turns":4.0},{"damage":0.0,"enemies":"Large Slime","floor":10.0,"turns":5.0},{"damage":19.0,"enemies":"3 Sentries","floor":11.0,"turns":6.0},{"damage":0.0,"enemies":"2 Fungi Beasts","floor":14.0,"turns":5.0},{"damage":27.0,"enemies":"Hexaghost","floor":16.0,"turns":10.0},{"damage":4.0,"enemies":"3 Byrds","floor":18.0,"turns":6.0},{"damage":17.0,"enemies":"2 Thieves","floor":19.0,"turns":5.0},{"damage":0.0,"enemies":"Book of Stabbing","floor":23.0,"turns":7.0},{"damage":22.0,"enemies":"Slavers","floor":25.0,"turns":7.0},{"damage":1.0,"enemies":"Book of Stabbing","floor":27.0,"turns":7.0},{"damage":0.0,"enemies":"Chosen and Byrds","floor":28.0,"turns":5.0},{"damage":0.0,"enemies":"3 Cultists","floor":29.0,"turns":7.0},{"damage":4.0,"enemies":"Collector","floor":33.0,"turns":7.0},{"damage":0.0,"enemies":"3 Shapes","floor":35.0,"turns":4.0},{"damage":0.0,"enemies":"3 Darklings","floor":37.0,"turns":6.0},{"damage":0,"enemies":"Jaw Worm Horde","floor":39,"turns":5},{"damage":0,"enemies":"Giant Head","floor":41,"turns":8},{"damage":0,"enemies":"Reptomancer","floor":44,"turns":7},{"damage":7,"enemies":"Giant Head","floor":45,"turns":7},{"damage":0,"enemies":"Maw","floor":48,"turns":6},{"damage":22,"enemies":"Donu and Deca","floor":50,"turns":10},{"damage":0,"enemies":"Shield and Spear","floor":54,"turns":10},{"damage":43,"enemies":"The Heart","floor":55,"turns":13}],"seed_played":"4439232928341756790","potions_obtained":[{"floor":2.0,"key":"AttackPotion"},{"floor":3.0,"key":"Regen Potion"},{"floor":5.0,"key":"Energy Potion"},{"floor":16.0,"key":"SteroidPotion"},{"floor":23.0,"key":"LiquidBronze"},{"floor":28.0,"key":"SpeedPotion"},{"floor":33.0,"key":"Ancient Potion"},{"floor":39,"key":"Fruit Juice"},{"floor":45,"key":"SteroidPotion"}],"is_trial":false,"path_per_floor":["M","M","M","$","M","R","M","E","T","M","E","R","$","M","R","B",null,"M","M","?","?","$","E","R","E","T","E","M","M","?","?","R","B",null,"M","?","M","$","M","R","E","?","T","E","E","?","R","M","R","B",null,"R","$","E","B",null],"character_chosen":"DEFECT","items_purchased":["Cold Snap","Steam","Self Repair","ClockworkSouvenir","DataDisk","Membership Card","Ice Cream","Blizzard+1","Medical Kit","Lantern","SpeedPotion"],"campfire_rested":0,"item_purchase_floors":[4,4,4,13,13,38,38,38,53,53,53],"current_hp_per_floor":[67,60,49,49,61,61,55,34,34,41,29,29,29,36,36,16,55,58,48,32,32,32,39,39,31,31,37,51,58,58,58,58,61,66,68,68,68,68,73,73,73,73,73,73,66,56,56,70,70,68,72,72,72,73,40],"gold":48,"neow_bonus":"TWO_FIFTY_GOLD","is_prod":false,"is_daily":false,"chose_seed":false,"campfire_upgraded":8,"win_rate":0,"timestamp":1569906313,"path_taken":["M","M","M","$","M","R","?","E","T","M","E","R","$","M","R","BOSS","M","?","?","?","?","E","R","E","T","E","M","?","?","?","R","BOSS","M","?","M","$","?","R","E","?","T","E","E","?","R","M","R","BOSS","R","$","E","BOSS"],"build_version":"2019-07-17","purchased_purges":1,"victory":true,"max_hp_per_floor":[68,68,68,68,68,68,68,68,68,68,68,68,68,68,68,68,68,68,68,68,68,68,68,68,68,68,68,68,68,68,68,68,68,68,68,68,68,68,73,73,73,73,73,73,73,73,73,73,73,73,73,73,73,73,73],"card_choices":[{"not_picked":["Ball Lightning","White Noise"],"picked":"Defragment","floor":1.0},{"not_picked":["Hologram","Stack"],"picked":"FTL","floor":2.0},{"not_picked":["Go for the Eyes","Hologram"],"picked":"Sunder","floor":3.0},{"not_picked":["Rip and Tear","Hologram"],"picked":"Cold Snap","floor":5.0},{"not_picked":["Beam Cell","Sunder","Blizzard"],"picked":"SKIP","floor":7.0},{"not_picked":["Conserve Battery","Heatsinks"],"picked":"Genetic Algorithm","floor":8.0},{"not_picked":["Go for the Eyes+1","Stack"],"picked":"Sweeping Beam+1","floor":10.0},{"not_picked":["Lockon+1","Thunder Strike+1"],"picked":"Compile Driver+1","floor":11.0},{"not_picked":["Stack","Consume","Gash+1"],"picked":"SKIP","floor":14.0},{"not_picked":["Creative AI+1","Multi-Cast"],"picked":"Echo Form+1","floor":16.0},{"not_picked":["Static Discharge+1","Reinforced Body","Redo"],"picked":"SKIP","floor":18.0},{"not_picked":["Sweeping Beam+1","Steam Power+1"],"picked":"Chill+1","floor":19.0},{"not_picked":["Streamline+1","Scrape+1"],"picked":"Fusion","floor":23.0},{"not_picked":["FTL+1","Go for the Eyes+1"],"picked":"Coolheaded+1","floor":25.0},{"not_picked":["Auto Shields+1","Ball Lightning+1"],"picked":"Conserve Battery+1","floor":27.0},{"not_picked":["Rip and Tear+1","Conserve Battery+1"],"picked":"Barrage+1","floor":28.0},{"not_picked":["Leap+1","Rebound+1","Turbo+1"],"picked":"SKIP","floor":29.0},{"not_picked":["Machine Learning+1","Multi-Cast+1"],"picked":"Biased Cognition+1","floor":33.0},{"not_picked":["Turbo+1","Go for the Eyes+1","Auto Shields+1"],"picked":"SKIP","floor":35.0},{"not_picked":["Beam Cell+1","Aggregate+1","Skim+1"],"picked":"SKIP","floor":37.0},{"not_picked":["Compile Driver+1","Ball Lightning+1"],"picked":"Barrage+1","floor":39},{"not_picked":["Coolheaded+1","Beam Cell+1"],"picked":"Loop+1","floor":41},{"not_picked":["Melter+1","Beam Cell+1"],"picked":"Coolheaded+1","floor":44},{"not_picked":["Melter+1","Cold Snap+1"],"picked":"Multi-Cast+1","floor":45},{"not_picked":["Secret Weapon+1","PanicButton+1"],"picked":"Panacea+1","floor":46},{"not_picked":["Redo+1","Turbo+1"],"picked":"Reinforced Body+1","floor":48},{"not_picked":["Turbo+1","Doom and Gloom+1","Reprogram+1"],"picked":"SKIP","floor":54}],"player_experience":453488,"relics_obtained":[{"floor":8.0,"key":"Frozen Egg 2"},{"floor":9.0,"key":"Molten Egg 2"},{"floor":11.0,"key":"Incense Burner"},{"floor":20.0,"key":"Necronomicon"},{"floor":23.0,"key":"Toxic Egg 2"},{"floor":25.0,"key":"Cables"},{"floor":26.0,"key":"Gremlin Horn"},{"floor":27.0,"key":"WingedGreaves"},{"floor":41,"key":"The Courier"},{"floor":44,"key":"PreservedInsect"},{"floor":45,"key":"Regal Pillow"},{"floor":54,"key":"Centennial Puzzle"}],"event_choices":[{"damage_healed":0.0,"max_hp_gain":0.0,"max_hp_loss":0.0,"gold_gain":0.0,"event_name":"Cursed Tome","player_choice":"Obtained Book","floor":20.0,"gold_loss":0.0,"damage_taken":16.0},{"damage_healed":0.0,"max_hp_gain":0.0,"max_hp_loss":0.0,"gold_gain":0.0,"event_name":"The Mausoleum","player_choice":"Opened","floor":21.0,"gold_loss":0.0,"damage_taken":0.0,"relics_obtained":["Darkstone Periapt"]},{"damage_healed":0.0,"max_hp_gain":0.0,"max_hp_loss":0.0,"gold_gain":0.0,"event_name":"Back to Basics","player_choice":"Simplicity","floor":30.0,"gold_loss":0.0,"damage_taken":0.0,"cards_upgraded":["Strike_B","Defend_B","Defend_B","Defend_B"]},{"damage_healed":0.0,"max_hp_gain":0.0,"max_hp_loss":0.0,"gold_gain":100.0,"event_name":"Golden Shrine","player_choice":"Pray","floor":31.0,"gold_loss":0.0,"damage_taken":0.0},{"damage_healed":0.0,"max_hp_gain":0.0,"max_hp_loss":0.0,"gold_gain":0.0,"event_name":"FaceTrader","player_choice":"Trade","floor":36.0,"gold_loss":0.0,"damage_taken":0.0,"relics_obtained":["CultistMask"]},{"cards_removed":["Defend_B"],"damage_healed":0,"gold_gain":0,"player_choice":"Removed Skill","damage_taken":0,"max_hp_gain":0,"max_hp_loss":0,"event_name":"Falling","floor":42,"gold_loss":0},{"damage_healed":0,"gold_gain":0,"player_choice":"Memory 3","damage_taken":10,"max_hp_gain":0,"max_hp_loss":0,"event_name":"SensoryStone","floor":46,"gold_loss":0}],"is_beta":false,"boss_relics":[{"not_picked":["Coffee Dripper","FrozenCore"],"picked":"Astrolabe"},{"not_picked":["Snecko Eye","Calling Bell"],"picked":"Inserter"}],"items_purged_floors":[22],"is_endless":false,"potions_floor_spawned":[2,3,5,16,23,28,29,33,37,39,45],"ascension_level":11}