{"gold_per_floor":[116,116,10,24,0,20,31,31,31,31,62,120,120,139,139,240,240,255,255,255,270,288,288,288,288],"floor_reached":25,"playtime":2137,"items_purged":[],"score":226,"play_id":"2087c461-78ac-4ae2-b7d9-86276c102ed1","local_time":"20190303015318","is_ascension_mode":false,"campfire_choices":[{"data":"Loop","floor":10,"key":"SMITH"},{"floor":15,"key":"REST"},{"floor":24,"key":"REST"}],"neow_cost":"NONE","seed_source_timestamp":16865140074785,"circlet_count":0,"master_deck":["Defend_B","Defend_B","Defend_B","Defend_B","Zap","Dualcast","Darkness","Leap","Loop+1","Glacier","FTL","Genetic Algorithm","Darkness","Rebound","Auto Shields","Echo Form","Go for the Eyes+1","RitualDagger","Bite","Bite","Bite","Bite","Bite","Storm+1","Fusion","Seek"],"relics":["Cracked Core","NeowsBlessing","Meat on the Bone","Ginger","Oddly Smooth Stone","Mango","Philosopher\u0027s Stone"],"potions_floor_usage":[7,11,12,12],"damage_taken":[{"damage":0,"enemies":"Small Slimes","floor":1,"turns":2},{"damage":0,"enemies":"2 Louse","floor":4,"turns":1},{"damage":0,"enemies":"Cultist","floor":6,"turns":1},{"damage":2,"enemies":"Exordium Wildlife","floor":7,"turns":4},{"damage":27,"enemies":"Gremlin Nob","floor":11,"turns":4},{"damage":11,"enemies":"3 Sentries","floor":12,"turns":8},{"damage":13,"enemies":"Red Slaver","floor":14,"turns":3},{"damage":25,"enemies":"Slime Boss","floor":16,"turns":5},{"damage":31,"enemies":"2 Thieves","floor":18,"turns":5},{"damage":13,"enemies":"Spheric Guardian","floor":21,"turns":4},{"damage":6,"enemies":"Snecko","floor":22,"turns":5},{"damage":75,"enemies":"Gremlin Leader","floor":25,"turns":8}],"seed_played":"2326640106948843039","potions_obtained":[{"floor":1,"key":"EssenceOfSteel"},{"floor":6,"key":"EssenceOfSteel"},{"floor":7,"key":"Regen Potion"},{"floor":11,"key":"Block Potion"}],"is_trial":false,"path_per_floor":["M","?","$","M","?","M","M","?","T","R","E","?","?","M","R","B",null,"M","?","?","M","M","?","R","E"],"character_chosen":"DEFECT","items_purchased":["Leap","Loop"],"campfire_rested":2,"item_purchase_floors":[3,3],"current_hp_per_floor":[75,75,75,75,75,75,73,73,73,73,46,50,46,45,71,46,89,58,52,52,43,43,43,61,0],"gold":288,"neow_bonus":"THREE_ENEMY_KILL","is_prod":false,"is_daily":false,"chose_seed":false,"campfire_upgraded":1,"win_rate":0.0,"timestamp":1551606798,"path_taken":["M","?","$","M","?","M","M","?","T","R","E","?","?","M","R","BOSS","M","?","?","M","M","?","R","E"],"build_version":"2019-01-23","purchased_purges":0,"victory":false,"max_hp_per_floor":[75,75,75,75,75,75,75,75,75,75,75,75,89,89,89,89,89,89,89,62,62,62,62,62,62],"card_choices":[{"not_picked":["Gash","Rebound"],"picked":"Darkness","floor":1},{"not_picked":["Streamline","Stack"],"picked":"Glacier","floor":4},{"not_picked":["Hologram","Compile Driver"],"picked":"FTL","floor":6},{"not_picked":["Loop","Streamline"],"picked":"Genetic Algorithm","floor":7},{"not_picked":["Barrage","Ball Lightning"],"picked":"Darkness","floor":11},{"not_picked":["Heatsinks","Leap"],"picked":"Rebound","floor":12},{"not_picked":["Sweeping Beam","Barrage"],"picked":"Auto Shields","floor":14},{"not_picked":["Thunder Strike","Reboot"],"picked":"Echo Form","floor":16},{"not_picked":["Aggregate","Rebound"],"picked":"Go for the Eyes+1","floor":18},{"not_picked":["Ball Lightning","Streamline"],"picked":"Storm+1","floor":21},{"not_picked":["Rip and Tear","Steam+1"],"picked":"Fusion","floor":22}],"player_experience":15745,"relics_obtained":[{"floor":9,"key":"Meat on the Bone"},{"floor":11,"key":"Ginger"},{"floor":12,"key":"Oddly Smooth Stone"}],"event_choices":[{"damage_healed":0,"gold_gain":0,"player_choice":"Ignored","damage_taken":0,"max_hp_gain":0,"max_hp_loss":0,"event_name":"Liars Game","floor":2,"gold_loss":0},{"damage_healed":0,"gold_gain":0,"player_choice":"Left Gold","damage_taken":0,"max_hp_gain":0,"max_hp_loss":0,"event_name":"World of Goop","floor":5,"gold_loss":24},{"damage_healed":0,"gold_gain":0,"player_choice":"Ignored","damage_taken":0,"max_hp_gain":0,"max_hp_loss":0,"event_name":"Golden Wing","floor":8,"gold_loss":0},{"damage_healed":0,"gold_gain":30,"player_choice":"Searched \u00273\u0027 times","damage_taken":0,"max_hp_gain":0,"max_hp_loss":0,"event_name":"Dead Adventurer","floor":12,"gold_loss":0},{"damage_healed":0,"gold_gain":0,"player_choice":"Success","damage_taken":18,"relics_obtained":["Mango"],"max_hp_gain":0,"max_hp_loss":0,"event_name":"Scrap Ooze","floor":13,"gold_loss":0},{"damage_healed":0,"gold_gain":0,"player_choice":"Joined the Cult","damage_taken":6,"max_hp_gain":0,"max_hp_loss":0,"event_name":"Nest","floor":19,"gold_loss":0,"cards_obtained":["RitualDagger"]},{"damage_healed":0,"gold_gain":0,"player_choice":"Became a vampire","damage_taken":0,"max_hp_gain":0,"max_hp_loss":27,"event_name":"Vampires","floor":20,"gold_loss":0,"cards_obtained":["Bite","Bite","Bite","Bite","Bite"]},{"damage_healed":0,"gold_gain":0,"player_choice":"1 cards matched","damage_taken":0,"max_hp_gain":0,"max_hp_loss":0,"event_name":"Match and Keep!","floor":23,"gold_loss":0,"cards_obtained":["Seek"]}],"is_beta":false,"boss_relics":[{"not_picked":["Velvet Choker","Snecko Eye"],"picked":"Philosopher\u0027s Stone"}],"items_purged_floors":[],"is_endless":false,"potions_floor_spawned":[1,6,7,11],"killed_by":"Gremlin Leader","ascension_level":0}