{"gold_per_floor":[118,130,141,158,233,233,259,280,280,280,298,323,342,368,368,445,445,456,467,467,487,487,24,24,24],"floor_reached":25,"playtime":1072,"items_purged":["Strike_B"],"score":478,"play_id":"b63f035f-18df-4374-b9fb-d4eee606d209","local_time":"20191026011800","is_ascension_mode":true,"campfire_choices":[{"data":"Streamline","floor":6,"key":"SMITH"},{"floor":10,"key":"REST"},{"data":"Barrage","floor":15,"key":"SMITH"},{"data":"Seek","floor":24,"key":"SMITH"}],"neow_cost":"NONE","seed_source_timestamp":1355617700551600,"circlet_count":0,"master_deck":["AscendersBane","Strike_B","Strike_B","Strike_B","Defend_B","Defend_B","Defend_B","Defend_B","Zap","Dualcast","Streamline+1","BootSequence","Barrage+1","Steam","FTL+1","Cold Snap+1","Cold Snap+1","Biased Cognition+1","Streamline+1","Seek+1","Echo Form+1","Coolheaded","Sweeping Beam+1","Go for the Eyes+1","Reprogram"],"relics":["Bronze Scales","Molten Egg 2","Odd Mushroom","Darkstone Periapt","Frozen Egg 2","Regal Pillow","Sozu","Nloth\u0027s Gift","Torii"],"potions_floor_usage":[12,12,16,16],"damage_taken":[{"damage":1,"enemies":"Cultist","floor":1,"turns":3},{"damage":12,"enemies":"Jaw Worm","floor":2,"turns":2},{"damage":0,"enemies":"2 Louse","floor":3,"turns":1},{"damage":0,"enemies":"Blue Slaver","floor":4,"turns":3},{"damage":9,"enemies":"3 Sentries","floor":7,"turns":6},{"damage":9,"enemies":"The Mushroom Lair","floor":8,"turns":3},{"damage":0,"enemies":"Red Slaver","floor":11,"turns":3},{"damage":8,"enemies":"Gremlin Nob","floor":12,"turns":3},{"damage":2,"enemies":"Exordium Wildlife","floor":13,"turns":3},{"damage":8,"enemies":"Lagavulin","floor":14,"turns":4},{"damage":0,"enemies":"Slime Boss","floor":16,"turns":5},{"damage":2,"enemies":"Shell Parasite","floor":18,"turns":4},{"damage":2,"enemies":"3 Byrds","floor":19,"turns":3},{"damage":33,"enemies":"Snake Plant","floor":21,"turns":4},{"damage":46,"enemies":"Gremlin Leader","floor":25,"turns":5}],"seed_played":"-2024151993416075700","potions_obtained":[{"floor":1,"key":"SkillPotion"},{"floor":2,"key":"FocusPotion"},{"floor":4,"key":"EntropicBrew"},{"floor":16,"key":"Energy Potion"}],"is_trial":false,"path_per_floor":["M","M","M","M","?","R","E","?","T","R","M","E","M","E","R","B",null,"M","M","?","M","?","$","R","E"],"character_chosen":"DEFECT","items_purchased":["Torii","Go for the Eyes+1","Reprogram"],"campfire_rested":1,"item_purchase_floors":[23,23,23],"current_hp_per_floor":[63,51,51,51,40,40,31,22,22,43,43,35,33,25,25,25,60,58,56,56,23,37,37,37,0],"gold":24,"neow_bonus":"RANDOM_COMMON_RELIC","is_prod":false,"is_daily":false,"chose_seed":false,"campfire_upgraded":3,"win_rate":0,"timestamp":1572067080,"path_taken":["M","?","M","M","?","R","E","?","T","R","M","E","M","E","R","BOSS","M","M","?","?","?","$","R","E"],"build_version":"2019-07-17","purchased_purges":1,"victory":false,"max_hp_per_floor":[71,71,71,71,71,71,71,71,71,71,71,71,71,71,71,71,71,71,71,71,71,71,71,71,71],"card_choices":[{"not_picked":["Recycle","Compile Driver"],"picked":"Streamline","floor":1},{"not_picked":["Tempest","Blizzard"],"picked":"BootSequence","floor":2},{"not_picked":["Stack","Recycle"],"picked":"Barrage","floor":3},{"not_picked":["Storm","Gash"],"picked":"Steam","floor":4},{"not_picked":["Chaos","Storm"],"picked":"FTL","floor":7},{"not_picked":["Force Field","Turbo"],"picked":"Cold Snap+1","floor":8},{"not_picked":["Amplify","Chill"],"picked":"Cold Snap+1","floor":11},{"not_picked":["Sunder+1","Gash+1"],"picked":"Biased Cognition","floor":12},{"not_picked":["Gash+1","Conserve Battery"],"picked":"Streamline+1","floor":13},{"not_picked":["Redo","Hologram"],"picked":"Seek","floor":14},{"not_picked":["All For One+1","Amplify"],"picked":"Echo Form+1","floor":16},{"not_picked":["Conserve Battery","Ball Lightning+1","Rebound+1"],"picked":"SKIP","floor":18},{"not_picked":["Rebound+1","Ball Lightning+1"],"picked":"Coolheaded","floor":19},{"not_picked":["Conserve Battery","Hyperbeam+1"],"picked":"Sweeping Beam+1","floor":21}],"player_experience":604164,"relics_obtained":[{"floor":7,"key":"Molten Egg 2"},{"floor":8,"key":"Odd Mushroom"},{"floor":9,"key":"Darkstone Periapt"},{"floor":12,"key":"Frozen Egg 2"},{"floor":14,"key":"Regal Pillow"}],"event_choices":[{"damage_healed":0,"gold_gain":75,"player_choice":"Gather Gold","damage_taken":11,"max_hp_gain":0,"max_hp_loss":0,"event_name":"World of Goop","floor":5,"gold_loss":0},{"damage_healed":0,"gold_gain":0,"player_choice":"Fought Mushrooms","damage_taken":0,"max_hp_gain":0,"max_hp_loss":0,"event_name":"Mushrooms","floor":8,"gold_loss":0},{"damage_healed":0,"gold_gain":0,"player_choice":"Traded Relic","damage_taken":0,"relics_obtained":["Nloth\u0027s Gift"],"max_hp_gain":0,"max_hp_loss":0,"event_name":"N\u0027loth","floor":20,"relics_lost":["Cracked Core"],"gold_loss":0},{"damage_healed":14,"gold_gain":0,"player_choice":"Heal","damage_taken":0,"max_hp_gain":0,"max_hp_loss":0,"event_name":"The Library","floor":22,"gold_loss":0}],"is_beta":false,"boss_relics":[{"not_picked":["Pandora\u0027s Box","Calling Bell"],"picked":"Sozu"}],"items_purged_floors":[23],"is_endless":false,"potions_floor_spawned":[1,2,4,11,14,16,18],"killed_by":"Gremlin Leader","ascension_level":15}