{"gold_per_floor":[110,127,207,222,238,238,271,69,121,150,162,174,201,244,256,344,356,382,404,428,459,487,533,545,557,592,630,667,679,691,715,727,813,825,857,888,1122,1147,1159,1171,1214,1226,1238,1267,1290,1330,1342,1366,1378,1390,1402,1414,412,412],"floor_reached":54,"playtime":7364,"items_purged":["Strike_B","Parasite"],"score":1261,"play_id":"12b2caf4-168a-4876-87ac-d4cca116c83b","local_time":"20191023173220","is_ascension_mode":true,"campfire_choices":[{"data":"Genetic Algorithm","floor":6,"key":"SMITH"},{"data":"Genetic Algorithm","floor":12,"key":"SMITH"},{"data":"Genetic Algorithm","floor":15,"key":"SMITH"},{"floor":25,"key":"REST"},{"floor":30,"key":"REST"},{"data":"Creative AI","floor":32,"key":"SMITH"},{"data":"Streamline","floor":40,"key":"SMITH"},{"floor":42,"key":"RECALL"},{"data":"Defragment","floor":49,"key":"SMITH"},{"data":"Echo Form","floor":52,"key":"SMITH"}],"neow_cost":"NONE","seed_source_timestamp":1148558300810300,"circlet_count":0,"master_deck":["AscendersBane","Strike_B","Strike_B","Strike_B","Defend_B","Defend_B","Defend_B","Defend_B","Zap","Dualcast","Ball Lightning","Streamline+1","Self Repair","Genetic Algorithm+1","Glacier","Genetic Algorithm+1","Rebound","Genetic Algorithm+1","Creative AI+1","Ball Lightning","Gash","Consume","Go for the Eyes","All For One","Conserve Battery","Conserve Battery","Echo Form+1","Cold Snap","Beam Cell","Steam+1","Madness","Madness","Go for the Eyes","Recycle","Flash of Steel","Mind Blast","Purity","Defragment+1","The Bomb"],"relics":["Cracked Core","Blood Vial","Ornamental Fan","Anchor","MawBank","Boot","Runic Pyramid","Blue Candle","Happy Flower","Pen Nib","Red Mask","Mummified Hand","Inserter","Orichalcum","Bottled Lightning","ClockworkSouvenir","Mercury Hourglass","DataDisk"],"potions_floor_usage":[7,10,14,14,22,23,23,27,33,33,41,46,50,54],"damage_taken":[{"damage":6,"enemies":"Cultist","floor":1,"turns":4},{"damage":0,"enemies":"2 Louse","floor":2,"turns":2},{"damage":12,"enemies":"Small Slimes","floor":4,"turns":3},{"damage":11,"enemies":"Blue Slaver","floor":5,"turns":4},{"damage":10,"enemies":"Gremlin Nob","floor":7,"turns":3},{"damage":10,"enemies":"3 Sentries","floor":10,"turns":8},{"damage":0,"enemies":"3 Louse","floor":13,"turns":3},{"damage":8,"enemies":"Lagavulin","floor":14,"turns":8},{"damage":61,"enemies":"Slime Boss","floor":16,"turns":12},{"damage":6,"enemies":"Chosen","floor":18,"turns":6},{"damage":13,"enemies":"Shell Parasite","floor":19,"turns":11},{"damage":11,"enemies":"Shelled Parasite and Fungi","floor":20,"turns":9},{"damage":6,"enemies":"Centurion and Healer","floor":21,"turns":10},{"damage":11,"enemies":"Snecko","floor":22,"turns":7},{"damage":54,"enemies":"Book of Stabbing","floor":23,"turns":10},{"damage":23,"enemies":"Gremlin Leader","floor":27,"turns":11},{"damage":15,"enemies":"Masked Bandits","floor":28,"turns":7},{"damage":0,"enemies":"3 Cultists","floor":31,"turns":6},{"damage":3,"enemies":"Collector","floor":33,"turns":13},{"damage":8,"enemies":"3 Shapes","floor":35,"turns":6},{"damage":8,"enemies":"3 Darklings","floor":36,"turns":8},{"damage":10,"enemies":"Spire Growth","floor":38,"turns":7},{"damage":2,"enemies":"Nemesis","floor":41,"turns":10},{"damage":0,"enemies":"Writhing Mass","floor":44,"turns":9},{"damage":1,"enemies":"Sphere and 2 Shapes","floor":45,"turns":8},{"damage":9,"enemies":"Reptomancer","floor":46,"turns":10},{"damage":12,"enemies":"Spire Growth","floor":48,"turns":7},{"damage":39,"enemies":"Awakened One","floor":50,"turns":17},{"damage":89,"enemies":"Shield and Spear","floor":54,"turns":8}],"seed_played":"-8137485065850103548","potions_obtained":[{"floor":5,"key":"SkillPotion"},{"floor":7,"key":"Weak Potion"},{"floor":10,"key":"Dexterity Potion"},{"floor":13,"key":"Block Potion"},{"floor":16,"key":"Ancient Potion"},{"floor":19,"key":"Dexterity Potion"},{"floor":21,"key":"PowerPotion"},{"floor":22,"key":"Dexterity Potion"},{"floor":23,"key":"Dexterity Potion"},{"floor":28,"key":"SteroidPotion"},{"floor":31,"key":"Strength Potion"},{"floor":35,"key":"Weak Potion"},{"floor":36,"key":"AttackPotion"},{"floor":44,"key":"SteroidPotion"},{"floor":45,"key":"Fire Potion"}],"is_trial":false,"path_per_floor":["M","M","?","M","M","R","E","$","T","E","?","R","M","E","R","B",null,"M","M","M","M","M","E","?","R","T","E","?","T","R","M","R","B",null,"M","M","?","M","?","R","E","R","T","M","M","E","?","M","R","B",null,"R","$","E"],"character_chosen":"DEFECT","items_purchased":["Genetic Algorithm","Block Potion","ClockworkSouvenir","Mercury Hourglass","DataDisk","Regen Potion","The Bomb","Strength Potion"],"campfire_rested":2,"item_purchase_floors":[8,8,53,53,53,53,53,53],"current_hp_per_floor":[64,66,66,56,54,54,46,46,46,45,75,75,75,74,74,21,62,65,61,59,62,60,15,15,37,37,23,17,17,39,41,41,47,68,69,70,70,69,60,60,67,67,67,75,75,73,63,60,60,37,66,66,66,0],"gold":412,"neow_bonus":"RANDOM_COMMON_RELIC","is_prod":false,"is_daily":false,"chose_seed":false,"campfire_upgraded":7,"win_rate":0,"timestamp":1571866340,"path_taken":["M","?","?","M","M","R","E","$","T","E","?","R","M","E","R","BOSS","M","?","M","M","M","E","?","R","T","E","?","?","R","M","R","BOSS","M","M","?","M","?","R","E","R","T","M","M","E","?","M","R","BOSS","R","$","E"],"build_version":"2019-07-17","purchased_purges":2,"victory":false,"max_hp_per_floor":[75,75,75,75,75,75,75,75,75,75,75,75,75,75,75,75,75,75,75,75,75,75,75,75,75,75,75,75,75,75,75,75,75,75,75,75,75,75,75,75,75,75,75,75,75,75,75,75,75,75,75,75,72,72],"card_choices":[{"not_picked":["Conserve Battery","Scrape"],"picked":"Ball Lightning","floor":1},{"not_picked":["Lockon","Coolheaded"],"picked":"Streamline","floor":2},{"not_picked":["Melter","Redo"],"picked":"Self Repair","floor":4},{"not_picked":["Sweeping Beam","Fusion"],"picked":"Genetic Algorithm","floor":5},{"not_picked":["Loop","Chaos"],"picked":"Glacier","floor":7},{"not_picked":["Hyperbeam","Storm","Stack"],"picked":"SKIP","floor":10},{"not_picked":["Static Discharge","Steam Power"],"picked":"Rebound","floor":13},{"not_picked":["Sweeping Beam","Tempest"],"picked":"Genetic Algorithm","floor":14},{"not_picked":["All For One","Machine Learning"],"picked":"Creative AI","floor":16},{"not_picked":["Beam Cell","Coolheaded"],"picked":"Ball Lightning","floor":18},{"not_picked":["Redo","Compile Driver","Multi-Cast"],"picked":"SKIP","floor":19},{"not_picked":["Redo","Leap"],"picked":"Gash","floor":20},{"not_picked":["Go for the Eyes","Cold Snap"],"picked":"Consume","floor":21},{"not_picked":["Rebound","Redo"],"picked":"Go for the Eyes","floor":22},{"not_picked":["Cold Snap","Barrage"],"picked":"All For One","floor":23},{"not_picked":["Sweeping Beam","Go for the Eyes"],"picked":"Conserve Battery","floor":27},{"not_picked":["Barrage","Beam Cell"],"picked":"Conserve Battery","floor":28},{"not_picked":["Rebound+1","Blizzard","Redo"],"picked":"SKIP","floor":31},{"not_picked":["Seek","All For One"],"picked":"Echo Form","floor":33},{"not_picked":["Tempest","Streamline"],"picked":"Cold Snap","floor":35},{"not_picked":["Sunder","Scrape"],"picked":"Beam Cell","floor":36},{"not_picked":["Ball Lightning","Double Energy"],"picked":"Steam+1","floor":38},{"not_picked":["Glacier+1","Amplify"],"picked":"Go for the Eyes","floor":41},{"not_picked":["Ball Lightning","Coolheaded+1"],"picked":"Recycle","floor":44},{"not_picked":["Genetic Algorithm+1","Heatsinks","Beam Cell"],"picked":"SKIP","floor":45},{"not_picked":["Amplify","Reinforced Body","Storm+1"],"picked":"SKIP","floor":46},{"not_picked":["Good Instincts","Thinking Ahead"],"picked":"Flash of Steel","floor":47},{"not_picked":["Trip","Deep Breath"],"picked":"Mind Blast","floor":47},{"not_picked":["Enlightenment","Dramatic Entrance"],"picked":"Purity","floor":47},{"not_picked":["Lockon+1","Static Discharge"],"picked":"Defragment","floor":48}],"player_experience":535493,"relics_obtained":[{"floor":7,"key":"Ornamental Fan"},{"floor":9,"key":"Anchor"},{"floor":10,"key":"MawBank"},{"floor":14,"key":"Boot"},{"floor":23,"key":"Blue Candle"},{"floor":26,"key":"Happy Flower"},{"floor":27,"key":"Pen Nib"},{"floor":28,"key":"Red Mask"},{"floor":29,"key":"Mummified Hand"},{"floor":41,"key":"Orichalcum"},{"floor":46,"key":"Bottled Lightning"}],"event_choices":[{"damage_healed":0,"gold_gain":80,"player_choice":"Gained Gold","damage_taken":0,"max_hp_gain":0,"max_hp_loss":0,"event_name":"Golden Wing","floor":3,"gold_loss":0},{"damage_healed":30,"gold_gain":0,"player_choice":"Full Heal","damage_taken":0,"max_hp_gain":0,"max_hp_loss":0,"event_name":"Wheel of Change","floor":11,"gold_loss":0},{"damage_healed":0,"gold_gain":0,"player_choice":"Ignored","damage_taken":0,"max_hp_gain":0,"max_hp_loss":0,"event_name":"Cursed Tome","floor":24,"gold_loss":0},{"damage_healed":0,"gold_gain":0,"player_choice":"Fought Bandits","damage_taken":0,"max_hp_gain":0,"max_hp_loss":0,"event_name":"Masked Bandits","floor":28,"gold_loss":0},{"damage_healed":0,"gold_gain":222,"player_choice":"Wore Mask","damage_taken":0,"max_hp_gain":0,"max_hp_loss":0,"event_name":"Tomb of Lord Red Mask","floor":37,"gold_loss":0},{"damage_healed":0,"gold_gain":0,"player_choice":"Embrace Madness","damage_taken":9,"max_hp_gain":0,"max_hp_loss":0,"event_name":"Winding Halls","floor":39,"gold_loss":0,"cards_obtained":["Madness","Madness"]},{"damage_healed":0,"gold_gain":0,"player_choice":"Memory 3","damage_taken":10,"max_hp_gain":0,"max_hp_loss":0,"event_name":"SensoryStone","floor":47,"gold_loss":0}],"is_beta":false,"boss_relics":[{"not_picked":["Cursed Key","Runic Dome"],"picked":"Runic Pyramid"},{"not_picked":["Nuclear Battery","Orrery"],"picked":"Inserter"}],"items_purged_floors":[8,53],"is_endless":false,"potions_floor_spawned":[5,7,10,13,16,19,21,22,23,28,31,35,36,44,45],"killed_by":"Shield and Spear","ascension_level":13}