{"gold_per_floor":[115,126,126,149,149,189,189,229,229,244,263,46,59,94,94,215,215,230,81,81,102,102,136,136,136,161,200,213,229,242,242],"floor_reached":31,"playtime":1643,"items_purged":["Strike_B"],"score":431,"play_id":"57415964-65a0-4bee-9ca8-c8efc2f6a0af","local_time":"20191025235751","is_ascension_mode":true,"campfire_choices":[{"data":"Zap","floor":7.0,"key":"SMITH"},{"floor":15.0,"key":"REST"},{"data":"White Noise","floor":24,"key":"SMITH"}],"neow_cost":"NONE","seed_source_timestamp":0,"circlet_count":0,"master_deck":["Strike_B+1","Defend_B","Defend_B","Defend_B","Zap+1","Dualcast+1","Chill","Coolheaded","Echo Form","Electrodynamics","Leap","Streamline+1","Self Repair","Gash+1","Conserve Battery","Go for the Eyes+1","White Noise+1","Creative AI","Reinforced Body+1","Electrodynamics+1","Force Field+1","Melter+1","Coolheaded","Gash+1","Self Repair","Amplify","Gash+1","Cold Snap+1"],"special_seed":0,"relics":["Cracked Core","NeowsBlessing","Omamori","Golden Idol","Strawberry","Bag of Marbles","Molten Egg 2","Letter Opener","Astrolabe","Blue Candle","Nilry\u0027s Codex","Pantograph","Lantern","Whetstone"],"potions_floor_usage":[23,27,27,29],"damage_taken":[{"damage":0.0,"enemies":"Small Slimes","floor":1.0,"turns":1.0},{"damage":0.0,"enemies":"Jaw Worm","floor":2.0,"turns":1.0},{"damage":0.0,"enemies":"Lagavulin","floor":6.0,"turns":1.0},{"damage":37.0,"enemies":"Gremlin Nob","floor":8.0,"turns":5.0},{"damage":8.0,"enemies":"2 Louse","floor":10.0,"turns":2.0},{"damage":0.0,"enemies":"Exordium Wildlife","floor":11.0,"turns":3.0},{"damage":7.0,"enemies":"Lots of Slimes","floor":13.0,"turns":2.0},{"damage":13.0,"enemies":"Lagavulin","floor":14.0,"turns":5.0},{"damage":18.0,"enemies":"The Guardian","floor":16.0,"turns":10.0},{"damage":31.0,"enemies":"Spheric Guardian","floor":18.0,"turns":4.0},{"damage":1,"enemies":"3 Byrds","floor":21,"turns":4},{"damage":0,"enemies":"Gremlin Leader","floor":23,"turns":4},{"damage":26,"enemies":"Slavers","floor":27,"turns":5},{"damage":31,"enemies":"Sentry and Sphere","floor":28,"turns":6},{"damage":12,"enemies":"Centurion and Healer","floor":29,"turns":5},{"damage":19,"enemies":"Cultist and Chosen","floor":30,"turns":5},{"damage":17,"enemies":"Shelled Parasite and Fungi","floor":31,"turns":2}],"seed_played":"-2931966484388417558","potions_obtained":[{"floor":1.0,"key":"Regen Potion"},{"floor":10.0,"key":"Strength Potion"},{"floor":14.0,"key":"Regen Potion"},{"floor":25,"key":"Fire Potion"},{"floor":25,"key":"FearPotion"},{"floor":27,"key":"Dexterity Potion"},{"floor":30,"key":"Regen Potion"}],"is_trial":false,"path_per_floor":["M","M","?","T","?","E","R","E","T","M","M","$","M","E","R","B",null,"M","$","?","M","?","E","R","?","T","E","M","M","M","M"],"character_chosen":"DEFECT","items_purchased":["Self Repair","Gash+1","Conserve Battery","Coolheaded","Gash+1","Self Repair"],"campfire_rested":1,"item_purchase_floors":[12,12,12,19,19,19],"current_hp_per_floor":[75,75,60,60,60,67,67,35,35,27,27,27,20,7,31,20,67,43,43,43,49,33,40,40,40,40,35,18,20,15,0],"gold":242,"neow_bonus":"THREE_ENEMY_KILL","is_prod":false,"is_daily":false,"chose_seed":false,"campfire_upgraded":2,"win_rate":0,"timestamp":1572073071,"path_taken":["M","M","?","?","?","E","R","E","T","?","M","?","M","E","R","BOSS","M","?","?","M","?","E","R","?","T","E","M","?","M","M"],"build_version":"2019-07-17","purchased_purges":1,"victory":false,"max_hp_per_floor":[75,75,75,75,75,82,82,82,82,82,82,82,82,82,82,82,82,82,82,82,82,82,82,82,82,82,82,82,82,82,82],"card_choices":[{"not_picked":["Barrage","Stack"],"picked":"Chill","floor":1.0},{"not_picked":["Turbo","Compile Driver"],"picked":"Coolheaded","floor":2.0},{"not_picked":["Recycle","FTL"],"picked":"Echo Form","floor":6.0},{"not_picked":["Go for the Eyes","Rip and Tear"],"picked":"Electrodynamics","floor":8.0},{"not_picked":["Conserve Battery","Streamline+1"],"picked":"Leap","floor":10.0},{"not_picked":["Leap","Barrage+1"],"picked":"Streamline+1","floor":11.0},{"not_picked":["Stack","Coolheaded"],"picked":"Go for the Eyes+1","floor":13.0},{"not_picked":["Undo","Doom and Gloom+1"],"picked":"White Noise","floor":14.0},{"not_picked":["Hyperbeam+1","Electrodynamics"],"picked":"Creative AI","floor":16.0},{"not_picked":["Beam Cell+1","Ball Lightning+1"],"picked":"Melter+1","floor":18.0},{"not_picked":["Streamline+1","Doom and Gloom+1","Turbo"],"picked":"SKIP","floor":21},{"not_picked":["Gash+1","Hello World"],"picked":"Amplify","floor":23},{"not_picked":["Compile Driver+1","White Noise","Turbo"],"picked":"SKIP","floor":27},{"not_picked":["Steam","Streamline+1"],"picked":"Gash+1","floor":28},{"not_picked":["Barrage+1","White Noise"],"picked":"Cold Snap+1","floor":29},{"not_picked":["Static Discharge","Conserve Battery","Streamline+1"],"picked":"SKIP","floor":30}],"player_experience":348597,"relics_obtained":[{"floor":4.0,"key":"Omamori"},{"floor":6.0,"key":"Strawberry"},{"floor":8.0,"key":"Bag of Marbles"},{"floor":9.0,"key":"Molten Egg 2"},{"floor":14.0,"key":"Letter Opener"},{"floor":22,"key":"Nilry\u0027s Codex"},{"floor":23,"key":"Pantograph"},{"floor":26,"key":"Lantern"},{"floor":27,"key":"Whetstone"}],"event_choices":[{"damage_healed":0.0,"max_hp_gain":0.0,"max_hp_loss":0.0,"gold_gain":0.0,"event_name":"Shining Light","player_choice":"Entered Light","floor":3.0,"gold_loss":0.0,"damage_taken":15.0,"cards_upgraded":["Strike_B","Dualcast"]},{"damage_healed":0.0,"max_hp_gain":0.0,"max_hp_loss":0.0,"gold_gain":0.0,"event_name":"Golden Idol","player_choice":"Take Wound","floor":5.0,"gold_loss":0.0,"damage_taken":0.0,"relics_obtained":["Golden Idol"],"cards_obtained":["Injury"]},{"damage_healed":0.0,"max_hp_gain":0.0,"max_hp_loss":0.0,"gold_gain":0.0,"event_name":"Addict","player_choice":"Stole Relic","floor":20.0,"gold_loss":0.0,"damage_taken":0.0,"relics_obtained":["Blue Candle"],"cards_obtained":["Shame"]},{"damage_healed":0,"gold_gain":0,"player_choice":"Obtained Book","damage_taken":16,"max_hp_gain":0,"max_hp_loss":0,"event_name":"Cursed Tome","floor":22,"gold_loss":0},{"damage_healed":0,"gold_gain":0,"player_choice":"Got Potions","damage_taken":0,"max_hp_gain":0,"max_hp_loss":0,"event_name":"Lab","floor":25,"gold_loss":0}],"is_beta":false,"boss_relics":[{"not_picked":["Nuclear Battery","Empty Cage"],"picked":"Astrolabe"}],"items_purged_floors":[12],"is_endless":false,"potions_floor_spawned":[1,10,14,27,30],"killed_by":"Shelled Parasite and Fungi","ascension_level":5}