{"gold_per_floor":[116,116,116,116,136,174,192,215,215,215,228,266,282,305,305,305],"floor_reached":16,"playtime":1013,"items_purged":[],"score":125,"play_id":"5f0156b5-ecc8-45b9-99b9-03ea45d8b016","local_time":"20190605010606","is_ascension_mode":true,"campfire_choices":[{"floor":10,"key":"REST"},{"floor":15,"key":"REST"}],"neow_cost":"NONE","seed_source_timestamp":1655241420499915,"circlet_count":0,"master_deck":["Strike_R","Strike_R","Strike_R","Strike_R","Strike_R","Defend_R","Defend_R","Defend_R","Defend_R","Bash","Clothesline","Injury","Armaments","Berserk","Inflame","Thunderclap","Infernal Blade","Double Tap","Seeing Red","Anger","Wild Strike","Pommel Strike","Iron Wave","Rupture","Rage"],"relics":["Burning Blood","Happy Flower","Golden Idol","Prayer Wheel","Matryoshka","Bottled Tornado"],"potions_floor_usage":[6,12,13,13,16],"damage_taken":[{"damage":0,"enemies":"Small Slimes","floor":1,"turns":3},{"damage":2,"enemies":"Jaw Worm","floor":5,"turns":3},{"damage":48,"enemies":"Lagavulin","floor":6,"turns":9},{"damage":8,"enemies":"2 Louse","floor":7,"turns":3},{"damage":13,"enemies":"Blue Slaver","floor":8,"turns":4},{"damage":15,"enemies":"Large Slime","floor":11,"turns":4},{"damage":37,"enemies":"3 Sentries","floor":12,"turns":6},{"damage":12,"enemies":"3 Louse","floor":13,"turns":3},{"damage":7,"enemies":"Exordium Wildlife","floor":14,"turns":2},{"damage":50,"enemies":"Slime Boss","floor":16,"turns":6}],"seed_played":"-1422932656399428540","potions_obtained":[{"floor":0,"key":"SteroidPotion"},{"floor":0,"key":"FearPotion"},{"floor":0,"key":"Swift Potion"},{"floor":1,"key":"LiquidBronze"},{"floor":11,"key":"BloodPotion"},{"floor":12,"key":"Dexterity Potion"}],"is_trial":false,"path_per_floor":["M","?","?","?","M","E","M","M","T","R","M","E","M","M","R","B"],"character_chosen":"IRONCLAD","items_purchased":[],"campfire_rested":2,"item_purchase_floors":[],"current_hp_per_floor":[80,77,82,82,85,43,41,34,34,59,50,19,21,20,45,0],"gold":305,"neow_bonus":"THREE_SMALL_POTIONS","is_prod":false,"is_daily":false,"chose_seed":false,"campfire_upgraded":0,"win_rate":0,"timestamp":1559721966,"path_taken":["M","?","?","?","M","E","M","M","T","R","M","E","?","M","R","BOSS"],"build_version":"2019-01-23","purchased_purges":0,"victory":false,"max_hp_per_floor":[80,80,85,85,85,85,85,85,85,85,85,85,85,85,85,85],"card_choices":[{"not_picked":["Heavy Blade","Flex"],"picked":"Clothesline","floor":1},{"not_picked":["Second Wind","Shrug It Off"],"picked":"Armaments","floor":5},{"not_picked":["Brutality","True Grit"],"picked":"Berserk","floor":6},{"not_picked":["Warcry","Shrug It Off"],"picked":"Inflame","floor":7},{"not_picked":["Perfected Strike","Armaments"],"picked":"Thunderclap","floor":7},{"not_picked":["Cleave","Metallicize"],"picked":"Infernal Blade","floor":8},{"not_picked":["Feel No Pain","Spot Weakness"],"picked":"Double Tap","floor":8},{"not_picked":["Infernal Blade","Shrug It Off"],"picked":"Seeing Red","floor":11},{"not_picked":["Sword Boomerang","Thunderclap"],"picked":"Anger","floor":11},{"not_picked":["Armaments","Fire Breathing"],"picked":"Wild Strike","floor":12},{"not_picked":["Sword Boomerang","Combust"],"picked":"Pommel Strike","floor":13},{"not_picked":["Hemokinesis","Sword Boomerang"],"picked":"Iron Wave","floor":13},{"not_picked":["Disarm","Shrug It Off"],"picked":"Rupture","floor":14},{"not_picked":["Rupture","Feel No Pain"],"picked":"Rage","floor":14}],"player_experience":160720,"relics_obtained":[{"floor":6,"key":"Prayer Wheel"},{"floor":9,"key":"Matryoshka"},{"floor":12,"key":"Bottled Tornado"}],"event_choices":[{"damage_healed":0,"gold_gain":0,"player_choice":"Success","damage_taken":3,"relics_obtained":["Happy Flower"],"max_hp_gain":0,"max_hp_loss":0,"event_name":"Scrap Ooze","floor":2,"gold_loss":0},{"damage_healed":0,"gold_gain":0,"player_choice":"Donut","damage_taken":0,"max_hp_gain":5,"max_hp_loss":0,"event_name":"Big Fish","floor":3,"gold_loss":0},{"damage_healed":0,"gold_gain":0,"player_choice":"Take Wound","damage_taken":0,"relics_obtained":["Golden Idol"],"max_hp_gain":0,"max_hp_loss":0,"event_name":"Golden Idol","floor":4,"gold_loss":0,"cards_obtained":["Injury"]}],"is_beta":false,"boss_relics":[],"items_purged_floors":[],"is_endless":false,"potions_floor_spawned":[1,11,12],"killed_by":"Slime Boss","ascension_level":2}