{"gold_per_floor":[116,130,130,130,145,145,174,189,265,265,279,279,295,310,310,405,405,417,332,332,109,109,120,120,39,39,53,77,94,128,140,140,244,244,259,57,76,76,92,92,107,207,207,207,207,217,235,253,253,253],"floor_reached":51,"playtime":1404,"items_purged":["Strike_B","Writhe"],"score":723,"play_id":"b59c04da-dddf-4649-97d2-fa8ea0eea91e","local_time":"20191025150624","is_ascension_mode":false,"campfire_choices":[{"data":"Sunder","floor":6,"key":"SMITH"},{"data":"Steam","floor":10,"key":"SMITH"},{"data":"Zap","floor":12,"key":"SMITH"},{"data":"Ball Lightning","floor":15,"key":"SMITH"},{"data":"Machine Learning","floor":24,"key":"SMITH"},{"floor":32,"key":"REST"},{"floor":40,"key":"REST"},{"floor":44,"key":"REST"},{"floor":49,"key":"REST"}],"neow_cost":"NONE","seed_source_timestamp":1318583280142700,"circlet_count":0,"master_deck":["Strike_B","Strike_B","Strike_B","Defend_B","Defend_B","Defend_B","Defend_B","Zap+1","Dualcast","Conserve Battery","Sunder+1","FTL","Leap","Steam+1","Gash","Capacitor","Ball Lightning+1","Machine Learning+1","Sweeping Beam+1","All For One","Echo Form","Reinforced Body","Loop+1","Gash","FTL","Loop","Cold Snap","All For One","Ball Lightning","Gash+1"],"relics":["Cracked Core","NeowsBlessing","FossilizedHelix","Orichalcum","Kunai","Lizard Tail","Ancient Tea Set","Vajra","Bottled Tornado","Pen Nib","The Courier","Inserter","DataDisk","Bird Faced Urn","Dodecahedron","Letter Opener"],"potions_floor_usage":[7,16,16,33,50,50],"damage_taken":[{"damage":0,"enemies":"Small Slimes","floor":1,"turns":1},{"damage":0,"enemies":"Jaw Worm","floor":2,"turns":1},{"damage":0,"enemies":"2 Louse","floor":5,"turns":1},{"damage":9,"enemies":"3 Sentries","floor":7,"turns":5},{"damage":0,"enemies":"Blue Slaver","floor":8,"turns":2},{"damage":0,"enemies":"2 Fungi Beasts","floor":11,"turns":2},{"damage":0,"enemies":"Looter","floor":13,"turns":3},{"damage":5,"enemies":"Lots of Slimes","floor":14,"turns":4},{"damage":0,"enemies":"Slime Boss","floor":16,"turns":3},{"damage":16,"enemies":"Spheric Guardian","floor":18,"turns":4},{"damage":0,"enemies":"Chosen","floor":23,"turns":4},{"damage":7,"enemies":"Snake Plant","floor":27,"turns":3},{"damage":0,"enemies":"Snecko","floor":29,"turns":3},{"damage":31,"enemies":"Gremlin Leader","floor":30,"turns":7},{"damage":8,"enemies":"Centurion and Healer","floor":31,"turns":4},{"damage":8,"enemies":"Automaton","floor":33,"turns":10},{"damage":19,"enemies":"3 Shapes","floor":35,"turns":4},{"damage":6,"enemies":"Orb Walker","floor":37,"turns":3},{"damage":35,"enemies":"Writhing Mass","floor":39,"turns":5},{"damage":0,"enemies":"Transient","floor":41,"turns":5},{"damage":0,"enemies":"Mind Bloom Boss Battle","floor":42,"turns":5},{"damage":5,"enemies":"Sphere and 2 Shapes","floor":46,"turns":5},{"damage":9,"enemies":"3 Darklings","floor":47,"turns":5},{"damage":28,"enemies":"4 Shapes","floor":48,"turns":5},{"damage":60,"enemies":"Awakened One","floor":50,"turns":7}],"seed_played":"4731945588396492076","potions_obtained":[{"floor":1,"key":"Strength Potion"},{"floor":8,"key":"FearPotion"},{"floor":13,"key":"Fire Potion"},{"floor":18,"key":"FearPotion"},{"floor":27,"key":"FearPotion"},{"floor":30,"key":"Fire Potion"},{"floor":31,"key":"Swift Potion"},{"floor":39,"key":"Block Potion"}],"is_trial":false,"path_per_floor":["M","M","?","?","M","R","E","M","T","R","M","R","M","M","R","B",null,"M","?","?","$","?","M","R","$","T","M","T","M","E","M","R","B",null,"M","$","M","?","M","R","M","?","T","R","?","M","M","M","R","B",null],"character_chosen":"DEFECT","items_purchased":["Echo Form","Loop","DataDisk"],"campfire_rested":4,"item_purchase_floors":[21,25,36],"current_hp_per_floor":[75,75,68,68,68,68,59,59,59,59,59,59,59,54,54,54,75,59,59,59,59,59,59,59,59,59,52,52,52,21,13,35,27,75,56,56,50,50,15,37,37,37,37,59,59,68,65,45,67,17],"gold":253,"neow_bonus":"THREE_ENEMY_KILL","is_prod":false,"is_daily":false,"chose_seed":false,"campfire_upgraded":5,"win_rate":0,"timestamp":1572030384,"path_taken":["M","M","?","?","M","R","E","?","T","R","M","R","M","M","R","BOSS","M","?","?","$","?","M","R","?","T","M","?","M","E","M","R","BOSS","M","$","?","?","M","R","?","?","T","R","?","M","M","?","R","BOSS"],"build_version":"2019-07-17","purchased_purges":2,"victory":true,"max_hp_per_floor":[75,75,75,75,75,75,75,75,75,75,75,75,75,75,75,75,75,75,75,75,75,75,75,75,75,75,75,75,75,75,75,75,75,75,75,75,75,75,75,75,75,75,75,75,75,75,75,75,75,75],"card_choices":[{"not_picked":["Loop","Heatsinks"],"picked":"Conserve Battery","floor":1},{"not_picked":["Go for the Eyes","Melter"],"picked":"Sunder","floor":2},{"not_picked":["Sunder","Steam Power"],"picked":"FTL","floor":5},{"not_picked":["Stack","Compile Driver"],"picked":"Leap","floor":7},{"not_picked":["Beam Cell","Hologram"],"picked":"Steam","floor":8},{"not_picked":["Go for the Eyes","Coolheaded"],"picked":"Gash","floor":11},{"not_picked":["Glacier","Machine Learning"],"picked":"Capacitor","floor":13},{"not_picked":["Conserve Battery","Rebound"],"picked":"Ball Lightning","floor":14},{"not_picked":["Rainbow","Fission"],"picked":"Machine Learning","floor":16},{"not_picked":["Redo+1","Beam Cell+1"],"picked":"Sweeping Beam+1","floor":18},{"not_picked":["Stack","Beam Cell"],"picked":"Reinforced Body","floor":23},{"not_picked":["Turbo","Streamline"],"picked":"Gash","floor":27},{"not_picked":["Sweeping Beam+1","Sunder+1"],"picked":"FTL","floor":29},{"not_picked":["Chill","Rip and Tear+1"],"picked":"Loop","floor":30},{"not_picked":["Steam","Rebound+1"],"picked":"Cold Snap","floor":31},{"not_picked":["Meteor Strike","Seek"],"picked":"All For One","floor":33},{"not_picked":["Leap+1","Skim+1"],"picked":"Ball Lightning","floor":35},{"not_picked":["Blizzard","Reinforced Body+1"],"picked":"Gash+1","floor":37},{"not_picked":["Reprogram+1","Capacitor","Darkness+1"],"picked":"SKIP","floor":39},{"not_picked":["Auto Shields","Skim","Rip and Tear"],"picked":"SKIP","floor":41},{"not_picked":["Ball Lightning","Turbo","Sunder"],"picked":"SKIP","floor":46},{"not_picked":["Force Field","Hello World","Hologram"],"picked":"SKIP","floor":47},{"not_picked":["Leap+1","Hologram","Melter+1"],"picked":"SKIP","floor":48}],"player_experience":583228,"relics_obtained":[{"floor":7,"key":"Orichalcum"},{"floor":9,"key":"Kunai"},{"floor":26,"key":"Bottled Tornado"},{"floor":28,"key":"Pen Nib"},{"floor":30,"key":"The Courier"},{"floor":42,"key":"Bird Faced Urn"},{"floor":43,"key":"Dodecahedron"},{"floor":45,"key":"Letter Opener"}],"event_choices":[{"damage_healed":0,"gold_gain":0,"player_choice":"Success","damage_taken":7,"relics_obtained":["FossilizedHelix"],"max_hp_gain":0,"max_hp_loss":0,"event_name":"Scrap Ooze","floor":3,"gold_loss":0},{"damage_healed":0,"gold_gain":0,"player_choice":"Ignored","damage_taken":0,"max_hp_gain":0,"max_hp_loss":0,"event_name":"Liars Game","floor":4,"gold_loss":0},{"damage_healed":0,"gold_gain":0,"player_choice":"Obtained Relic","damage_taken":0,"relics_obtained":["Ancient Tea Set"],"max_hp_gain":0,"max_hp_loss":0,"event_name":"Addict","floor":19,"gold_loss":85},{"damage_healed":0,"gold_gain":0,"player_choice":"Read","damage_taken":0,"max_hp_gain":0,"max_hp_loss":0,"event_name":"The Library","floor":20,"gold_loss":0,"cards_obtained":["All For One"]},{"damage_healed":0,"gold_gain":0,"player_choice":"Opened","damage_taken":0,"relics_obtained":["Vajra"],"max_hp_gain":0,"max_hp_loss":0,"event_name":"The Mausoleum","floor":22,"gold_loss":0,"cards_obtained":["Writhe"]},{"damage_healed":0,"gold_gain":0,"player_choice":"Forge","damage_taken":0,"max_hp_gain":0,"max_hp_loss":0,"event_name":"Accursed Blacksmith","floor":38,"gold_loss":0,"cards_upgraded":["Loop"]},{"damage_healed":0,"gold_gain":0,"player_choice":"Fight","damage_taken":0,"max_hp_gain":0,"max_hp_loss":0,"event_name":"MindBloom","floor":42,"gold_loss":0},{"damage_healed":0,"gold_gain":0,"player_choice":"Relic","damage_taken":0,"max_hp_gain":0,"max_hp_loss":0,"event_name":"Wheel of Change","floor":45,"gold_loss":0}],"is_beta":false,"boss_relics":[{"not_picked":["Snecko Eye","Nuclear Battery"],"picked":"Lizard Tail"},{"not_picked":["White Beast Statue","Eternal Feather"],"picked":"Inserter"}],"items_purged_floors":[21,36],"is_endless":false,"potions_floor_spawned":[1,8,13,18,27,30,31,39,41,42,47],"ascension_level":0}