{"gold_per_floor":[10,10,24,45,59,59,124,124,150,191,216,232,247,281,281,376,376,389,389,389,99,124,164,164,164,214,214,232,232,256,73,73,166,166,189,208,232,232,232],"floor_reached":39,"playtime":3039,"items_purged":["Strike_B","Strike_B"],"score":946,"play_id":"1d830e0d-3888-41ef-98c8-3453fcd5b1b4","local_time":"20191029184719","is_ascension_mode":true,"campfire_choices":[{"data":"Defragment","floor":6,"key":"SMITH"},{"floor":8,"key":"REST"},{"data":"Barrage","floor":15,"key":"SMITH"},{"data":"Coolheaded","floor":24,"key":"SMITH"},{"data":"Coolheaded","floor":27,"key":"SMITH"},{"data":"Self Repair","floor":29,"key":"SMITH"},{"floor":32,"key":"REST"}],"neow_cost":"NO_GOLD","seed_source_timestamp":1675857961033500,"circlet_count":0,"master_deck":["AscendersBane","Strike_B","Strike_B","Defend_B","Defend_B","Defend_B","Defend_B","Zap","Dualcast","Sweeping Beam","Coolheaded+1","Ball Lightning","Defragment+1","Redo","Conserve Battery","Self Repair+1","Coolheaded+1","Barrage+1","Genetic Algorithm","Echo Form","Thinking Ahead","Hologram","FTL","Rebound","Capacitor","Seek","Blizzard","FTL"],"relics":["FrozenCore","Golden Idol","Tiny Chest","DataDisk","Ancient Tea Set","Blue Candle","Nuclear Battery","Mango","FossilizedHelix","Regal Pillow"],"potions_floor_usage":[3,10,12,18,30,35],"damage_taken":[{"damage":0,"enemies":"Small Slimes","floor":1,"turns":2},{"damage":7,"enemies":"2 Louse","floor":3,"turns":2},{"damage":0,"enemies":"Jaw Worm","floor":4,"turns":4},{"damage":13,"enemies":"Red Slaver","floor":5,"turns":4},{"damage":15,"enemies":"3 Sentries","floor":7,"turns":6},{"damage":18,"enemies":"Gremlin Nob","floor":10,"turns":4},{"damage":0,"enemies":"Large Slime","floor":11,"turns":4},{"damage":11,"enemies":"Exordium Wildlife","floor":12,"turns":4},{"damage":4,"enemies":"Exordium Thugs","floor":13,"turns":4},{"damage":0,"enemies":"Lagavulin","floor":14,"turns":7},{"damage":24,"enemies":"Slime Boss","floor":16,"turns":7},{"damage":1,"enemies":"3 Byrds","floor":18,"turns":4},{"damage":21,"enemies":"Spheric Guardian","floor":22,"turns":4},{"damage":33,"enemies":"Book of Stabbing","floor":23,"turns":7},{"damage":9,"enemies":"Snecko","floor":28,"turns":5},{"damage":11,"enemies":"Chosen and Byrds","floor":30,"turns":6},{"damage":0,"enemies":"Automaton","floor":33,"turns":11},{"damage":28,"enemies":"3 Darklings","floor":35,"turns":7},{"damage":4,"enemies":"Orb Walker","floor":36,"turns":6},{"damage":68,"enemies":"3 Darklings","floor":37,"turns":7},{"damage":57,"enemies":"Transient","floor":39,"turns":5}],"seed_played":"-5577829637320768399","potions_obtained":[{"floor":1,"key":"Fire Potion"},{"floor":3,"key":"SpeedPotion"},{"floor":11,"key":"EssenceOfSteel"},{"floor":16,"key":"AttackPotion"},{"floor":23,"key":"AttackPotion"},{"floor":30,"key":"Fire Potion"},{"floor":36,"key":"Dexterity Potion"}],"is_trial":false,"path_per_floor":["M","?","M","M","M","R","E","R","T","E","M","M","M","E","R","B",null,"M","?","?","$","M","E","R","T","T","R","M","R","M","$","R","B",null,"M","M","M","T","M"],"character_chosen":"DEFECT","items_purchased":["Thinking Ahead","Hologram","Capacitor"],"campfire_rested":2,"item_purchase_floors":[21,21,31],"current_hp_per_floor":[78,49,42,42,29,29,14,39,39,21,21,17,20,27,27,3,65,71,71,71,71,57,45,45,45,45,45,50,50,49,49,93,99,99,81,97,39,39,0],"gold":232,"neow_bonus":"TWENTY_PERCENT_HP_BONUS","is_prod":false,"is_daily":false,"chose_seed":false,"campfire_upgraded":5,"win_rate":0,"timestamp":1572389239,"path_taken":["M","?","M","M","M","R","E","R","T","E","M","M","M","E","R","BOSS","M","?","?","$","M","E","R","?","T","R","M","R","M","$","R","BOSS","M","M","M","?","M"],"build_version":"2019-07-17","purchased_purges":2,"victory":false,"max_hp_per_floor":[85,85,85,85,85,85,85,85,85,85,85,85,85,85,85,85,85,85,85,85,85,85,99,99,99,99,99,99,99,99,99,99,99,99,99,99,99,99,99],"card_choices":[{"not_picked":["Melter","BootSequence"],"picked":"Sweeping Beam","floor":1},{"not_picked":["Chaos","Stack"],"picked":"Coolheaded","floor":3},{"not_picked":["Coolheaded","Recycle"],"picked":"Ball Lightning","floor":4},{"not_picked":["Hologram","Compile Driver"],"picked":"Defragment","floor":5},{"not_picked":["Beam Cell","Storm"],"picked":"Redo","floor":7},{"not_picked":["Loop","All For One"],"picked":"Conserve Battery","floor":10},{"not_picked":["Streamline","Steam"],"picked":"Self Repair","floor":11},{"not_picked":["Steam Power","Compile Driver"],"picked":"Coolheaded","floor":12},{"not_picked":["All For One","Capacitor"],"picked":"Barrage","floor":13},{"not_picked":["Stack","Heatsinks"],"picked":"Genetic Algorithm","floor":14},{"not_picked":["Meteor Strike","Buffer"],"picked":"Echo Form","floor":16},{"not_picked":["Compile Driver","Chill","Coolheaded"],"picked":"SKIP","floor":18},{"not_picked":["Rip and Tear","White Noise","Gash"],"picked":"SKIP","floor":22},{"not_picked":["Storm","Double Energy"],"picked":"FTL","floor":23},{"not_picked":["Streamline","Sweeping Beam"],"picked":"Rebound","floor":28},{"not_picked":["Streamline","Steam","Turbo"],"picked":"SKIP","floor":30},{"not_picked":["Amplify","Fission"],"picked":"Seek","floor":33},{"not_picked":["Steam","Ball Lightning"],"picked":"Blizzard","floor":35},{"not_picked":["Streamline","Tempest+1"],"picked":"FTL","floor":36},{"not_picked":["Lockon","Sweeping Beam+1","Compile Driver+1"],"picked":"SKIP","floor":37}],"player_experience":685908,"relics_obtained":[{"floor":7,"key":"Tiny Chest"},{"floor":9,"key":"DataDisk"},{"floor":10,"key":"Ancient Tea Set"},{"floor":14,"key":"Blue Candle"},{"floor":23,"key":"Mango"},{"floor":25,"key":"FossilizedHelix"},{"floor":26,"key":"Regal Pillow"}],"event_choices":[{"damage_healed":0,"gold_gain":0,"player_choice":"Take Damage","damage_taken":29,"relics_obtained":["Golden Idol"],"max_hp_gain":0,"max_hp_loss":0,"event_name":"Golden Idol","floor":2,"gold_loss":0},{"damage_healed":0,"gold_gain":0,"player_choice":"Ignored","damage_taken":0,"max_hp_gain":0,"max_hp_loss":0,"event_name":"Vampires","floor":19,"gold_loss":0},{"damage_healed":0,"gold_gain":0,"player_choice":"Ignored","damage_taken":0,"max_hp_gain":0,"max_hp_loss":0,"event_name":"Cursed Tome","floor":20,"gold_loss":0}],"is_beta":false,"boss_relics":[{"not_picked":["Black Star","White Beast Statue"],"picked":"Nuclear Battery"},{"not_picked":["Calling Bell","Snecko Eye"],"picked":"FrozenCore"}],"items_purged_floors":[21,31],"is_endless":false,"potions_floor_spawned":[1,3,11,16,23,30,36],"killed_by":"Transient","ascension_level":17}