{"gold_per_floor":[112,123,123,143,143,168,182,182,182,257,257,257,292,64,64,161,161,173,173,192,202,54,54],"floor_reached":23,"playtime":1414,"items_purged":["Decay"],"score":209,"play_id":"6e177e6c-60ed-4dec-abea-d14cca9e0a05","local_time":"20190507033311","is_ascension_mode":true,"campfire_choices":[{"floor":8,"key":"REST"},{"floor":12,"key":"REST"},{"floor":15,"key":"REST"}],"neow_cost":"NONE","seed_source_timestamp":106342307593674,"circlet_count":0,"master_deck":["Strike_R","Strike_R","Defend_R","Defend_R","Defend_R","Bash","Seeing Red+1","Juggernaut+1","Body Slam+1","Thunderclap","Limit Break+1","Iron Wave+1","Anger","Flex","Cleave","Second Wind","Demon Form","Shrug It Off","Dual Wield","Intimidate","Armaments","Flex"],"relics":["Astrolabe","Red Skull","Bottled Tornado","Peace Pipe","Happy Flower","Philosopher\u0027s Stone","Blood Vial"],"potions_floor_usage":[16,16,18,20],"damage_taken":[{"damage":2,"enemies":"Small Slimes","floor":1,"turns":3},{"damage":0,"enemies":"2 Louse","floor":2,"turns":2},{"damage":0,"enemies":"Cultist","floor":4,"turns":3},{"damage":24,"enemies":"Gremlin Nob","floor":6,"turns":5},{"damage":2,"enemies":"3 Louse","floor":7,"turns":4},{"damage":28,"enemies":"Lagavulin","floor":13,"turns":4},{"damage":50,"enemies":"The Guardian","floor":16,"turns":9},{"damage":25,"enemies":"Shell Parasite","floor":18,"turns":5},{"damage":11,"enemies":"Spheric Guardian","floor":20,"turns":4},{"damage":16,"enemies":"Snecko","floor":21,"turns":5},{"damage":35,"enemies":"Shelled Parasite and Fungi","floor":23,"turns":4}],"seed_played":"2477239394407146721","potions_obtained":[{"floor":4,"key":"Swift Potion"},{"floor":6,"key":"BloodPotion"},{"floor":7,"key":"SpeedPotion"},{"floor":16,"key":"Block Potion"},{"floor":18,"key":"Block Potion"}],"is_trial":false,"path_per_floor":["M","M","?","M","?","E","M","R","T","?","?","R","E","$","R","B",null,"M","?","M","M","$","M"],"character_chosen":"IRONCLAD","items_purchased":["Second Wind","Happy Flower","Armaments","Flex"],"campfire_rested":3,"item_purchase_floors":[14,14,22,22],"current_hp_per_floor":[78,78,71,71,71,47,45,69,69,58,42,66,38,38,62,20,80,55,55,46,32,32,0],"gold":54,"neow_bonus":"BOSS_RELIC","is_prod":false,"is_daily":false,"chose_seed":false,"campfire_upgraded":0,"win_rate":0,"timestamp":1557225191,"path_taken":["M","M","?","M","?","E","?","R","T","?","?","R","E","$","R","BOSS","M","?","M","?","$","M"],"build_version":"2019-01-23","purchased_purges":1,"victory":false,"max_hp_per_floor":[80,80,80,80,80,80,80,80,80,80,80,80,80,80,80,80,80,80,80,80,80,80,80],"card_choices":[{"not_picked":["Cleave","Havoc"],"picked":"Thunderclap","floor":1},{"not_picked":["Twin Strike","Wild Strike"],"picked":"Limit Break","floor":2},{"not_picked":["Anger","Bloodletting"],"picked":"Iron Wave","floor":4},{"not_picked":["Clothesline","Thunderclap"],"picked":"Anger","floor":6},{"not_picked":["Twin Strike","Iron Wave"],"picked":"Flex","floor":7},{"not_picked":["Wild Strike","Offering"],"picked":"Cleave","floor":13},{"not_picked":["Offering","Limit Break"],"picked":"Demon Form","floor":16},{"not_picked":["Headbutt","Disarm"],"picked":"Shrug It Off","floor":18},{"not_picked":["Flex+1","Pommel Strike"],"picked":"Dual Wield","floor":20},{"not_picked":["Second Wind+1","Body Slam"],"picked":"Intimidate","floor":21}],"player_experience":125280,"relics_obtained":[{"floor":6,"key":"Red Skull"},{"floor":9,"key":"Bottled Tornado"},{"floor":13,"key":"Peace Pipe"},{"floor":19,"key":"Blood Vial"}],"event_choices":[{"cards_removed":["Defend_R"],"damage_healed":0,"gold_gain":0,"player_choice":"Card Removal","damage_taken":7,"max_hp_gain":0,"max_hp_loss":0,"event_name":"Golden Wing","floor":3,"gold_loss":0},{"damage_healed":0,"gold_gain":0,"player_choice":"Cursed","damage_taken":0,"max_hp_gain":0,"max_hp_loss":0,"event_name":"Wheel of Change","floor":5,"gold_loss":0,"cards_obtained":["Decay"]},{"damage_healed":0,"gold_gain":75,"player_choice":"Gather Gold","damage_taken":11,"max_hp_gain":0,"max_hp_loss":0,"event_name":"World of Goop","floor":10,"gold_loss":0},{"damage_healed":0,"gold_gain":0,"player_choice":"Entered Light","damage_taken":16,"max_hp_gain":0,"max_hp_loss":0,"event_name":"Shining Light","floor":11,"gold_loss":0,"cards_upgraded":["Limit Break","Iron Wave"]},{"damage_healed":0,"gold_gain":0,"player_choice":"Relic","damage_taken":0,"max_hp_gain":0,"max_hp_loss":0,"event_name":"Wheel of Change","floor":19,"gold_loss":0}],"is_beta":false,"boss_relics":[{"not_picked":["Busted Crown","Sozu"],"picked":"Philosopher\u0027s Stone"}],"items_purged_floors":[22],"is_endless":false,"potions_floor_spawned":[4,6,7,16,18],"killed_by":"Shelled Parasite and Fungi","ascension_level":1}