{"gold_per_floor":[218,52,76,76,260,295,295,334,334,353,362,382,382,33,33,144,144,119,44,68,68,77,112,112,139,139,248,248,287,312,338,338,449,449,475,193,206,566,584,584,609,609,609,619,637,669,669,697,697,697,697,697,7,47,47],"floor_reached":55,"playtime":7598,"items_purged":["Shame"],"score":903,"play_id":"473b352f-8d34-4557-869d-6f69a9d86301","local_time":"20191030003437","is_ascension_mode":true,"campfire_choices":[{"data":"Neutralize","floor":7,"key":"SMITH"},{"floor":13,"key":"REST"},{"data":"Leg Sweep","floor":15,"key":"SMITH"},{"data":"Venomology","floor":24,"key":"SMITH"},{"data":"PiercingWail","floor":28,"key":"SMITH"},{"data":"Bouncing Flask","floor":32,"key":"SMITH"},{"data":"Well Laid Plans","floor":40,"key":"SMITH"},{"floor":42,"key":"REST"},{"floor":49,"key":"RECALL"},{"data":"Burst","floor":52,"key":"SMITH"}],"neow_cost":"NONE","seed_source_timestamp":341223975108200,"circlet_count":0,"master_deck":["Strike_G","Strike_G","Strike_G","Strike_G","Strike_G","Defend_G","Defend_G","Defend_G","Defend_G","Survivor","Neutralize+1","Deflect","Backflip","Dagger Throw","Doubt","Crippling Poison","Leg Sweep+1","PiercingWail+1","Backstab","Prepared","Venomology+1","Deflect+1","Deadly Poison+1","Poisoned Stab+1","Acrobatics","Dodge and Roll","Bouncing Flask+1","Burst+1","Adrenaline","Dodge and Roll+1","Well Laid Plans+1","Deadly Poison","PiercingWail+1","Madness","Madness","Discovery","Secret Technique","Blind+1","Choke+1","Panacea","Crippling Poison","Infinite Blades","Hello World+1"],"relics":["Ring of the Snake","CeramicFish","Question Card","Bronze Scales","Strawberry","WarpedTongs","Ice Cream","Busted Crown","Boot","Pantograph","Meat on the Bone","Thread and Needle","Kunai","Omamori","Tiny Chest","Snecko Eye","PrismaticShard","Old Coin","Sundial","Molten Egg 2","Snake Skull","Medical Kit","Oddly Smooth Stone","Gambling Chip"],"potions_floor_usage":[8,18,20,23,23,25,27,27,27,27,29,30,33,33,33,38,38,41,41,44,44,46,48,50,50,50,50,54,54,55,55],"damage_taken":[{"damage":1,"enemies":"Cultist","floor":1,"turns":4},{"damage":0,"enemies":"Jaw Worm","floor":3,"turns":4},{"damage":19,"enemies":"3 Sentries","floor":6,"turns":13},{"damage":24,"enemies":"Lagavulin","floor":8,"turns":7},{"damage":0,"enemies":"2 Louse","floor":10,"turns":2},{"damage":5,"enemies":"Exordium Wildlife","floor":12,"turns":4},{"damage":20,"enemies":"Hexaghost","floor":16,"turns":14},{"damage":6,"enemies":"2 Thieves","floor":18,"turns":5},{"damage":0,"enemies":"Spheric Guardian","floor":20,"turns":7},{"damage":0,"enemies":"Gremlin Leader","floor":23,"turns":8},{"damage":0,"enemies":"Shelled Parasite and Fungi","floor":25,"turns":5},{"damage":4,"enemies":"Colosseum Slavers","floor":27,"turns":4},{"damage":11,"enemies":"Colosseum Nobs","floor":27,"turns":5},{"damage":15,"enemies":"Slavers","floor":29,"turns":5},{"damage":0,"enemies":"Snake Plant","floor":30,"turns":4},{"damage":0,"enemies":"Book of Stabbing","floor":31,"turns":5},{"damage":16,"enemies":"Champ","floor":33,"turns":11},{"damage":1,"enemies":"Orb Walker","floor":35,"turns":5},{"damage":0,"enemies":"3 Shapes","floor":37,"turns":5},{"damage":20,"enemies":"2 Orb Walkers","floor":38,"turns":6},{"damage":34,"enemies":"Nemesis","floor":41,"turns":9},{"damage":1,"enemies":"Transient","floor":44,"turns":5},{"damage":15,"enemies":"Giant Head","floor":46,"turns":9},{"damage":3,"enemies":"Sphere and 2 Shapes","floor":48,"turns":3},{"damage":20,"enemies":"Awakened One","floor":50,"turns":13},{"damage":26,"enemies":"Shield and Spear","floor":54,"turns":6},{"damage":77,"enemies":"The Heart","floor":55,"turns":5}],"seed_played":"9165003221269827622","potions_obtained":[{"floor":6,"key":"Strength Potion"},{"floor":12,"key":"Ancient Potion"},{"floor":16,"key":"BlessingOfTheForge"},{"floor":18,"key":"Regen Potion"},{"floor":23,"key":"Fire Potion"},{"floor":29,"key":"Strength Potion"},{"floor":35,"key":"SkillPotion"},{"floor":41,"key":"BlessingOfTheForge"},{"floor":46,"key":"SpeedPotion"}],"is_trial":false,"path_per_floor":["M","$","M","?","?","E","R","E","T","M","?","M","R","$","R","B",null,"M","?","M","?","?","E","R","M","T","?","R","E","M","E","R","B",null,"M","$","M","?","?","R","E","R","T","M","?","E","T","M","R","B",null,"R","$","E","B"],"character_chosen":"THE_SILENT","items_purchased":["CeramicFish","Backflip","Ice Cream","Prepared","Well Laid Plans","PrismaticShard","Deadly Poison","Choke+1","Panacea","GhostInAJar","Crippling Poison","Medical Kit","Oddly Smooth Stone","Infinite Blades","Explosive Potion"],"campfire_rested":2,"item_purchase_floors":[2,2,14,14,36,36,36,53,53,53,53,53,53,53,53],"current_hp_per_floor":[69,69,69,62,62,43,43,19,26,26,26,21,44,44,44,24,77,71,71,71,71,71,71,71,71,71,65,65,50,50,50,50,59,77,76,76,76,56,46,46,24,47,47,46,41,38,38,47,47,52,77,77,77,51,0],"gold":47,"neow_bonus":"HUNDRED_GOLD","is_prod":false,"is_daily":false,"chose_seed":false,"campfire_upgraded":7,"win_rate":0,"timestamp":1572420877,"path_taken":["M","?","M","?","?","E","R","E","T","?","?","M","R","?","R","BOSS","M","?","M","?","?","E","R","M","T","?","R","E","M","E","R","BOSS","M","$","M","?","?","R","E","R","T","M","?","E","?","?","R","BOSS","R","$","E","BOSS"],"build_version":"2019-10-29","purchased_purges":1,"victory":false,"max_hp_per_floor":[70,70,70,70,70,70,70,70,77,77,77,77,77,77,77,77,77,77,77,77,77,77,77,77,77,77,77,77,77,77,77,77,77,77,77,77,77,77,77,77,77,77,77,77,77,77,77,77,77,77,77,77,77,77,77],"card_choices":[{"not_picked":["Bane","Skewer"],"picked":"Deflect","floor":1},{"not_picked":["Backflip","Bane"],"picked":"Dagger Throw","floor":3},{"not_picked":["Poisoned Stab","Dagger Spray"],"picked":"Crippling Poison","floor":6},{"not_picked":["Blade Dance","Poisoned Stab","Caltrops"],"picked":"Leg Sweep","floor":8},{"not_picked":["Tactician","Acrobatics","Deadly Poison"],"picked":"PiercingWail","floor":10},{"not_picked":["Quick Slash","Poisoned Stab","Calculated Gamble"],"picked":"Backstab","floor":12},{"not_picked":["Adrenaline","Night Terror","Unload"],"picked":"Venomology","floor":16},{"not_picked":["Prepared"],"picked":"Deflect+1","floor":18},{"not_picked":["Dodge and Roll+1"],"picked":"Deadly Poison+1","floor":20},{"not_picked":["Choke+1"],"picked":"Poisoned Stab+1","floor":23},{"not_picked":["Blade Dance+1"],"picked":"Acrobatics","floor":25},{"not_picked":["Distraction"],"picked":"Dodge and Roll","floor":27},{"not_picked":["Riddle With Holes"],"picked":"Bouncing Flask","floor":29},{"not_picked":["Backflip"],"picked":"Burst","floor":30},{"not_picked":["Reflex+1","Outmaneuver+1"],"picked":"SKIP","floor":31},{"not_picked":["Doppelganger"],"picked":"Adrenaline","floor":33},{"not_picked":["Crippling Poison"],"picked":"Dodge and Roll+1","floor":35},{"not_picked":["CutThroughFate+1","Riddle With Holes"],"picked":"SKIP","floor":37},{"not_picked":["Purity"],"picked":"PiercingWail+1","floor":38},{"not_picked":["Chill","Slice+1"],"picked":"SKIP","floor":41},{"not_picked":["Prostrate+1","Shrug It Off"],"picked":"SKIP","floor":44},{"not_picked":["Violence"],"picked":"Discovery","floor":45},{"not_picked":["Panache"],"picked":"Secret Technique","floor":45},{"not_picked":["Heavy Blade","Coolheaded+1"],"picked":"SKIP","floor":46},{"not_picked":["Iron Wave+1"],"picked":"Blind+1","floor":48},{"not_picked":["Pommel Strike+1"],"picked":"Hello World+1","floor":54}],"player_experience":80129,"relics_obtained":[{"floor":6,"key":"Question Card"},{"floor":8,"key":"Bronze Scales"},{"floor":9,"key":"Strawberry"},{"floor":23,"key":"Pantograph"},{"floor":26,"key":"Meat on the Bone"},{"floor":27,"key":"Thread and Needle"},{"floor":27,"key":"Kunai"},{"floor":29,"key":"Omamori"},{"floor":31,"key":"Tiny Chest"},{"floor":38,"key":"Old Coin"},{"floor":41,"key":"Sundial"},{"floor":46,"key":"Molten Egg 2"},{"floor":47,"key":"Snake Skull"},{"floor":54,"key":"Gambling Chip"}],"event_choices":[{"cards_removed":["Defend_G"],"damage_healed":0,"gold_gain":0,"player_choice":"Card Removal","damage_taken":7,"max_hp_gain":0,"max_hp_loss":0,"event_name":"Golden Wing","floor":4,"gold_loss":0},{"damage_healed":0,"gold_gain":175,"player_choice":"AGREE","damage_taken":0,"max_hp_gain":0,"max_hp_loss":0,"event_name":"Liars Game","floor":5,"gold_loss":0,"cards_obtained":["Doubt"]},{"damage_healed":0,"gold_gain":0,"player_choice":"Rummage","damage_taken":0,"relics_obtained":["WarpedTongs"],"max_hp_gain":0,"max_hp_loss":0,"event_name":"Accursed Blacksmith","floor":11,"gold_loss":0,"cards_obtained":["Pain"]},{"cards_removed":["Pain"],"damage_healed":0,"gold_gain":0,"player_choice":"Gave Gold","damage_taken":0,"max_hp_gain":0,"max_hp_loss":0,"event_name":"Beggar","floor":19,"gold_loss":75},{"damage_healed":0,"gold_gain":0,"player_choice":"Ignored","damage_taken":0,"max_hp_gain":0,"max_hp_loss":0,"event_name":"Ghosts","floor":21,"gold_loss":0},{"damage_healed":0,"gold_gain":0,"player_choice":"Stole Relic","damage_taken":0,"relics_obtained":["Boot"],"max_hp_gain":0,"max_hp_loss":0,"event_name":"Addict","floor":22,"gold_loss":0,"cards_obtained":["Shame"]},{"damage_healed":0,"gold_gain":0,"player_choice":"Fight","damage_taken":0,"max_hp_gain":0,"max_hp_loss":0,"event_name":"Colosseum","floor":27,"gold_loss":0},{"damage_healed":0,"gold_gain":0,"player_choice":"Fought Nobs","damage_taken":0,"max_hp_gain":0,"max_hp_loss":0,"event_name":"Colosseum","floor":27,"gold_loss":0},{"damage_healed":0,"gold_gain":0,"player_choice":"Fight","damage_taken":0,"max_hp_gain":0,"max_hp_loss":0,"event_name":"Mysterious Sphere","floor":38,"gold_loss":0},{"damage_healed":0,"gold_gain":0,"player_choice":"Embrace Madness","damage_taken":10,"max_hp_gain":0,"max_hp_loss":0,"event_name":"Winding Halls","floor":39,"gold_loss":0,"cards_obtained":["Madness","Madness"]},{"damage_healed":0,"gold_gain":0,"player_choice":"Memory 2","damage_taken":5,"max_hp_gain":0,"max_hp_loss":0,"event_name":"SensoryStone","floor":45,"gold_loss":0}],"is_beta":true,"boss_relics":[{"not_picked":["HoveringKite","Runic Pyramid"],"picked":"Busted Crown"},{"not_picked":["Fusion Hammer","Sozu"],"picked":"Snecko Eye"}],"items_purged_floors":[36],"is_endless":false,"potions_floor_spawned":[6,12,16,18,23,29,31,35,41,46],"killed_by":"The Heart","ascension_level":1}