{"gold_per_floor":[110,110,185,199,199,224,236,263,275,287,327,7,27,54,54,156,156,173,173,189,224,66,66,96,96,96,96,196,196,230,37,37,136,136,149,149,159,159],"floor_reached":38,"playtime":4194,"items_purged":[],"score":494,"play_id":"088b565d-8520-43b3-b731-12e42cc32eb0","local_time":"20190428035846","is_ascension_mode":true,"campfire_choices":[{"floor":7,"key":"REST"},{"data":"Blade Dance","floor":10,"key":"SMITH"},{"floor":15,"key":"REST"},{"floor":23,"key":"REST"},{"floor":25,"key":"REST"},{"floor":27,"key":"REST"},{"floor":32,"key":"REST"}],"neow_cost":"PERCENT_DAMAGE","seed_source_timestamp":16594204695286,"circlet_count":0,"master_deck":["Defend_G+1","Defend_G+1","Defend_G+1","Defend_G+1","Strike_G+1","Strike_G+1","Strike_G+1","Strike_G+1","Survivor","Neutralize","Outmaneuver","Choke","Deadly Poison","Blade Dance+1","Poisoned Stab","Well Laid Plans","Accuracy","Die Die Die","After Image","Cloak And Dagger","Flying Knee","Predator+1","Finisher","Infinite Blades","Outmaneuver+1","Blade Dance","Glass Knife","Tactician","Backstab","Dagger Throw","Transmutation","Phantasmal Killer","Cloak And Dagger+1","Pain","Prepared"],"relics":["Ring of the Snake","Mango","Pocketwatch","MawBank","Incense Burner","Gambling Chip","Toy Ornithopter","Ornamental Fan","WristBlade","Red Mask","PreservedInsect","The Specimen","Calipers","Bottled Lightning","Du-Vu Doll","Eternal Feather","WarpedTongs"],"potions_floor_usage":[6,13,14,16,24,24,28,33,33],"damage_taken":[{"damage":3,"enemies":"Jaw Worm","floor":1,"turns":6},{"damage":3,"enemies":"Small Slimes","floor":4,"turns":4},{"damage":12,"enemies":"Gremlin Nob","floor":6,"turns":4},{"damage":8,"enemies":"2 Louse","floor":8,"turns":2},{"damage":26,"enemies":"Lagavulin","floor":11,"turns":5},{"damage":0,"enemies":"Large Slime","floor":13,"turns":4},{"damage":2,"enemies":"Gremlin Nob","floor":14,"turns":4},{"damage":38,"enemies":"Slime Boss","floor":16,"turns":12},{"damage":35,"enemies":"3 Byrds","floor":18,"turns":5},{"damage":13,"enemies":"Shell Parasite","floor":20,"turns":6},{"damage":28,"enemies":"Masked Bandits","floor":21,"turns":5},{"damage":22,"enemies":"Gremlin Leader","floor":24,"turns":7},{"damage":7,"enemies":"Colosseum Slavers","floor":28,"turns":4},{"damage":5,"enemies":"Colosseum Nobs","floor":28,"turns":3},{"damage":20,"enemies":"Slavers","floor":30,"turns":3},{"damage":41,"enemies":"Collector","floor":33,"turns":12},{"damage":24,"enemies":"3 Darklings","floor":35,"turns":5},{"damage":17,"enemies":"3 Shapes","floor":37,"turns":5},{"damage":43,"enemies":"3 Darklings","floor":38,"turns":2}],"seed_played":"6640258770386855315","potions_obtained":[{"floor":1,"key":"Regen Potion"},{"floor":11,"key":"FearPotion"},{"floor":13,"key":"GhostInAJar"},{"floor":18,"key":"Swift Potion"},{"floor":21,"key":"FearPotion"},{"floor":24,"key":"AttackPotion"},{"floor":28,"key":"Dexterity Potion"}],"is_trial":false,"path_per_floor":["M","?","?","M","?","E","R","M","T","R","E","$","M","E","R","B",null,"M","?","M","?","$","R","E","R","T","R","?","?","E","$","R","B",null,"M","?","M","M"],"character_chosen":"THE_SILENT","items_purchased":["Toy Ornithopter","Well Laid Plans","Explosive Potion","Finisher","Energy Potion","Infinite Blades","Dagger Throw","Transmutation"],"campfire_rested":6,"item_purchase_floors":[12,12,12,22,22,22,31,31],"current_hp_per_floor":[60,60,49,46,46,46,71,63,63,63,37,37,42,45,70,37,84,49,49,36,8,8,33,21,46,46,71,64,64,44,44,69,38,84,60,60,43,0],"gold":159,"neow_bonus":"ONE_RARE_RELIC","is_prod":false,"is_daily":false,"chose_seed":false,"campfire_upgraded":1,"win_rate":0,"timestamp":1556449126,"path_taken":["M","?","?","M","?","E","R","M","T","R","E","?","M","E","R","BOSS","M","?","M","?","$","R","E","R","T","R","?","?","E","$","R","BOSS","M","?","?","M"],"build_version":"2019-01-23","purchased_purges":0,"victory":false,"max_hp_per_floor":[84,84,84,84,84,84,84,84,84,84,84,84,84,84,84,84,84,84,84,84,84,84,84,84,84,84,84,84,84,84,84,84,84,84,84,84,84,84],"card_choices":[{"not_picked":["Backstab","Catalyst"],"picked":"Outmaneuver","floor":1},{"not_picked":["Poisoned Stab","Backflip"],"picked":"Choke","floor":4},{"not_picked":["Deflect","Slice"],"picked":"Deadly Poison","floor":6},{"not_picked":["Bouncing Flask","Reflex"],"picked":"Blade Dance","floor":8},{"not_picked":["Caltrops","Dash"],"picked":"Poisoned Stab","floor":11},{"not_picked":["Deadly Poison","Riddle With Holes"],"picked":"Accuracy","floor":13},{"not_picked":["PiercingWail","Outmaneuver"],"picked":"Die Die Die","floor":14},{"not_picked":["Storm of Steel","Glass Knife"],"picked":"After Image","floor":16},{"not_picked":["PiercingWail","Poisoned Stab"],"picked":"Cloak And Dagger","floor":18},{"not_picked":["Terror","Deflect"],"picked":"Flying Knee","floor":20},{"not_picked":["Bane","Outmaneuver"],"picked":"Predator+1","floor":21},{"not_picked":["Die Die Die","PiercingWail"],"picked":"Outmaneuver+1","floor":24},{"not_picked":["Backflip","Bane"],"picked":"Blade Dance","floor":28},{"not_picked":["Expertise+1","Riddle With Holes"],"picked":"Backstab","floor":30},{"not_picked":["After Image","Unload"],"picked":"Phantasmal Killer","floor":33},{"not_picked":["Deadly Poison+1","Caltrops"],"picked":"Cloak And Dagger+1","floor":35},{"not_picked":["Slice","Acrobatics+1"],"picked":"Prepared","floor":37}],"player_experience":79273,"relics_obtained":[{"floor":6,"key":"MawBank"},{"floor":9,"key":"Incense Burner"},{"floor":11,"key":"Gambling Chip"},{"floor":14,"key":"Ornamental Fan"},{"floor":21,"key":"Red Mask"},{"floor":24,"key":"PreservedInsect"},{"floor":26,"key":"The Specimen"},{"floor":28,"key":"Calipers"},{"floor":28,"key":"Bottled Lightning"},{"floor":30,"key":"Du-Vu Doll"}],"event_choices":[{"damage_healed":0,"gold_gain":0,"player_choice":"Box","damage_taken":0,"relics_obtained":["Pocketwatch"],"max_hp_gain":0,"max_hp_loss":0,"event_name":"Big Fish","floor":2,"gold_loss":0,"cards_obtained":["Regret"]},{"damage_healed":0,"gold_gain":75,"player_choice":"Gather Gold","damage_taken":11,"max_hp_gain":0,"max_hp_loss":0,"event_name":"World of Goop","floor":3,"gold_loss":0},{"cards_removed":["Regret"],"damage_healed":0,"gold_gain":0,"player_choice":"Forget","damage_taken":0,"max_hp_gain":0,"max_hp_loss":0,"event_name":"Living Wall","floor":5,"gold_loss":0},{"damage_healed":0,"gold_gain":0,"player_choice":"Simplicity","damage_taken":0,"max_hp_gain":0,"max_hp_loss":0,"event_name":"Back to Basics","floor":19,"gold_loss":0,"cards_upgraded":["Defend_G","Defend_G","Defend_G","Defend_G","Defend_G","Strike_G","Strike_G","Strike_G","Strike_G","Strike_G"]},{"damage_healed":0,"gold_gain":0,"player_choice":"Fought Bandits","damage_taken":0,"max_hp_gain":0,"max_hp_loss":0,"event_name":"Masked Bandits","floor":21,"gold_loss":0},{"damage_healed":0,"gold_gain":0,"player_choice":"Fight","damage_taken":0,"max_hp_gain":0,"max_hp_loss":0,"event_name":"Colosseum","floor":28,"gold_loss":0},{"damage_healed":0,"gold_gain":0,"player_choice":"Fought Nobs","damage_taken":0,"max_hp_gain":0,"max_hp_loss":0,"event_name":"Colosseum","floor":28,"gold_loss":0},{"damage_healed":0,"gold_gain":0,"cards_transformed":["Strike_G","Defend_G"],"player_choice":"Became Test Subject","damage_taken":0,"max_hp_gain":0,"max_hp_loss":0,"event_name":"Drug Dealer","floor":29,"gold_loss":0,"cards_obtained":["Glass Knife","Tactician"]},{"damage_healed":0,"gold_gain":0,"player_choice":"Rummage","damage_taken":0,"relics_obtained":["WarpedTongs"],"max_hp_gain":0,"max_hp_loss":0,"event_name":"Accursed Blacksmith","floor":36,"gold_loss":0,"cards_obtained":["Pain"]}],"is_beta":false,"boss_relics":[{"not_picked":["Philosopher\u0027s Stone","Lizard Tail"],"picked":"WristBlade"},{"not_picked":["Snecko Eye","Cursed Key"],"picked":"Eternal Feather"}],"items_purged_floors":[],"is_endless":false,"potions_floor_spawned":[1,11,13,18,21,24,28],"killed_by":"3 Darklings","ascension_level":2}