{"gold_per_floor":[114,189,203,223,241,270,270,297,297,297,297,297,326,326],"floor_reached":14,"playtime":426,"items_purged":[],"score":200,"play_id":"495b6cbd-fcf1-4de2-b299-3ebe1b1d51a2","local_time":"20191029190853","is_ascension_mode":true,"campfire_choices":[{"data":"Beam Cell","floor":7,"key":"SMITH"},{"data":"Steam","floor":12,"key":"SMITH"}],"neow_cost":"TEN_PERCENT_HP_LOSS","seed_source_timestamp":1679751029756200,"circlet_count":0,"master_deck":["AscendersBane","Strike_B","Strike_B","Strike_B","Strike_B","Defend_B","Defend_B","Defend_B","Defend_B","Zap","Dualcast","Hyperbeam+1","Beam Cell+1","Gash","Conserve Battery","Sweeping Beam","Steam+1","Machine Learning","Go for the Eyes"],"special_seed":0,"relics":["Cracked Core","Dodecahedron","The Courier","Pantograph","Omamori"],"potions_floor_usage":[6,13],"damage_taken":[{"damage":2.0,"enemies":"Jaw Worm","floor":1.0,"turns":2.0},{"damage":0.0,"enemies":"Small Slimes","floor":3.0,"turns":2.0},{"damage":0.0,"enemies":"2 Louse","floor":4.0,"turns":1.0},{"damage":0,"enemies":"Red Slaver","floor":5,"turns":1},{"damage":13,"enemies":"Lagavulin","floor":6,"turns":5},{"damage":15,"enemies":"3 Sentries","floor":8,"turns":4},{"damage":8,"enemies":"Lagavulin","floor":13,"turns":6},{"damage":17,"enemies":"2 Fungi Beasts","floor":14,"turns":2}],"seed_played":"-898727281674087045","potions_obtained":[{"floor":1.0,"key":"AttackPotion"},{"floor":6,"key":"Fire Potion"}],"is_trial":false,"path_per_floor":["M","?","M","M","M","E","R","E","T","?","?","R","E","M"],"character_chosen":"DEFECT","items_purchased":[],"campfire_rested":0,"item_purchase_floors":[],"current_hp_per_floor":[62,51,51,51,51,38,38,23,23,23,23,23,15,0],"gold":326,"neow_bonus":"THREE_RARE_CARDS","is_prod":false,"is_daily":false,"chose_seed":false,"campfire_upgraded":2,"win_rate":0,"timestamp":1572390533,"path_taken":["M","?","M","M","M","E","R","E","T","?","?","R","E","M"],"build_version":"2019-07-17","purchased_purges":0,"victory":false,"max_hp_per_floor":[64,64,64,64,64,64,64,64,64,64,64,64,64,64],"card_choices":[{"not_picked":["Amplify","Thunder Strike"],"picked":"Hyperbeam","floor":0.0},{"not_picked":["Turbo","Barrage"],"picked":"Beam Cell","floor":1.0},{"not_picked":["Self Repair","Heatsinks"],"picked":"Gash","floor":3.0},{"not_picked":["Streamline","Barrage"],"picked":"Conserve Battery","floor":4},{"not_picked":["Hello World","Beam Cell"],"picked":"Sweeping Beam","floor":5},{"not_picked":["Barrage","Cold Snap"],"picked":"Steam","floor":6},{"not_picked":["Go for the Eyes","Barrage"],"picked":"Machine Learning","floor":8},{"not_picked":["Darkness","Doom and Gloom"],"picked":"Go for the Eyes","floor":13}],"player_experience":689779,"relics_obtained":[{"floor":6,"key":"Dodecahedron"},{"floor":8,"key":"The Courier"},{"floor":9,"key":"Pantograph"},{"floor":13,"key":"Omamori"}],"event_choices":[{"damage_healed":0.0,"max_hp_gain":0.0,"max_hp_loss":0.0,"gold_gain":75.0,"event_name":"World of Goop","player_choice":"Gather Gold","floor":2.0,"gold_loss":0.0,"damage_taken":11.0},{"damage_healed":0,"gold_gain":0,"player_choice":"Fled","damage_taken":0,"max_hp_gain":0,"max_hp_loss":0,"event_name":"Scrap Ooze","floor":10,"gold_loss":0},{"damage_healed":0,"gold_gain":0,"player_choice":"Forge","damage_taken":0,"max_hp_gain":0,"max_hp_loss":0,"event_name":"Accursed Blacksmith","floor":11,"gold_loss":0,"cards_upgraded":["Hyperbeam"]}],"is_beta":false,"boss_relics":[],"items_purged_floors":[],"is_endless":false,"potions_floor_spawned":[1,6],"killed_by":"2 Fungi Beasts","ascension_level":17}