{"gold_per_floor":[119,119,50,70,70,96,114,144,225,251,261,29,39,66,66,168,168,186,201,201,219,219],"floor_reached":22,"playtime":1731,"items_purged":[],"score":265,"play_id":"b473254d-43ed-4822-9777-2c0e96751cd5","local_time":"20190615044053","is_ascension_mode":true,"campfire_choices":[{"floor":15,"key":"REST"}],"neow_cost":"NONE","seed_source_timestamp":259145673990929,"circlet_count":0,"master_deck":["Strike_R","Strike_R","Strike_R","Strike_R","Defend_R","Defend_R","Defend_R","Bash","Armaments","Power Through","Headbutt","Battle Trance","Thunderclap","Warcry","Seeing Red","Burning Pact+1","Warcry+1","Flex+1","Good Instincts+1","Pommel Strike","Barricade","Demon Form","Armaments+1","Clothesline","Intimidate+1","Rampage","Flex+1","Entrench+1","Body Slam+1"],"relics":["Burning Blood","NeowsBlessing","Torii","Pen Nib","Toxic Egg 2","Bottled Flame","Prayer Wheel","White Beast Statue"],"potions_floor_usage":[8,10,13,16,16,16,21,21],"damage_taken":[{"damage":0,"enemies":"Jaw Worm","floor":1,"turns":1},{"damage":0,"enemies":"2 Louse","floor":4,"turns":2},{"damage":0,"enemies":"Lagavulin","floor":6,"turns":1},{"damage":1,"enemies":"Small Slimes","floor":7,"turns":3},{"damage":17,"enemies":"Gremlin Nob","floor":8,"turns":5},{"damage":13,"enemies":"Lagavulin","floor":10,"turns":6},{"damage":2,"enemies":"Red Slaver","floor":11,"turns":3},{"damage":6,"enemies":"Looter","floor":13,"turns":2},{"damage":39,"enemies":"Gremlin Nob","floor":14,"turns":4},{"damage":33,"enemies":"The Guardian","floor":16,"turns":12},{"damage":25,"enemies":"Spheric Guardian","floor":18,"turns":6},{"damage":15,"enemies":"Shell Parasite","floor":19,"turns":11},{"damage":40,"enemies":"3 Cultists","floor":21,"turns":6},{"damage":18,"enemies":"Shelled Parasite and Fungi","floor":22,"turns":1}],"seed_played":"7697971766027171807","potions_obtained":[{"floor":4,"key":"PowerPotion"},{"floor":7,"key":"Energy Potion"},{"floor":14,"key":"BloodPotion"},{"floor":16,"key":"Poison Potion"},{"floor":18,"key":"SmokeBomb"},{"floor":19,"key":"SkillPotion"},{"floor":21,"key":"Fire Potion"}],"is_trial":false,"path_per_floor":["M","?","$","M","?","E","M","E","T","E","M","$","M","E","R","B",null,"M","M","?","M","M"],"character_chosen":"IRONCLAD","items_purchased":["Power Through","EntropicBrew","Flex+1","Good Instincts+1"],"campfire_rested":1,"item_purchase_floors":[3,12,12,12],"current_hp_per_floor":[80,73,73,79,79,80,80,69,69,62,66,66,66,33,57,53,80,61,52,52,18,0],"gold":219,"neow_bonus":"THREE_ENEMY_KILL","is_prod":false,"is_daily":false,"chose_seed":false,"campfire_upgraded":0,"win_rate":0,"timestamp":1560598853,"path_taken":["M","?","$","M","?","E","M","E","T","E","M","$","M","E","R","BOSS","M","M","?","?","M"],"build_version":"2019-01-23","purchased_purges":0,"victory":false,"max_hp_per_floor":[80,80,80,80,80,80,80,80,80,80,80,80,80,80,80,80,80,80,80,80,80,80],"card_choices":[{"not_picked":["Heavy Blade","Havoc"],"picked":"Armaments","floor":1},{"not_picked":["Shockwave","Shrug It Off"],"picked":"Headbutt","floor":4},{"not_picked":["Headbutt","Ghostly Armor"],"picked":"Thunderclap","floor":6},{"not_picked":["Clash","Sword Boomerang"],"picked":"Warcry","floor":7},{"not_picked":["Wild Strike","Combust"],"picked":"Seeing Red","floor":8},{"not_picked":["Havoc+1","Hemokinesis"],"picked":"Burning Pact+1","floor":10},{"not_picked":["Thunderclap","Sword Boomerang"],"picked":"Warcry+1","floor":11},{"not_picked":["Havoc+1","Twin Strike"],"picked":"Pommel Strike","floor":13},{"not_picked":["Cleave","Infernal Blade+1"],"picked":"Barricade","floor":14},{"not_picked":["Dark Embrace","Exhume+1"],"picked":"Demon Form","floor":16},{"not_picked":["Wild Strike","Pommel Strike+1"],"picked":"Armaments+1","floor":18},{"not_picked":["Twin Strike","Corruption"],"picked":"Clothesline","floor":18},{"not_picked":["Havoc+1","Disarm+1"],"picked":"Intimidate+1","floor":19},{"not_picked":["Corruption+1","Clothesline"],"picked":"Rampage","floor":19},{"not_picked":["Pommel Strike+1","Bloodletting+1"],"picked":"Entrench+1","floor":21},{"not_picked":["Iron Wave","Bludgeon"],"picked":"Body Slam+1","floor":21}],"player_experience":180612,"relics_obtained":[{"floor":6,"key":"Torii"},{"floor":8,"key":"Pen Nib"},{"floor":9,"key":"Toxic Egg 2"},{"floor":10,"key":"Bottled Flame"},{"floor":14,"key":"Prayer Wheel"}],"event_choices":[{"cards_removed":["Strike_R"],"damage_healed":0,"gold_gain":0,"player_choice":"Card Removal","damage_taken":7,"max_hp_gain":0,"max_hp_loss":0,"event_name":"Golden Wing","floor":2,"gold_loss":0},{"damage_healed":0,"gold_gain":0,"cards_transformed":["Defend_R"],"player_choice":"Change","damage_taken":0,"max_hp_gain":0,"max_hp_loss":0,"event_name":"Living Wall","floor":5,"gold_loss":0,"cards_obtained":["Battle Trance"]},{"damage_healed":0,"gold_gain":0,"player_choice":"Copied","damage_taken":0,"max_hp_gain":0,"max_hp_loss":0,"event_name":"Duplicator","floor":20,"gold_loss":0,"cards_obtained":["Flex"]}],"is_beta":false,"boss_relics":[{"not_picked":["Black Blood","Eternal Feather"],"picked":"White Beast Statue"}],"items_purged_floors":[],"is_endless":false,"potions_floor_spawned":[4,7,14,16,18,19,21],"killed_by":"Shelled Parasite and Fungi","ascension_level":2}