{"gold_per_floor":[109,123,123,73,88,116,40,115,141,141,39,51,83,94,94,196,196,211,211,222,222,235,298,20,53,106,120,120,20,20,66,66,66],"floor_reached":33,"playtime":1384,"items_purged":[],"score":366,"play_id":"db1d4411-5fb8-4348-9ba2-ae59452fcb4b","local_time":"20190903015456","is_ascension_mode":true,"campfire_choices":[{"floor":10,"key":"REST"},{"floor":15,"key":"REST"},{"floor":30,"key":"REST"},{"floor":32,"key":"REST"}],"neow_cost":"CURSE","seed_source_timestamp":609002474364900,"circlet_count":0,"master_deck":["Strike_R","Strike_R","Strike_R+1","Defend_R","Defend_R","Defend_R","Defend_R","Bash+1","Immolate","Combust","Armaments","Anger","Thunderclap","Evolve","Spot Weakness","Clothesline","Seeing Red","Seeing Red","Double Tap","Pommel Strike","Juggernaut","Ghostly Armor","Dropkick","Entrench+1","Pummel+1","Uppercut","Blood for Blood+1","Shrug It Off","Whirlwind","Offering"],"relics":["Burning Blood","PreservedInsect","Whetstone","Pen Nib","Runic Pyramid","Tiny Chest","HandDrill","Ornamental Fan","Blood Vial","Bottled Flame","Dream Catcher"],"potions_floor_usage":[6,6,6,22,25,27,27,33],"damage_taken":[{"damage":12,"enemies":"Jaw Worm","floor":1,"turns":2},{"damage":10,"enemies":"2 Louse","floor":2,"turns":2},{"damage":0,"enemies":"Cultist","floor":5,"turns":2},{"damage":26,"enemies":"Lagavulin","floor":6,"turns":5},{"damage":19,"enemies":"Exordium Thugs","floor":12,"turns":4},{"damage":23,"enemies":"Gremlin Nob","floor":13,"turns":4},{"damage":14,"enemies":"Large Slime","floor":14,"turns":5},{"damage":54,"enemies":"Hexaghost","floor":16,"turns":10},{"damage":33,"enemies":"Spheric Guardian","floor":18,"turns":4},{"damage":12,"enemies":"Chosen","floor":20,"turns":3},{"damage":33,"enemies":"Shelled Parasite and Fungi","floor":22,"turns":4},{"damage":0,"enemies":"Slavers","floor":23,"turns":1},{"damage":29,"enemies":"Book of Stabbing","floor":25,"turns":4},{"damage":12,"enemies":"Centurion and Healer","floor":27,"turns":3},{"damage":86,"enemies":"Collector","floor":33,"turns":7}],"seed_played":"6576627073168030300","potions_obtained":[{"floor":1,"key":"GamblersBrew"},{"floor":2,"key":"PowerPotion"},{"floor":5,"key":"SkillPotion"},{"floor":16,"key":"Regen Potion"},{"floor":22,"key":"Poison Potion"},{"floor":25,"key":"Ancient Potion"},{"floor":27,"key":"FearPotion"}],"is_trial":false,"path_per_floor":["M","M","?","?","M","E","$","?","T","R","$","M","E","M","R","B",null,"M","?","M","?","M","E","$","E","T","M","T","$","R","T","R","B"],"character_chosen":"IRONCLAD","items_purchased":["Spot Weakness","Clothesline","Seeing Red","HandDrill","Regen Potion","Shrug It Off","Whirlwind"],"campfire_rested":4,"item_purchase_floors":[7,11,11,24,24,29,29],"current_hp_per_floor":[74,70,70,70,76,56,56,45,45,69,69,56,39,31,55,7,80,53,53,47,47,32,38,38,27,27,23,23,23,47,47,71,0],"gold":66,"neow_bonus":"THREE_RARE_CARDS","is_prod":false,"is_daily":false,"chose_seed":false,"campfire_upgraded":0,"win_rate":0,"timestamp":1567500896,"path_taken":["M","M","?","?","M","E","$","?","T","R","?","?","E","M","R","BOSS","M","?","M","?","?","E","$","E","T","M","?","$","R","?","R","BOSS"],"build_version":"2019-07-17","purchased_purges":0,"victory":false,"max_hp_per_floor":[80,80,80,80,80,80,80,80,80,80,80,80,80,80,80,80,80,80,80,80,80,80,80,80,80,80,80,80,80,80,80,80,80],"card_choices":[{"not_picked":["Offering","Brutality"],"picked":"Immolate","floor":0},{"not_picked":["Perfected Strike","Rage"],"picked":"Combust","floor":1},{"not_picked":["Heavy Blade","Flex"],"picked":"Armaments","floor":2},{"not_picked":["Twin Strike","Wild Strike"],"picked":"Thunderclap","floor":5},{"not_picked":["Clash","Flame Barrier"],"picked":"Evolve","floor":6},{"not_picked":["Sentinel","Clash"],"picked":"Seeing Red","floor":12},{"not_picked":["Second Wind","Anger"],"picked":"Double Tap","floor":13},{"not_picked":["Entrench","True Grit"],"picked":"Pommel Strike","floor":14},{"not_picked":["Offering","Immolate"],"picked":"Juggernaut","floor":16},{"not_picked":["Twin Strike","Pommel Strike+1"],"picked":"Ghostly Armor","floor":18},{"not_picked":["Clash","Reckless Charge+1"],"picked":"Dropkick","floor":20},{"not_picked":["Heavy Blade","Twin Strike"],"picked":"Entrench+1","floor":22},{"not_picked":["Sword Boomerang","Perfected Strike"],"picked":"Pummel+1","floor":23},{"not_picked":["Wild Strike","Flex"],"picked":"Uppercut","floor":25},{"not_picked":["Burning Pact","Shrug It Off"],"picked":"Blood for Blood+1","floor":27},{"not_picked":["Bloodletting","Dual Wield"],"picked":"Offering","floor":32}],"player_experience":262618,"relics_obtained":[{"floor":6,"key":"PreservedInsect"},{"floor":9,"key":"Whetstone"},{"floor":13,"key":"Pen Nib"},{"floor":23,"key":"Tiny Chest"},{"floor":25,"key":"Ornamental Fan"},{"floor":26,"key":"Blood Vial"},{"floor":28,"key":"Bottled Flame"},{"floor":31,"key":"Dream Catcher"}],"event_choices":[{"damage_healed":0,"gold_gain":0,"cards_transformed":["Strike_R"],"player_choice":"Change","damage_taken":0,"max_hp_gain":0,"max_hp_loss":0,"event_name":"Living Wall","floor":3,"gold_loss":0,"cards_obtained":["Anger"]},{"cards_removed":["Shame"],"damage_healed":0,"gold_gain":0,"player_choice":"Card Removal","damage_taken":0,"max_hp_gain":0,"max_hp_loss":0,"event_name":"The Cleric","floor":4,"gold_loss":50},{"damage_healed":0,"gold_gain":75,"player_choice":"Gather Gold","damage_taken":11,"max_hp_gain":0,"max_hp_loss":0,"event_name":"World of Goop","floor":8,"gold_loss":0},{"damage_healed":0,"gold_gain":0,"player_choice":"Ignored","damage_taken":0,"max_hp_gain":0,"max_hp_loss":0,"event_name":"Ghosts","floor":19,"gold_loss":0},{"cards_removed":["Strike_R"],"damage_healed":0,"gold_gain":0,"player_choice":"Purged","damage_taken":0,"max_hp_gain":0,"max_hp_loss":0,"event_name":"Purifier","floor":21,"gold_loss":0}],"is_beta":false,"boss_relics":[{"not_picked":["Snecko Eye","Runic Dome"],"picked":"Runic Pyramid"}],"items_purged_floors":[],"is_endless":false,"potions_floor_spawned":[1,2,5,16,22,25,27],"killed_by":"Collector","ascension_level":3}