{"gold_per_floor":[117,117,67,78,28,53,53,88,88,98,111,145,160,188,188,291,291,310,321,231,244,169,202,212,224,224,224,46,46,65,97,97,195,195,213,213],"floor_reached":36,"playtime":2488,"items_purged":[],"score":482,"play_id":"c471c490-d2e4-464f-a1f4-941ad97814c9","local_time":"20190520225518","is_ascension_mode":true,"campfire_choices":[{"floor":15,"key":"REST"},{"floor":27,"key":"REST"},{"floor":29,"key":"REST"},{"floor":32,"key":"REST"}],"neow_cost":"NONE","seed_source_timestamp":349911149639670,"circlet_count":0,"master_deck":["Strike_R","Strike_R","Defend_R","Defend_R","Defend_R","Bash","Sentinel","Iron Wave","Dark Embrace","Shrug It Off","Burning Pact","Thunderclap+1","Body Slam+1","Dropkick+1","Cleave+1","Ghostly Armor","Barricade","Warcry+1","Infernal Blade+1","Flex+1","Iron Wave+1","True Grit+1","Iron Wave+1","Rampage+1","Searing Blow+1","Spot Weakness","Uppercut+1","Immolate+1","Wild Strike+1","Power Through","Reaper+1","Reckless Charge+1"],"relics":["Black Blood","NeowsBlessing","StoneCalendar","Question Card","Molten Egg 2","PreservedInsect","Dream Catcher","Busted Crown","Sundial","Ancient Tea Set","Omamori"],"potions_floor_usage":[11,13,16,16,19,21,23,23,30],"damage_taken":[{"damage":0,"enemies":"Jaw Worm","floor":1,"turns":1},{"damage":0,"enemies":"Small Slimes","floor":4,"turns":1},{"damage":0,"enemies":"Lagavulin","floor":6,"turns":1},{"damage":35,"enemies":"Gremlin Nob","floor":8,"turns":6},{"damage":1,"enemies":"Cultist","floor":10,"turns":4},{"damage":6,"enemies":"Exordium Wildlife","floor":11,"turns":4},{"damage":22,"enemies":"3 Sentries","floor":12,"turns":7},{"damage":8,"enemies":"Gremlin Gang","floor":13,"turns":3},{"damage":6,"enemies":"Gremlin Nob","floor":14,"turns":3},{"damage":37,"enemies":"Hexaghost","floor":16,"turns":8},{"damage":26,"enemies":"Spheric Guardian","floor":18,"turns":6},{"damage":22,"enemies":"3 Byrds","floor":19,"turns":6},{"damage":0,"enemies":"Snecko","floor":21,"turns":5},{"damage":26,"enemies":"Book of Stabbing","floor":23,"turns":4},{"damage":23,"enemies":"Centurion and Healer","floor":24,"turns":7},{"damage":0,"enemies":"3 Cultists","floor":25,"turns":4},{"damage":13,"enemies":"Sentry and Sphere","floor":30,"turns":5},{"damage":15,"enemies":"Gremlin Leader","floor":31,"turns":4},{"damage":62,"enemies":"Automaton","floor":33,"turns":12},{"damage":15,"enemies":"Orb Walker","floor":35,"turns":3},{"damage":93,"enemies":"2 Orb Walkers","floor":36,"turns":6}],"seed_played":"-5410138856360131062","potions_obtained":[{"floor":8,"key":"SpeedPotion"},{"floor":10,"key":"AttackPotion"},{"floor":13,"key":"PowerPotion"},{"floor":16,"key":"Poison Potion"},{"floor":18,"key":"SteroidPotion"},{"floor":19,"key":"Weak Potion"},{"floor":21,"key":"Strength Potion"},{"floor":24,"key":"Ancient Potion"},{"floor":25,"key":"AttackPotion"}],"is_trial":false,"path_per_floor":["M","?","?","M","$","E","?","E","T","M","M","E","M","E","R","B",null,"M","M","?","M","?","E","M","M","T","R","$","R","M","E","R","B",null,"M","?"],"character_chosen":"IRONCLAD","items_purchased":["Explosive Potion","Rampage+1","Searing Blow+1","Spot Weakness"],"campfire_rested":4,"item_purchase_floors":[5,28,28,28],"current_hp_per_floor":[80,80,80,80,80,80,80,51,51,56,56,40,38,38,62,31,80,60,44,44,50,50,30,13,19,19,43,43,67,60,51,75,19,80,75,0],"gold":213,"neow_bonus":"THREE_ENEMY_KILL","is_prod":false,"is_daily":false,"chose_seed":false,"campfire_upgraded":0,"win_rate":0,"timestamp":1558418118,"path_taken":["M","?","?","M","$","E","?","E","T","?","M","E","M","E","R","BOSS","M","M","?","?","?","E","M","M","T","R","?","R","M","E","R","BOSS","M","?"],"build_version":"2019-01-23","purchased_purges":0,"victory":false,"max_hp_per_floor":[80,80,80,80,80,80,80,80,80,80,80,80,80,80,80,80,80,80,80,80,80,80,80,80,80,80,80,80,80,80,80,80,80,80,80,80],"card_choices":[{"not_picked":["Clash","Armaments"],"picked":"Sentinel","floor":1},{"not_picked":["Hemokinesis","Carnage"],"picked":"Iron Wave","floor":4},{"not_picked":["Battle Trance","Entrench"],"picked":"Dark Embrace","floor":6},{"not_picked":["Carnage","Cleave"],"picked":"Burning Pact","floor":8},{"not_picked":["Flame Barrier","Pommel Strike+1","True Grit"],"picked":"Thunderclap+1","floor":10},{"not_picked":["Iron Wave+1","Wild Strike+1","Sword Boomerang+1"],"picked":"Body Slam+1","floor":11},{"not_picked":["Pommel Strike+1","Inflame","Shrug It Off"],"picked":"Dropkick+1","floor":12},{"not_picked":["Offering","Wild Strike+1","Bloodletting"],"picked":"Cleave+1","floor":13},{"not_picked":["Havoc","Wild Strike+1","Metallicize"],"picked":"Ghostly Armor","floor":14},{"not_picked":["Brutality","Exhume","Impervious"],"picked":"Barricade","floor":16},{"not_picked":["Perfected Strike+1"],"picked":"Warcry","floor":18},{"not_picked":["Wild Strike+1","Thunderclap+1"],"picked":"SKIP","floor":19},{"not_picked":["Body Slam+1"],"picked":"Infernal Blade+1","floor":21},{"not_picked":["Second Wind"],"picked":"Flex+1","floor":23},{"not_picked":["Sword Boomerang+1"],"picked":"Iron Wave+1","floor":24},{"not_picked":["Dual Wield"],"picked":"True Grit+1","floor":25},{"not_picked":["Sword Boomerang+1"],"picked":"Iron Wave+1","floor":27},{"not_picked":["Cleave+1"],"picked":"Uppercut+1","floor":29},{"not_picked":["Anger+1"],"picked":"Immolate+1","floor":30},{"not_picked":["Sword Boomerang+1"],"picked":"Wild Strike+1","floor":31},{"not_picked":["Bloodletting"],"picked":"Power Through","floor":32},{"not_picked":["Limit Break"],"picked":"Reaper+1","floor":33},{"not_picked":["Twin Strike+1"],"picked":"Reckless Charge+1","floor":35}],"player_experience":142090,"relics_obtained":[{"floor":6,"key":"StoneCalendar"},{"floor":8,"key":"Question Card"},{"floor":9,"key":"Molten Egg 2"},{"floor":12,"key":"PreservedInsect"},{"floor":14,"key":"Dream Catcher"},{"floor":23,"key":"Sundial"},{"floor":26,"key":"Ancient Tea Set"},{"floor":31,"key":"Omamori"}],"event_choices":[{"damage_healed":0,"gold_gain":0,"player_choice":"Ignored","damage_taken":0,"max_hp_gain":0,"max_hp_loss":0,"event_name":"Golden Wing","floor":2,"gold_loss":0},{"cards_removed":["Defend_R"],"damage_healed":0,"gold_gain":0,"player_choice":"Card Removal","damage_taken":0,"max_hp_gain":0,"max_hp_loss":0,"event_name":"The Cleric","floor":3,"gold_loss":50},{"damage_healed":0,"gold_gain":0,"cards_transformed":["Strike_R"],"player_choice":"Transformed","damage_taken":0,"max_hp_gain":0,"max_hp_loss":0,"event_name":"Transmorgrifier","floor":7,"gold_loss":0,"cards_obtained":["Shrug It Off"]},{"cards_removed":["Strike_R"],"damage_healed":0,"gold_gain":0,"player_choice":"Upgrade and Remove","damage_taken":0,"max_hp_gain":0,"max_hp_loss":0,"event_name":"Designer","floor":20,"gold_loss":90,"cards_upgraded":["Warcry"]},{"cards_removed":["Strike_R"],"damage_healed":0,"gold_gain":0,"player_choice":"Gave Gold","damage_taken":0,"max_hp_gain":0,"max_hp_loss":0,"event_name":"Beggar","floor":22,"gold_loss":75},{"damage_healed":0,"gold_gain":0,"player_choice":"Fight","damage_taken":0,"max_hp_gain":0,"max_hp_loss":0,"event_name":"Mysterious Sphere","floor":36,"gold_loss":0}],"is_beta":false,"boss_relics":[{"not_picked":["Coffee Dripper","Velvet Choker"],"picked":"Busted Crown"},{"not_picked":["Sozu","Lizard Tail"],"picked":"Black Blood"}],"items_purged_floors":[],"is_endless":false,"potions_floor_spawned":[8,10,13,16,18,19,21,24,25],"killed_by":"2 Orb Walkers","ascension_level":1}