{"gold_per_floor":[119,137,137,156,170,200,32,32,59,7,0,18,18,33,33,109,109,124,143,143,30,30,30,58,58,137,171,183,183,197,197,197,276,276,286,67,67,85,85,85,100,100,126,51,51,7,23,37,37,37],"floor_reached":50,"playtime":4030,"items_purged":["Strike_G"],"score":1006,"play_id":"9b48deea-0270-4887-9619-b856bc6657e3","local_time":"20190529171637","is_ascension_mode":true,"campfire_choices":[{"floor":13,"key":"REST"},{"floor":15,"key":"REST"},{"floor":23,"key":"REST"},{"floor":29,"key":"REST"},{"floor":32,"key":"REST"},{"data":"Well Laid Plans","floor":40,"key":"SMITH"},{"floor":42,"key":"REST"},{"floor":45,"key":"REST"},{"floor":49,"key":"REST"}],"neow_cost":"NONE","seed_source_timestamp":1199445179462156,"circlet_count":0,"master_deck":["AscendersBane","Defend_G","Defend_G","Defend_G","Defend_G","Defend_G","Strike_G+1","Strike_G","Strike_G","Survivor","Neutralize","PiercingWail","Crippling Poison","Dagger Throw","Slice+1","Poisoned Stab","Deadly Poison","Poisoned Stab","Corpse Explosion","Well Laid Plans+1","Leg Sweep","Quick Slash","Infinite Blades","Cloak And Dagger","Deadly Poison+1","Catalyst","Violence","Swift Strike","Trip","PiercingWail+1","Backstab","Calculated Gamble"],"relics":["Ring of the Snake","Bag of Marbles","Shuriken","Vajra","Gremlin Horn","Whetstone","Busted Crown","Pear","Blue Candle","Centennial Puzzle","Orrery","Medical Kit","Bronze Scales"],"potions_floor_usage":[6,16,27,33,38,41,50],"damage_taken":[{"damage":1,"enemies":"Cultist","floor":1,"turns":4},{"damage":9,"enemies":"Small Slimes","floor":2,"turns":3},{"damage":4,"enemies":"Jaw Worm","floor":4,"turns":6},{"damage":3,"enemies":"3 Louse","floor":5,"turns":3},{"damage":24,"enemies":"Gremlin Nob","floor":6,"turns":5},{"damage":5,"enemies":"Exordium Wildlife","floor":12,"turns":5},{"damage":4,"enemies":"Blue Slaver","floor":14,"turns":3},{"damage":12,"enemies":"Hexaghost","floor":16,"turns":7},{"damage":0,"enemies":"3 Byrds","floor":18,"turns":2},{"damage":10,"enemies":"Chosen","floor":19,"turns":4},{"damage":19,"enemies":"Colosseum Slavers","floor":20,"turns":2},{"damage":14,"enemies":"Book of Stabbing","floor":24,"turns":7},{"damage":0,"enemies":"Gremlin Leader","floor":27,"turns":5},{"damage":8,"enemies":"Shelled Parasite and Fungi","floor":28,"turns":5},{"damage":13,"enemies":"Sentry and Sphere","floor":30,"turns":5},{"damage":46,"enemies":"Champ","floor":33,"turns":11},{"damage":1,"enemies":"3 Shapes","floor":35,"turns":5},{"damage":9,"enemies":"3 Darklings","floor":38,"turns":4},{"damage":41,"enemies":"Transient","floor":41,"turns":6},{"damage":3,"enemies":"Maw","floor":47,"turns":6},{"damage":0,"enemies":"4 Shapes","floor":48,"turns":4},{"damage":76,"enemies":"Awakened One","floor":50,"turns":11}],"seed_played":"4358451659851665550","potions_obtained":[{"floor":1,"key":"Fire Potion"},{"floor":4,"key":"PowerPotion"},{"floor":6,"key":"Swift Potion"},{"floor":24,"key":"PowerPotion"},{"floor":30,"key":"Ancient Potion"},{"floor":33,"key":"Swift Potion"},{"floor":35,"key":"SkillPotion"},{"floor":41,"key":"GhostInAJar"},{"floor":47,"key":"SteroidPotion"}],"is_trial":false,"path_per_floor":["M","M","?","M","M","E","$","T","T","$","?","M","R","M","R","B",null,"M","M","?","$","?","R","E","$","T","E","M","R","M","?","R","B",null,"M","$","?","M","?","R","M","R","T","$","R","$","M","M","R","B"],"character_chosen":"THE_SILENT","items_purchased":["Vajra","Poisoned Stab","Well Laid Plans","Leg Sweep","Medical Kit","Calculated Gamble"],"campfire_rested":8,"item_purchase_floors":[7,10,21,21,36,46],"current_hp_per_floor":[58,49,49,45,42,18,18,18,18,18,18,13,32,28,47,35,58,58,48,29,29,11,32,28,28,28,28,20,44,31,31,55,9,63,62,62,52,43,43,43,2,25,25,25,48,48,45,45,68,0],"gold":37,"neow_bonus":"RANDOM_COMMON_RELIC","is_prod":false,"is_daily":false,"chose_seed":false,"campfire_upgraded":1,"win_rate":0,"timestamp":1559142997,"path_taken":["M","?","?","?","M","E","$","?","T","?","?","?","R","M","R","BOSS","M","M","?","$","?","R","E","$","T","E","M","R","M","?","R","BOSS","M","$","?","M","?","R","M","R","T","?","R","?","M","?","R","BOSS"],"build_version":"2019-01-23","purchased_purges":1,"victory":false,"max_hp_per_floor":[66,66,66,66,66,66,66,66,66,66,66,66,66,66,66,66,66,66,66,66,66,71,71,81,81,81,81,81,81,81,81,81,81,81,81,81,81,81,77,77,77,77,77,77,77,77,77,77,77,77],"card_choices":[{"not_picked":["Setup","Bane","Expertise"],"picked":"SKIP","floor":1},{"not_picked":["Setup","Acrobatics"],"picked":"PiercingWail","floor":2},{"not_picked":["Dagger Throw","Backflip"],"picked":"Crippling Poison","floor":4},{"not_picked":["Tools of the Trade","Prepared"],"picked":"Dagger Throw","floor":5},{"not_picked":["Quick Slash","Outmaneuver"],"picked":"Slice","floor":6},{"not_picked":["Quick Slash","Sucker Punch"],"picked":"Deadly Poison","floor":12},{"not_picked":["Bane","Backflip"],"picked":"Poisoned Stab","floor":14},{"not_picked":["Malaise","Burst"],"picked":"Corpse Explosion","floor":16},{"not_picked":["Bane"],"picked":"SKIP","floor":18},{"not_picked":["Distraction"],"picked":"SKIP","floor":19},{"not_picked":[],"picked":"Quick Slash","floor":24},{"not_picked":[],"picked":"Infinite Blades","floor":27},{"not_picked":["Dodge and Roll"],"picked":"SKIP","floor":28},{"not_picked":["Bane"],"picked":"SKIP","floor":30},{"not_picked":[],"picked":"Cloak And Dagger","floor":34},{"not_picked":[],"picked":"Deadly Poison+1","floor":34},{"not_picked":[],"picked":"Catalyst","floor":34},{"not_picked":["Underhanded Strike"],"picked":"SKIP","floor":35},{"not_picked":[],"picked":"Violence","floor":37},{"not_picked":[],"picked":"Swift Strike","floor":37},{"not_picked":[],"picked":"Trip","floor":37},{"not_picked":[],"picked":"PiercingWail+1","floor":38},{"not_picked":[],"picked":"Backstab","floor":41},{"not_picked":["Sucker Punch"],"picked":"SKIP","floor":47},{"not_picked":["Prepared"],"picked":"SKIP","floor":48}],"player_experience":699559,"relics_obtained":[{"floor":6,"key":"Shuriken"},{"floor":8,"key":"Gremlin Horn"},{"floor":9,"key":"Whetstone"},{"floor":24,"key":"Pear"},{"floor":26,"key":"Blue Candle"},{"floor":27,"key":"Centennial Puzzle"},{"floor":43,"key":"Bronze Scales"}],"event_choices":[{"cards_removed":["Strike_G"],"damage_healed":0,"gold_gain":0,"player_choice":"Offered Basic","damage_taken":0,"max_hp_gain":0,"max_hp_loss":0,"event_name":"Bonfire Elementals","floor":3,"gold_loss":0},{"damage_healed":0,"gold_gain":0,"player_choice":"Left Gold","damage_taken":0,"max_hp_gain":0,"max_hp_loss":0,"event_name":"World of Goop","floor":11,"gold_loss":7},{"damage_healed":0,"gold_gain":0,"player_choice":"Fight","damage_taken":0,"max_hp_gain":0,"max_hp_loss":0,"event_name":"Colosseum","floor":20,"gold_loss":0},{"damage_healed":0,"gold_gain":0,"player_choice":"Fled From Nobs","damage_taken":0,"max_hp_gain":0,"max_hp_loss":0,"event_name":"Colosseum","floor":20,"gold_loss":0},{"damage_healed":0,"gold_gain":0,"player_choice":"Shed Blood","damage_taken":23,"max_hp_gain":5,"max_hp_loss":0,"event_name":"Forgotten Altar","floor":22,"gold_loss":0},{"damage_healed":0,"gold_gain":0,"player_choice":"Ignored","damage_taken":0,"max_hp_gain":0,"max_hp_loss":0,"event_name":"Ghosts","floor":31,"gold_loss":0},{"damage_healed":0,"gold_gain":0,"player_choice":"Memory 3","damage_taken":10,"max_hp_gain":0,"max_hp_loss":0,"event_name":"SensoryStone","floor":37,"gold_loss":0},{"damage_healed":0,"gold_gain":0,"player_choice":"Max HP","damage_taken":0,"max_hp_gain":0,"max_hp_loss":4,"event_name":"Winding Halls","floor":39,"gold_loss":0}],"is_beta":false,"boss_relics":[{"not_picked":["Lizard Tail","Eternal Feather"],"picked":"Busted Crown"},{"not_picked":["Astrolabe","Philosopher\u0027s Stone"],"picked":"Orrery"}],"items_purged_floors":[44],"is_endless":false,"potions_floor_spawned":[1,4,6,24,30,33,35,41,47,48],"killed_by":"Awakened One","ascension_level":17}