{"gold_per_floor":[114,130,150,165,177,177,97,109,178,197,122,122,147,161,161,264,264,280,290,119,119,130,157,157,168,220,220,231,231,9,23,23,123,123,140,158,158,108,124,124,155,155,155,155,210,210,235,235],"floor_reached":48,"playtime":2976,"items_purged":["Strike_B","Storm","Defend_B","Strike_B"],"score":565,"play_id":"9013a0c3-be6b-4cc9-be9c-bd77ee58d134","local_time":"20190513234541","is_ascension_mode":true,"campfire_choices":[{"floor":6,"key":"REST"},{"floor":12,"key":"REST"},{"floor":15,"key":"REST"},{"floor":24,"key":"REST"},{"data":"Consume","floor":27,"key":"SMITH"},{"data":"Consume","floor":29,"key":"SMITH"},{"data":"Zap","floor":32,"key":"SMITH"},{"floor":40,"key":"REST"},{"data":"Hologram","floor":42,"key":"SMITH"},{"data":"Coolheaded","floor":44,"key":"SMITH"}],"neow_cost":"NONE","seed_source_timestamp":0,"circlet_count":0,"master_deck":["Defend_B","Defend_B","Defend_B","Zap+1","Dualcast","Coolheaded+1","Chaos","Coolheaded","Melter","Hologram+1","Scrape","Conserve Battery","Consume+1","Leap","Electrodynamics","Turbo+1","Coolheaded+1","Consume+1","Defragment+1","Tempest","Master of Strategy","Hologram+1","Machine Learning","Loop","Skim+1"],"relics":["Inserter","Singing Bowl","Centennial Puzzle","Empty Cage","Unceasing Top","Smiling Mask","Black Star","PreservedInsect","Strawberry","Mercury Hourglass","Nunchaku","Anchor","DataDisk"],"potions_floor_usage":[5,14,16,19,22,25,33,39,45],"damage_taken":[{"damage":1,"enemies":"Cultist","floor":1,"turns":4},{"damage":11,"enemies":"Jaw Worm","floor":2,"turns":5},{"damage":5,"enemies":"Small Slimes","floor":3,"turns":4},{"damage":16,"enemies":"3 Louse","floor":4,"turns":4},{"damage":25,"enemies":"Lots of Slimes","floor":5,"turns":8},{"damage":16,"enemies":"Blue Slaver","floor":8,"turns":4},{"damage":7,"enemies":"2 Fungi Beasts","floor":10,"turns":5},{"damage":18,"enemies":"3 Sentries","floor":13,"turns":8},{"damage":11,"enemies":"Large Slime","floor":14,"turns":6},{"damage":21,"enemies":"Slime Boss","floor":16,"turns":15},{"damage":12,"enemies":"Chosen","floor":18,"turns":7},{"damage":8,"enemies":"2 Thieves","floor":19,"turns":3},{"damage":6,"enemies":"Cultist and Chosen","floor":22,"turns":6},{"damage":40,"enemies":"Book of Stabbing","floor":23,"turns":10},{"damage":3,"enemies":"3 Cultists","floor":25,"turns":5},{"damage":4,"enemies":"Snecko","floor":28,"turns":6},{"damage":2,"enemies":"Snake Plant","floor":31,"turns":7},{"damage":41,"enemies":"Collector","floor":33,"turns":10},{"damage":12,"enemies":"3 Darklings","floor":35,"turns":7},{"damage":6,"enemies":"Orb Walker","floor":36,"turns":4},{"damage":31,"enemies":"4 Shapes","floor":39,"turns":4},{"damage":18,"enemies":"Nemesis","floor":41,"turns":15},{"damage":31,"enemies":"2 Orb Walkers","floor":45,"turns":4},{"damage":16,"enemies":"Reptomancer","floor":47,"turns":6},{"damage":6,"enemies":"Sphere and 2 Shapes","floor":48,"turns":2}],"seed_played":"6552133847248741755","potions_obtained":[{"floor":1,"key":"Ancient Potion"},{"floor":3,"key":"Weak Potion"},{"floor":4,"key":"Block Potion"},{"floor":13,"key":"Explosive Potion"},{"floor":18,"key":"SkillPotion"},{"floor":23,"key":"Regen Potion"},{"floor":28,"key":"SkillPotion"},{"floor":33,"key":"Energy Potion"},{"floor":35,"key":"Poison Potion"},{"floor":36,"key":"SteroidPotion"},{"floor":47,"key":"Ancient Potion"}],"is_trial":false,"path_per_floor":["M","M","M","M","M","R","$","M","T","M","$","R","E","M","R","B",null,"M","M","$","?","M","E","R","M","T","R","M","R","$","M","R","B",null,"M","M","?","$","M","R","E","R","T","R","?","?","E","M"],"character_chosen":"DEFECT","items_purchased":["Hologram","Scrape","Consume","Master of Strategy"],"campfire_rested":5,"item_purchase_floors":[7,7,20,30],"current_hp_per_floor":[74,63,58,42,17,39,39,23,23,16,16,38,22,11,34,13,77,65,57,57,57,53,13,36,47,47,47,45,45,45,43,43,2,81,69,65,65,65,34,58,49,49,49,49,20,20,6,0],"gold":235,"neow_bonus":"BOSS_RELIC","is_prod":false,"is_daily":false,"chose_seed":true,"campfire_upgraded":5,"win_rate":0,"timestamp":1557805541,"path_taken":["M","M","M","M","?","R","$","?","T","M","?","R","E","M","R","BOSS","M","M","$","?","M","E","R","M","T","R","?","R","$","M","R","BOSS","M","M","?","$","M","R","E","R","T","R","?","?","E","M"],"build_version":"2019-01-23","purchased_purges":4,"victory":false,"max_hp_per_floor":[75,75,75,75,75,75,75,75,75,75,75,75,77,77,77,77,77,77,77,77,77,79,79,79,79,79,79,81,81,81,81,81,81,81,81,83,83,83,83,83,92,92,92,92,94,94,96,96],"card_choices":[{"not_picked":["White Noise","Scrape"],"picked":"Coolheaded","floor":1},{"not_picked":["Barrage","Streamline"],"picked":"Storm","floor":2},{"not_picked":["Blizzard","White Noise"],"picked":"Chaos","floor":3},{"not_picked":["Ball Lightning","Steam"],"picked":"Coolheaded","floor":4},{"not_picked":["Leap","Beam Cell"],"picked":"Melter","floor":5},{"not_picked":["Leap","Hologram"],"picked":"Conserve Battery","floor":8},{"not_picked":["Capacitor","Leap"],"picked":"Consume","floor":10},{"not_picked":["Fission","Streamline","Creative AI"],"picked":"Singing Bowl","floor":13},{"not_picked":["Hello World","Beam Cell"],"picked":"Leap","floor":14},{"not_picked":["Biased Cognition","Machine Learning"],"picked":"Electrodynamics","floor":16},{"not_picked":["Sunder","Compile Driver"],"picked":"Turbo+1","floor":18},{"not_picked":["Go for the Eyes","Barrage"],"picked":"Coolheaded+1","floor":19},{"not_picked":["Lockon","Stack","Streamline"],"picked":"Singing Bowl","floor":22},{"not_picked":["Reprogram+1","Core Surge"],"picked":"Defragment+1","floor":23},{"not_picked":["Aggregate","Undo"],"picked":"Tempest","floor":25},{"not_picked":["Redo","Cold Snap","Chaos+1"],"picked":"Singing Bowl","floor":28},{"not_picked":["Scrape+1","White Noise"],"picked":"Hologram+1","floor":31},{"not_picked":["Fission","Creative AI"],"picked":"Machine Learning","floor":33},{"not_picked":["Cold Snap","Reprogram"],"picked":"Loop","floor":35},{"not_picked":["Turbo","Stack+1","Double Energy"],"picked":"Singing Bowl","floor":36},{"not_picked":["Stack+1","Redo+1"],"picked":"Skim+1","floor":39},{"not_picked":["Sweeping Beam","Tempest","Rebound+1"],"picked":"Singing Bowl","floor":41},{"not_picked":["Stack+1","FTL+1","Capacitor"],"picked":"Singing Bowl","floor":45},{"not_picked":["Rebound","Meteor Strike","Streamline+1"],"picked":"Singing Bowl","floor":47}],"player_experience":452009,"relics_obtained":[{"floor":9,"key":"Singing Bowl"},{"floor":13,"key":"Centennial Puzzle"},{"floor":23,"key":"Unceasing Top"},{"floor":26,"key":"Smiling Mask"},{"floor":41,"key":"PreservedInsect"},{"floor":41,"key":"Strawberry"},{"floor":43,"key":"Mercury Hourglass"},{"floor":45,"key":"Nunchaku"},{"floor":47,"key":"Anchor"},{"floor":47,"key":"DataDisk"}],"event_choices":[{"damage_healed":0,"gold_gain":0,"player_choice":"0 cards matched","damage_taken":0,"max_hp_gain":0,"max_hp_loss":0,"event_name":"Match and Keep!","floor":21,"gold_loss":0,"cards_obtained":[]},{"damage_healed":0,"gold_gain":0,"player_choice":"Ignored","damage_taken":0,"max_hp_gain":0,"max_hp_loss":0,"event_name":"Tomb of Lord Red Mask","floor":37,"gold_loss":0},{"damage_healed":0,"gold_gain":0,"player_choice":"Fight","damage_taken":0,"max_hp_gain":0,"max_hp_loss":0,"event_name":"Mysterious Sphere","floor":45,"gold_loss":0},{"damage_healed":0,"gold_gain":0,"player_choice":"Ignored","damage_taken":0,"max_hp_gain":0,"max_hp_loss":0,"event_name":"Transmorgrifier","floor":46,"gold_loss":0}],"is_beta":false,"boss_relics":[{"not_picked":["Orrery","Busted Crown"],"picked":"Empty Cage"},{"not_picked":["Runic Pyramid","Calling Bell"],"picked":"Black Star"}],"items_purged_floors":[11,20,30,38],"is_endless":false,"potions_floor_spawned":[1,3,4,13,18,23,28,33,35,36,47],"killed_by":"Sphere and 2 Shapes","ascension_level":1}