{"gold_per_floor":[111,31,31,55,73,111,126,170,170,170,190,190,206,219,219,342,342,357,88,88,88,109,109,109,128,128,171,32,32,50,50,50,178,178,202,222,0,13,113,113,156,156,181,214,547,559,559,572,572,572],"floor_reached":51,"playtime":11762,"items_purged":["Strike_G","Strike_G"],"score":712,"play_id":"b2d3a730-8a7f-4605-b022-4254aab6f965","local_time":"20180721172814","is_ascension_mode":false,"campfire_choices":[{"floor":10,"key":"REST"},{"data":"Backstab","floor":12,"key":"SMITH"},{"data":"Backstab","floor":15,"key":"SMITH"},{"data":"Apotheosis","floor":23,"key":"SMITH"},{"floor":32,"key":"REST"},{"data":"Footwork","floor":40,"key":"SMITH"},{"floor":42,"key":"REST"},{"data":"Footwork","floor":49,"key":"SMITH"}],"neow_cost":"NONE","seed_source_timestamp":365398866447301,"circlet_count":0,"master_deck":["Defend_G","Defend_G","Defend_G","Defend_G","Defend_G","Strike_G","Survivor","Neutralize","Backstab+1","Footwork+1","Noxious Fumes","Backstab+1","Malaise","Terror","Deadly Poison","Flying Knee","Sucker Punch","Adrenaline","Dodge and Roll+1","Apotheosis+1","Poisoned Stab","Footwork+1","Poisoned Stab","A Thousand Cuts","Footwork+1","Backflip","Tools of the Trade","Poisoned Stab","Caltrops+1","Caltrops"],"relics":["Ring of the Snake","Snake Skull","Ancient Tea Set","Bag of Preparation","Eternal Feather","Nilry\u0027s Codex","Vajra","Meat on the Bone","Black Star","Red Mask","Mercury Hourglass","Darkstone Periapt","Potion Belt","Pantograph","Molten Egg 2"],"potions_floor_usage":[22,27,27,33,36,36,38,50],"damage_taken":[{"damage":0,"enemies":"2 Louse","floor":1,"turns":3},{"damage":0,"enemies":"Cultist","floor":4,"turns":4},{"damage":0,"enemies":"Small Slimes","floor":5,"turns":3},{"damage":8,"enemies":"3 Sentries","floor":6,"turns":9},{"damage":0,"enemies":"Looter","floor":7,"turns":4},{"damage":4,"enemies":"Lagavulin","floor":8,"turns":8},{"damage":0,"enemies":"2 Fungi Beasts","floor":11,"turns":4},{"damage":0,"enemies":"Exordium Wildlife","floor":13,"turns":3},{"damage":0,"enemies":"Large Slime","floor":14,"turns":4},{"damage":8,"enemies":"Hexaghost","floor":16,"turns":8},{"damage":0,"enemies":"Chosen","floor":18,"turns":4},{"damage":0,"enemies":"3 Byrds","floor":22,"turns":6},{"damage":0,"enemies":"Cultist and Chosen","floor":25,"turns":6},{"damage":21,"enemies":"Book of Stabbing","floor":27,"turns":7},{"damage":22,"enemies":"Snecko","floor":30,"turns":5},{"damage":23,"enemies":"Champ","floor":33,"turns":11},{"damage":1,"enemies":"Orb Walker","floor":35,"turns":4},{"damage":0,"enemies":"3 Darklings","floor":36,"turns":6},{"damage":17,"enemies":"Transient","floor":38,"turns":5},{"damage":30,"enemies":"Nemesis","floor":41,"turns":5},{"damage":38,"enemies":"Giant Head","floor":44,"turns":9},{"damage":2,"enemies":"4 Shapes","floor":46,"turns":6},{"damage":4,"enemies":"Maw","floor":48,"turns":7},{"damage":42,"enemies":"Time Eater","floor":50,"turns":14}],"seed_played":"-2240028123708093198","potions_obtained":[{"floor":1,"key":"Swift Potion"},{"floor":6,"key":"SteroidPotion"},{"floor":8,"key":"SpeedPotion"},{"floor":25,"key":"PowerPotion"},{"floor":30,"key":"Explosive Potion"},{"floor":31,"key":"FairyPotion"},{"floor":33,"key":"EssenceOfSteel"},{"floor":35,"key":"GhostInAJar"},{"floor":36,"key":"SkillPotion"},{"floor":44,"key":"Dexterity Potion"}],"is_trial":false,"path_per_floor":["M","$","?","M","M","E","M","E","T","R","M","R","M","M","R","B",null,"M","$","?","?","M","R","?","M","T","E","$","?","M","?","R","B",null,"M","M","?","M","?","R","E","R","T","E","?","M","?","M","R","B"],"character_chosen":"THE_SILENT","items_purchased":["Footwork","Apotheosis","Footwork"],"campfire_rested":3,"item_purchase_floors":[2,19,28],"current_hp_per_floor":[70,70,53,53,53,45,45,41,41,62,62,62,62,62,62,54,70,70,70,70,54,54,66,66,66,66,45,45,45,35,35,70,47,70,69,69,69,52,52,67,37,70,70,44,44,42,42,38,56,40],"gold":572,"neow_bonus":"REMOVE_CARD","is_prod":false,"is_daily":false,"chose_seed":false,"campfire_upgraded":5,"win_rate":0,"timestamp":1532208494,"path_taken":["M","$","?","M","M","E","M","E","T","R","M","R","?","M","R","BOSS","M","$","?","?","M","R","?","M","T","E","?","?","?","?","R","BOSS","M","M","?","M","?","R","E","R","T","E","?","?","?","M","R","BOSS"],"build_version":"2018-07-19v2","purchased_purges":2,"victory":true,"max_hp_per_floor":[70,70,70,70,70,70,70,70,70,70,70,70,70,70,70,70,70,70,70,70,70,70,70,70,70,70,70,70,70,70,70,70,70,70,70,70,70,70,70,70,70,70,70,70,70,70,70,70,70,70],"card_choices":[{"not_picked":["Infinite Blades","All Out Attack"],"picked":"Backstab","floor":1},{"not_picked":["PiercingWail","Acrobatics"],"picked":"Noxious Fumes","floor":4},{"not_picked":["Acrobatics","Predator"],"picked":"Backstab","floor":5},{"not_picked":["Deflect","PiercingWail"],"picked":"Malaise","floor":6},{"not_picked":["PiercingWail","Outmaneuver","Slice"],"picked":"SKIP","floor":7},{"not_picked":["Dodge and Roll","Flechettes"],"picked":"Terror","floor":8},{"not_picked":["Tactician","Endless Agony"],"picked":"Deadly Poison","floor":11},{"not_picked":["Heel Hook","Sucker Punch"],"picked":"Flying Knee","floor":13},{"not_picked":["Acrobatics","Outmaneuver"],"picked":"Sucker Punch","floor":14},{"not_picked":["Unload","Burst"],"picked":"Adrenaline","floor":16},{"not_picked":["Tactician","Dagger Throw"],"picked":"Dodge and Roll+1","floor":18},{"not_picked":["Cloak And Dagger","Dagger Spray"],"picked":"Footwork+1","floor":22},{"not_picked":["Flying Knee","Dash+1"],"picked":"Poisoned Stab","floor":25},{"not_picked":["Predator","Cloak And Dagger"],"picked":"A Thousand Cuts","floor":27},{"not_picked":["Reflex","Flying Knee"],"picked":"Backflip","floor":30},{"not_picked":["Unload","Venomology"],"picked":"Tools of the Trade","floor":33},{"not_picked":["Expertise+1","Cloak And Dagger"],"picked":"Poisoned Stab","floor":35},{"not_picked":["Underhanded Strike","Flying Knee+1","Quick Slash"],"picked":"SKIP","floor":36},{"not_picked":["Dagger Throw+1","Flechettes+1","Skewer"],"picked":"SKIP","floor":38},{"not_picked":["Well Laid Plans","Dagger Spray"],"picked":"Caltrops+1","floor":41},{"not_picked":["Dagger Throw+1","Quick Slash+1","A Thousand Cuts"],"picked":"SKIP","floor":44},{"not_picked":["Sucker Punch+1","Dagger Spray+1","Accuracy+1"],"picked":"SKIP","floor":46},{"not_picked":["Deflect","Dagger Throw+1"],"picked":"Caltrops","floor":48}],"player_experience":229177,"relics_obtained":[{"floor":6,"key":"Snake Skull"},{"floor":8,"key":"Ancient Tea Set"},{"floor":9,"key":"Bag of Preparation"},{"floor":21,"key":"Nilry\u0027s Codex"},{"floor":26,"key":"Vajra"},{"floor":27,"key":"Meat on the Bone"},{"floor":41,"key":"Mercury Hourglass"},{"floor":41,"key":"Darkstone Periapt"},{"floor":43,"key":"Potion Belt"},{"floor":44,"key":"Pantograph"},{"floor":44,"key":"Molten Egg 2"}],"event_choices":[{"event_name":"Golden Idol","player_choice":"Take Damage","floor":3,"damage_taken":0},{"event_name":"The Library","player_choice":"Read","floor":20,"damage_taken":0},{"event_name":"Cursed Tome","player_choice":"Obtained Book","floor":21,"damage_taken":0},{"event_name":"Ghosts","player_choice":"Ignored","floor":24,"damage_taken":0},{"event_name":"Wheel of Change","player_choice":"Card Removal","floor":29,"damage_taken":0},{"event_name":"The Lab","player_choice":"Got Potions","floor":31,"damage_taken":0},{"event_name":"Tomb of Lord Red Mask","player_choice":"Paid","floor":37,"damage_taken":0},{"event_name":"Golden Shrine","player_choice":"Pray","floor":39,"damage_taken":0},{"event_name":"The Moai Head","player_choice":"Gave Idol","floor":45,"damage_taken":0},{"event_name":"SecretPortal","player_choice":"Rejected Portal.","floor":47,"damage_taken":0}],"is_beta":false,"boss_relics":[{"not_picked":["Fusion Hammer","Ectoplasm"],"picked":"Eternal Feather"},{"not_picked":["Astrolabe","Snecko Eye"],"picked":"Black Star"}],"items_purged_floors":[19,28],"is_endless":false,"potions_floor_spawned":[1,6,8,13,14,25,30,33,35,36,44],"ascension_level":0}