{"gold_per_floor":[109,34,34,52,52,52,52,52,75,104,122,122,139,154,154,254,254,271,290,183,194,17,17,17],"floor_reached":24,"playtime":1090,"items_purged":["Regret","Pain"],"score":270,"play_id":"79800a5d-e1a4-4a7b-87d0-8540955c55ba","local_time":"20180914210250","is_ascension_mode":true,"campfire_choices":[{"data":"Neutralize","floor":6,"key":"SMITH"},{"data":"Bouncing Flask","floor":8,"key":"SMITH"},{"floor":12,"key":"REST"},{"floor":15,"key":"REST"},{"floor":23,"key":"REST"}],"neow_cost":"CURSE","seed_source_timestamp":178730162025011,"circlet_count":0,"master_deck":["Defend_G","Defend_G","Defend_G","Defend_G","Defend_G","Strike_G","Strike_G","Strike_G","Strike_G","Survivor","Neutralize+1","Infinite Blades","Regret","Bouncing Flask+1","Deflect","Skewer","Infinite Blades","Noxious Fumes","Blur","Crippling Poison","Phantasmal Killer","PiercingWail","Dagger Spray","Accuracy","Dagger Spray"],"relics":["Ring of the Snake","Art of War","WarpedTongs","Dream Catcher","Odd Mushroom","Eternal Feather","Anchor"],"potions_floor_usage":[10,16,16,24],"damage_taken":[{"damage":2,"enemies":"2 Louse","floor":1,"turns":3},{"damage":3,"enemies":"Cultist","floor":4,"turns":4},{"damage":59,"enemies":"The Mushroom Lair","floor":10,"turns":6},{"damage":6,"enemies":"Jaw Worm","floor":11,"turns":3},{"damage":16,"enemies":"Large Slime","floor":13,"turns":7},{"damage":4,"enemies":"Exordium Thugs","floor":14,"turns":4},{"damage":20,"enemies":"The Guardian","floor":16,"turns":8},{"damage":22,"enemies":"Spheric Guardian","floor":18,"turns":4},{"damage":23,"enemies":"Chosen","floor":19,"turns":6},{"damage":18,"enemies":"Snecko","floor":21,"turns":5},{"damage":60,"enemies":"Book of Stabbing","floor":24,"turns":5}],"seed_played":"3001530570418734394","potions_obtained":[{"floor":1,"key":"Dexterity Potion"},{"floor":4,"key":"SkillPotion"}],"is_trial":false,"path_per_floor":["M","$","?","M","?","R","?","R","T","?","M","R","M","M","R","B",null,"M","M","?","M","$","R"],"character_chosen":"THE_SILENT","items_purchased":["Regen Potion"],"campfire_rested":3,"item_purchase_floors":[22],"current_hp_per_floor":[75,75,75,72,72,72,72,72,72,13,7,32,16,12,37,17,67,45,22,22,4,4,41,0],"gold":17,"neow_bonus":"TWENTY_PERCENT_HP_BONUS","is_prod":false,"is_daily":false,"chose_seed":false,"campfire_upgraded":2,"win_rate":0,"timestamp":1536973370,"path_taken":["M","$","?","M","?","R","?","R","T","?","?","R","M","M","R","BOSS","M","M","?","?","$","R","E"],"build_version":"2018-09-06","purchased_purges":2,"victory":false,"max_hp_per_floor":[84,84,84,84,84,84,84,84,84,84,84,84,84,84,84,84,84,84,84,84,84,84,84,84],"card_choices":[{"not_picked":["Outmaneuver","Choke"],"picked":"Infinite Blades","floor":1},{"not_picked":["Dagger Throw","Quick Slash"],"picked":"Bouncing Flask","floor":4},{"not_picked":["Sucker Punch","Dagger Throw"],"picked":"Deflect","floor":10},{"not_picked":["Deflect","Dagger Throw"],"picked":"Skewer","floor":11},{"not_picked":["Eviscerate","Expertise"],"picked":"Infinite Blades","floor":12},{"not_picked":["All Out Attack","Flying Knee"],"picked":"Noxious Fumes","floor":13},{"not_picked":["Calculated Gamble","Outmaneuver"],"picked":"Blur","floor":14},{"not_picked":["Caltrops","Poisoned Stab"],"picked":"Crippling Poison","floor":15},{"not_picked":["Night Terror","Wraith Form v2"],"picked":"Phantasmal Killer","floor":16},{"not_picked":["Dodge and Roll","Reflex"],"picked":"PiercingWail","floor":18},{"not_picked":["Heel Hook","Sucker Punch"],"picked":"Dagger Spray","floor":19},{"not_picked":["Tactician","Escape Plan"],"picked":"Accuracy","floor":21},{"not_picked":["PiercingWail","Flying Knee"],"picked":"Dagger Spray","floor":23}],"player_experience":197025,"relics_obtained":[{"floor":9,"key":"Dream Catcher"},{"floor":10,"key":"Odd Mushroom"}],"event_choices":[{"event_name":"Big Fish","player_choice":"Box","floor":3,"damage_taken":0},{"event_name":"Bonfire Elementals","player_choice":"BASIC","floor":5,"damage_taken":0},{"event_name":"Accursed Blacksmith","player_choice":"Rummage","floor":7,"damage_taken":0},{"event_name":"Mushrooms","player_choice":"Fought Mushrooms","floor":10,"damage_taken":0},{"event_name":"WeMeetAgain","player_choice":"Gold","floor":20,"damage_taken":0}],"is_beta":false,"boss_relics":[{"not_picked":["Pandora\u0027s Box","Runic Dome"],"picked":"Eternal Feather"}],"items_purged_floors":[2,22],"is_endless":false,"potions_floor_spawned":[1,4],"killed_by":"Book of Stabbing","ascension_level":9}