{"gold_per_floor":[109,59,59,59,72,102,102,129,129,149,163,190,57,68,68,144,144,160,160,171,189,208,208,227,259,282,282,282,312,312,325,325,400,400,420,435,80,80,80,114,114,149,149,196,207,39,52,77,77,77],"floor_reached":51,"playtime":7599,"items_purged":["Strike_G","Strike_G"],"score":1238,"play_id":"6e3218a7-74ea-4850-83c2-9b974a9e36f2","local_time":"20190430010221","is_ascension_mode":true,"campfire_choices":[{"floor":7.0,"key":"REST"},{"floor":15.0,"key":"REST"},{"floor":23,"key":"REST"},{"floor":27,"key":"REST"},{"floor":30,"key":"REST"},{"floor":32,"key":"REST"},{"floor":41,"key":"REST"},{"floor":49,"key":"REST"}],"neow_cost":"NONE","seed_source_timestamp":0,"circlet_count":0,"master_deck":["AscendersBane","Defend_G","Defend_G","Defend_G","Defend_G","Defend_G","Strike_G","Survivor","Neutralize+1","Backflip","Blade Dance+1","Leg Sweep","Bouncing Flask+1","Corpse Explosion+1","PiercingWail+1","Accuracy+1","Blade Dance+1","Cloak And Dagger+1","Blade Dance+1","Storm of Steel+1","Acrobatics+1","Envenom","Deadly Poison+1","Infinite Blades","Envenom","Caltrops","Cloak And Dagger+1","Malaise+1","Acrobatics+1","Footwork","Endless Agony"],"special_seed":0,"relics":["Ring of the Snake","Toxic Egg 2","Sundial","Ornamental Fan","MawBank","Philosopher\u0027s Stone","Mango","Bronze Scales","Centennial Puzzle","Fusion Hammer","Unceasing Top","Vajra","Pen Nib","Blood Vial","Torii","Anchor"],"potions_floor_usage":[22,33,33],"damage_taken":[{"damage":7.0,"enemies":"Jaw Worm","floor":1.0,"turns":6.0},{"damage":0.0,"enemies":"Small Slimes","floor":5.0,"turns":4.0},{"damage":47.0,"enemies":"Lagavulin","floor":6.0,"turns":10.0},{"damage":11.0,"enemies":"Gremlin Nob","floor":8.0,"turns":4.0},{"damage":0.0,"enemies":"2 Louse","floor":10.0,"turns":3.0},{"damage":1.0,"enemies":"Gremlin Gang","floor":11.0,"turns":3.0},{"damage":0.0,"enemies":"Lots of Slimes","floor":14.0,"turns":2.0},{"damage":11.0,"enemies":"The Guardian","floor":16.0,"turns":9.0},{"damage":0.0,"enemies":"Shell Parasite","floor":18.0,"turns":5.0},{"damage":21.0,"enemies":"2 Thieves","floor":20.0,"turns":4.0},{"damage":10.0,"enemies":"Snecko","floor":21.0,"turns":6.0},{"damage":0,"enemies":"Cultist and Chosen","floor":22,"turns":4},{"damage":0,"enemies":"Snake Plant","floor":24,"turns":4},{"damage":25,"enemies":"Gremlin Leader","floor":25,"turns":6},{"damage":28,"enemies":"Book of Stabbing","floor":29,"turns":4},{"damage":0,"enemies":"Snecko","floor":31,"turns":4},{"damage":21,"enemies":"Collector","floor":33,"turns":6},{"damage":5,"enemies":"3 Shapes","floor":35,"turns":3},{"damage":14,"enemies":"3 Darklings","floor":36,"turns":2},{"damage":9,"enemies":"Reptomancer","floor":40,"turns":4},{"damage":11,"enemies":"Giant Head","floor":42,"turns":6},{"damage":15,"enemies":"2 Orb Walkers","floor":44,"turns":2},{"damage":8,"enemies":"Spire Growth","floor":45,"turns":3},{"damage":7,"enemies":"Maw","floor":47,"turns":6},{"damage":10,"enemies":"Nemesis","floor":48,"turns":5},{"damage":26,"enemies":"Time Eater","floor":50,"turns":10}],"seed_played":"-6836205310801865819","potions_obtained":[{"floor":5.0,"key":"GhostInAJar"},{"floor":11.0,"key":"Strength Potion"},{"floor":16.0,"key":"Strength Potion"},{"floor":18.0,"key":"SteroidPotion"},{"floor":25,"key":"Energy Potion"},{"floor":36,"key":"Explosive Potion"},{"floor":40,"key":"Ancient Potion"}],"is_trial":false,"path_per_floor":["M","?","?","?","M","E","R","E","T","M","M","T","$","M","R","B",null,"M","?","M","M","M","R","M","E","T","R","?","E","R","M","R","B",null,"M","M","$","?","?","E","R","E","T","?","M","$","M","E","R","B",null],"character_chosen":"THE_SILENT","items_purchased":["Blade Dance+1","Cloak And Dagger+1","Cloak And Dagger+1","Unceasing Top","Footwork"],"campfire_rested":8,"item_purchase_floors":[13,13,37,37,46],"current_hp_per_floor":[56,56,56,56,56,9,30,19,19,19,18,18,18,18,39,28,60,60,60,39,29,29,50,50,39,39,64,48,20,46,46,72,51,80,75,61,61,61,61,52,77,66,66,53,47,47,42,34,59,35],"gold":77,"neow_bonus":"THREE_CARDS","is_prod":false,"is_daily":false,"chose_seed":false,"campfire_upgraded":0,"win_rate":0,"timestamp":1556578941,"path_taken":["M","?","?","?","?","E","R","E","T","M","?","?","$","M","R","BOSS","M","?","?","M","M","R","M","E","T","R","?","E","R","M","R","BOSS","M","M","$","?","?","E","R","E","T","?","M","$","M","E","R","BOSS"],"build_version":"2019-01-23","purchased_purges":2,"victory":true,"max_hp_per_floor":[70,70,70,70,70,70,70,70,70,70,70,70,70,70,70,70,70,70,70,70,70,70,70,70,84,84,84,89,89,89,89,89,89,89,89,89,89,89,85,85,85,85,85,85,85,85,85,85,85,85],"card_choices":[{"not_picked":["Eviscerate","Tactician"],"picked":"Backflip","floor":0.0},{"not_picked":["Slice","Outmaneuver"],"picked":"Blade Dance","floor":1.0},{"not_picked":["Dodge and Roll","Setup"],"picked":"Leg Sweep","floor":5.0},{"not_picked":["Dagger Throw","Predator"],"picked":"Bouncing Flask","floor":6.0},{"not_picked":["All Out Attack","Bane"],"picked":"Corpse Explosion+1","floor":8.0},{"not_picked":["Masterful Stab","Sucker Punch"],"picked":"PiercingWail+1","floor":10.0},{"not_picked":["Distraction+1","Quick Slash"],"picked":"Accuracy","floor":11.0},{"not_picked":["All Out Attack","Quick Slash"],"picked":"Blade Dance+1","floor":14.0},{"not_picked":["Wraith Form v2","Glass Knife"],"picked":"Storm of Steel+1","floor":16.0},{"not_picked":["Catalyst+1","Calculated Gamble+1","Quick Slash"],"picked":"SKIP","floor":18.0},{"not_picked":["Slice","Dagger Throw","Underhanded Strike+1"],"picked":"SKIP","floor":20.0},{"not_picked":["Heel Hook","Outmaneuver+1","Flechettes"],"picked":"SKIP","floor":21},{"not_picked":["Dagger Spray","Concentrate+1"],"picked":"Acrobatics+1","floor":22},{"not_picked":["Leg Sweep+1","Slice+1","Unload"],"picked":"SKIP","floor":24},{"not_picked":["Prepared+1","Slice"],"picked":"Envenom","floor":25},{"not_picked":["Setup+1","Masterful Stab"],"picked":"Deadly Poison+1","floor":29},{"not_picked":["Dash","Sucker Punch"],"picked":"Infinite Blades","floor":31},{"not_picked":["Glass Knife","Grand Finale"],"picked":"Envenom","floor":33},{"not_picked":["Deadly Poison+1","Dash+1","Sucker Punch"],"picked":"SKIP","floor":35},{"not_picked":["Leg Sweep+1","Setup+1"],"picked":"Caltrops","floor":36},{"not_picked":["Flying Knee","Quick Slash","Sucker Punch+1"],"picked":"SKIP","floor":40},{"not_picked":["Flying Knee","Quick Slash","Sucker Punch+1"],"picked":"SKIP","floor":40},{"not_picked":["Deadly Poison+1","Prepared+1"],"picked":"Malaise+1","floor":42},{"not_picked":["Poisoned Stab+1","Heel Hook+1"],"picked":"Acrobatics+1","floor":44},{"not_picked":["Well Laid Plans","Underhanded Strike","Expertise+1"],"picked":"SKIP","floor":45},{"not_picked":["Eviscerate+1","Deadly Poison+1"],"picked":"Endless Agony","floor":47},{"not_picked":["Deflect+1","Quick Slash+1","PiercingWail+1"],"picked":"SKIP","floor":48}],"player_experience":562793,"relics_obtained":[{"floor":6.0,"key":"Toxic Egg 2"},{"floor":8.0,"key":"Sundial"},{"floor":9.0,"key":"Ornamental Fan"},{"floor":12.0,"key":"MawBank"},{"floor":25,"key":"Mango"},{"floor":26,"key":"Bronze Scales"},{"floor":29,"key":"Centennial Puzzle"},{"floor":40,"key":"Vajra"},{"floor":42,"key":"Pen Nib"},{"floor":43,"key":"Blood Vial"},{"floor":44,"key":"Torii"},{"floor":48,"key":"Anchor"}],"event_choices":[{"cards_removed":["Strike_G"],"damage_healed":0.0,"max_hp_gain":0.0,"max_hp_loss":0.0,"gold_gain":0.0,"event_name":"The Cleric","player_choice":"Card Removal","floor":2.0,"gold_loss":50.0,"damage_taken":0.0},{"damage_healed":0.0,"max_hp_gain":0.0,"max_hp_loss":0.0,"gold_gain":0.0,"event_name":"Living Wall","player_choice":"Grow","floor":3.0,"gold_loss":0.0,"damage_taken":0.0,"cards_upgraded":["Neutralize"]},{"damage_healed":0.0,"max_hp_gain":0.0,"max_hp_loss":0.0,"gold_gain":0.0,"event_name":"Upgrade Shrine","player_choice":"Upgraded","floor":4.0,"gold_loss":0.0,"damage_taken":0.0,"cards_upgraded":["Blade Dance"]},{"damage_healed":0.0,"max_hp_gain":0.0,"max_hp_loss":0.0,"gold_gain":0.0,"event_name":"Upgrade Shrine","player_choice":"Upgraded","floor":19.0,"gold_loss":0.0,"damage_taken":0.0,"cards_upgraded":["Accuracy"]},{"damage_healed":0,"gold_gain":0,"player_choice":"Shed Blood","damage_taken":21,"max_hp_gain":5,"max_hp_loss":0,"event_name":"Forgotten Altar","floor":28,"gold_loss":0},{"cards_removed":["Strike_G"],"damage_healed":0,"gold_gain":0,"player_choice":"Removed Attack","damage_taken":0,"max_hp_gain":0,"max_hp_loss":0,"event_name":"Falling","floor":38,"gold_loss":0},{"damage_healed":0,"gold_gain":0,"player_choice":"Max HP","damage_taken":0,"max_hp_gain":0,"max_hp_loss":4,"event_name":"Winding Halls","floor":39,"gold_loss":0},{"damage_healed":0,"gold_gain":0,"player_choice":"Fight","damage_taken":0,"max_hp_gain":0,"max_hp_loss":0,"event_name":"Mysterious Sphere","floor":44,"gold_loss":0}],"is_beta":false,"boss_relics":[{"not_picked":["White Beast Statue","Ectoplasm"],"picked":"Philosopher\u0027s Stone"},{"not_picked":["Busted Crown","HoveringKite"],"picked":"Fusion Hammer"}],"items_purged_floors":[13,46],"is_endless":false,"potions_floor_spawned":[5,11,16,18,20,25,31,36,40,44,48],"ascension_level":13}