{"gold_per_floor":[119,132,132,149,161,161,188,200,239,251,275,287,312,344,356,470,482,508,533,559,405,420,420,431,431,431,431,492,492,492,502,502,502],"floor_reached":33,"playtime":2398,"items_purged":["Riddle With Holes"],"score":366,"play_id":"acaa7136-b5f2-4fa3-8d71-977493672444","local_time":"20190218112154","is_ascension_mode":true,"campfire_choices":[{"data":"Concentrate","floor":6,"key":"SMITH"},{"data":"Underhanded Strike","floor":10,"key":"SMITH"},{"data":"Underhanded Strike","floor":12,"key":"SMITH"},{"data":"Acrobatics","floor":15,"key":"SMITH"},{"floor":23,"key":"REST"},{"floor":25,"key":"REST"},{"data":"Neutralize","floor":27,"key":"SMITH"},{"floor":30,"key":"REST"},{"data":"Backflip","floor":32,"key":"SMITH"}],"neow_cost":"NONE","seed_source_timestamp":298556072552388,"circlet_count":0,"master_deck":["Defend_G","Defend_G","Defend_G","Defend_G","Defend_G","Strike_G","Strike_G","Survivor","Neutralize+1","Flying Knee","Backflip+1","Concentrate+1","Underhanded Strike+1","Underhanded Strike+1","Tools of the Trade","Acrobatics+1","After Image","Finesse","Prepared+1","Expertise","Backstab"],"relics":["Ring of the Snake","MawBank","Centennial Puzzle","Empty Cage","Ornamental Fan","Tiny Chest","Bottled Flame"],"potions_floor_usage":[7,16,22,28,28],"damage_taken":[{"damage":0,"enemies":"2 Louse","floor":1,"turns":4},{"damage":1,"enemies":"Cultist","floor":2,"turns":4},{"damage":4,"enemies":"Small Slimes","floor":4,"turns":3},{"damage":6,"enemies":"3 Louse","floor":5,"turns":5},{"damage":17,"enemies":"Gremlin Nob","floor":7,"turns":4},{"damage":1,"enemies":"Exordium Wildlife","floor":11,"turns":2},{"damage":1,"enemies":"Red Slaver","floor":13,"turns":2},{"damage":1,"enemies":"Exordium Thugs","floor":14,"turns":4},{"damage":31,"enemies":"Hexaghost","floor":16,"turns":14},{"damage":5,"enemies":"3 Byrds","floor":18,"turns":6},{"damage":16,"enemies":"Shell Parasite","floor":19,"turns":5},{"damage":14,"enemies":"Snake Plant","floor":20,"turns":6},{"damage":23,"enemies":"Cultist and Chosen","floor":22,"turns":10},{"damage":6,"enemies":"Snecko","floor":24,"turns":4},{"damage":23,"enemies":"Slavers","floor":28,"turns":11},{"damage":9,"enemies":"Snake Plant","floor":31,"turns":5},{"damage":63,"enemies":"Collector","floor":33,"turns":6}],"seed_played":"6549336273921832183","potions_obtained":[{"floor":2,"key":"Poison Potion"},{"floor":4,"key":"Dexterity Potion"},{"floor":11,"key":"PowerPotion"},{"floor":14,"key":"Explosive Potion"},{"floor":16,"key":"SteroidPotion"},{"floor":22,"key":"SpeedPotion"},{"floor":31,"key":"Poison Potion"}],"is_trial":false,"path_per_floor":["M","M","?","M","M","R","E","$","T","R","M","R","M","M","R","B",null,"M","M","M","$","M","R","M","R","T","R","E","T","R","M","R","B"],"character_chosen":"THE_SILENT","items_purchased":["Finesse"],"campfire_rested":3,"item_purchase_floors":[21],"current_hp_per_floor":[70,69,69,65,59,59,42,42,42,42,41,41,40,39,39,8,60,55,39,25,25,2,25,19,42,42,42,19,19,42,33,33,0],"gold":502,"neow_bonus":"TEN_PERCENT_HP_BONUS","is_prod":false,"is_daily":false,"chose_seed":false,"campfire_upgraded":6,"win_rate":0,"timestamp":1550506914,"path_taken":["M","M","?","M","M","R","E","$","T","R","M","R","M","M","R","BOSS","M","M","M","$","M","R","M","R","T","R","E","?","R","M","R","BOSS"],"build_version":"2019-01-23","purchased_purges":1,"victory":false,"max_hp_per_floor":[77,77,77,77,77,77,77,77,77,77,77,77,77,77,77,77,77,77,77,77,77,77,77,77,77,77,77,77,77,77,77,77,77],"card_choices":[{"not_picked":["Poisoned Stab","Distraction"],"picked":"Flying Knee","floor":1},{"not_picked":["Cloak And Dagger","Dodge and Roll"],"picked":"Riddle With Holes","floor":2},{"not_picked":["Deflect","Skewer"],"picked":"Backflip","floor":4},{"not_picked":["Quick Slash","Cloak And Dagger"],"picked":"Concentrate","floor":5},{"not_picked":["Dodge and Roll","Flechettes"],"picked":"Underhanded Strike","floor":7},{"not_picked":["Bane","Leg Sweep"],"picked":"Underhanded Strike","floor":11},{"not_picked":["Cloak And Dagger","Underhanded Strike"],"picked":"Tools of the Trade","floor":13},{"not_picked":["Outmaneuver","Crippling Poison"],"picked":"Acrobatics","floor":14},{"not_picked":["Venomology","Night Terror"],"picked":"After Image","floor":16},{"not_picked":["Riddle With Holes","All Out Attack+1","Backflip"],"picked":"SKIP","floor":18},{"not_picked":["Terror","Infinite Blades","Dash+1"],"picked":"SKIP","floor":19},{"not_picked":["Deadly Poison","Slice+1","Dagger Throw"],"picked":"SKIP","floor":20},{"not_picked":["Dodge and Roll+1","Slice"],"picked":"Prepared+1","floor":22},{"not_picked":["Quick Slash","Underhanded Strike+1"],"picked":"Expertise","floor":24},{"not_picked":["Wraith Form v2","Blade Dance"],"picked":"Backstab","floor":28},{"not_picked":["Dodge and Roll+1","Infinite Blades","Crippling Poison"],"picked":"SKIP","floor":31}],"player_experience":315382,"relics_obtained":[{"floor":7,"key":"MawBank"},{"floor":9,"key":"Centennial Puzzle"},{"floor":26,"key":"Ornamental Fan"},{"floor":28,"key":"Tiny Chest"},{"floor":29,"key":"Bottled Flame"}],"event_choices":[{"cards_removed":["Strike_G"],"damage_healed":0,"gold_gain":0,"player_choice":"Offered Basic","damage_taken":0,"max_hp_gain":0,"max_hp_loss":0,"event_name":"Bonfire Elementals","floor":3,"gold_loss":0}],"is_beta":false,"boss_relics":[{"not_picked":["Sozu","Fusion Hammer"],"picked":"Empty Cage"}],"items_purged_floors":[21],"is_endless":false,"potions_floor_spawned":[2,4,11,14,16,19,22,24,31],"killed_by":"Collector","ascension_level":7}