{"gold_per_floor":[111,123,137,137,151,176,191,207,207,207,221,255,255,287,287,392,392,407,419,439,452,402,402,31,62,87,106,118,118,49,49,49,146,146,160,173,273,198,198,198,226,226,226,226,258,158,158,175,175,175,175,175,2,34,34],"floor_reached":56,"playtime":6344,"items_purged":["Strike_G","Strike_G","Dagger Spray"],"score":1734,"play_id":"488cdc4e-5c09-4887-b8d1-457838737993","local_time":"20190220004119","is_ascension_mode":true,"campfire_choices":[{"floor":10.0,"key":"REST"},{"floor":13.0,"key":"REST"},{"floor":15.0,"key":"REST"},{"data":"Concentrate","floor":23,"key":"SMITH"},{"data":"Caltrops","floor":29,"key":"SMITH"},{"data":"Calculated Gamble","floor":32,"key":"SMITH"},{"data":"Storm of Steel","floor":40,"key":"SMITH"},{"floor":44,"key":"RECALL"},{"data":"Apotheosis","floor":47,"key":"SMITH"},{"data":"Strike_G","floor":49,"key":"PURGE"},{"data":"Strike_G","floor":52,"key":"PURGE"}],"neow_cost":"NONE","seed_source_timestamp":0,"circlet_count":0,"master_deck":["Defend_G","Defend_G","Defend_G","Defend_G","Defend_G","Survivor","Neutralize","Quick Slash","Escape Plan","Tools of the Trade","Concentrate+1","Acrobatics","Backflip","Unload","Expertise","Expertise+1","Eviscerate","Backflip","Caltrops+1","Calculated Gamble+1","Storm of Steel+1","Footwork+1","Acrobatics+1","Noxious Fumes+1","Apotheosis+1","Footwork","Underhanded Strike+1"],"special_seed":0,"relics":["Ring of the Snake","Tough Bandages","Mummified Hand","StoneCalendar","Bottled Flame","HoveringKite","Calipers","Blue Candle","PreservedInsect","White Beast Statue","Pocketwatch","Thread and Needle","Peace Pipe","Lantern"],"potions_floor_usage":[21,31,33,45,50,50,50,54,55],"damage_taken":[{"damage":2.0,"enemies":"Jaw Worm","floor":1.0,"turns":7.0},{"damage":3.0,"enemies":"Cultist","floor":2.0,"turns":4.0},{"damage":2.0,"enemies":"Small Slimes","floor":3.0,"turns":5.0},{"damage":0.0,"enemies":"Looter","floor":5.0,"turns":5.0},{"damage":35.0,"enemies":"Lagavulin","floor":6.0,"turns":9.0},{"damage":0.0,"enemies":"3 Louse","floor":7.0,"turns":4.0},{"damage":0.0,"enemies":"2 Fungi Beasts","floor":8.0,"turns":3.0},{"damage":0.0,"enemies":"Red Slaver","floor":11.0,"turns":4.0},{"damage":29.0,"enemies":"3 Sentries","floor":12.0,"turns":17.0},{"damage":35.0,"enemies":"Gremlin Nob","floor":14.0,"turns":6.0},{"damage":14,"enemies":"The Guardian","floor":16,"turns":20},{"damage":15,"enemies":"Spheric Guardian","floor":18,"turns":6},{"damage":0,"enemies":"2 Thieves","floor":19,"turns":4},{"damage":0,"enemies":"Centurion and Healer","floor":20,"turns":8},{"damage":3,"enemies":"Chosen and Byrds","floor":21,"turns":7},{"damage":14,"enemies":"Slavers","floor":25,"turns":7},{"damage":0,"enemies":"Shelled Parasite and Fungi","floor":27,"turns":3},{"damage":0,"enemies":"Centurion and Healer","floor":28,"turns":5},{"damage":0,"enemies":"Cultist and Chosen","floor":31,"turns":4},{"damage":21,"enemies":"Champ","floor":33,"turns":16},{"damage":0,"enemies":"Orb Walker","floor":35,"turns":3},{"damage":23,"enemies":"3 Shapes","floor":36,"turns":6},{"damage":0,"enemies":"Mind Bloom Boss Battle","floor":37,"turns":7},{"damage":0,"enemies":"Nemesis","floor":41,"turns":7},{"damage":0,"enemies":"Giant Head","floor":45,"turns":6},{"damage":0,"enemies":"Sphere and 2 Shapes","floor":48,"turns":5},{"damage":0,"enemies":"Awakened One","floor":50,"turns":15},{"damage":30,"enemies":"Shield and Spear","floor":54,"turns":6},{"damage":0,"enemies":"The Heart","floor":55,"turns":10}],"seed_played":"2513884230704387162","potions_obtained":[{"floor":2.0,"key":"Fire Potion"},{"floor":8.0,"key":"SmokeBomb"},{"floor":11.0,"key":"Ancient Potion"},{"floor":12.0,"key":"GamblersBrew"},{"floor":16,"key":"SneckoOil"},{"floor":27,"key":"GamblersBrew"},{"floor":35,"key":"Regen Potion"},{"floor":36,"key":"Block Potion"},{"floor":37,"key":"SkillPotion"},{"floor":45,"key":"LiquidBronze"},{"floor":48,"key":"Strength Potion"},{"floor":54,"key":"Weak Potion"}],"is_trial":false,"path_per_floor":["M","M","M","?","M","E","M","M","T","R","M","E","R","E","R","B",null,"M","M","M","M","?","R","$","E","T","M","M","R","$","M","R","B",null,"M","M","?","$","?","R","E","?","T","R","E","$","R","M","R","B",null,"R","$","E","B",null],"character_chosen":"THE_SILENT","items_purchased":["Calipers","Eviscerate","Calculated Gamble","Block Potion"],"campfire_rested":3,"item_purchase_floors":[24,24,30,53],"current_hp_per_floor":[68,65,63,63,63,28,28,28,28,51,51,22,45,10,33,19,63,48,48,48,45,45,45,45,31,31,31,31,31,31,31,31,10,60,60,37,37,37,37,37,37,37,37,37,52,52,52,52,52,52,71,71,71,41,41],"gold":34,"neow_bonus":"TEN_PERCENT_HP_BONUS","is_prod":false,"is_daily":false,"chose_seed":false,"campfire_upgraded":5,"win_rate":0,"timestamp":1550641279,"path_taken":["M","M","M","?","M","E","M","M","T","R","M","E","R","E","R","BOSS","M","M","M","M","?","R","$","E","T","M","?","R","$","M","R","BOSS","M","M","?","$","?","R","E","?","T","R","E","$","R","M","R","BOSS","R","$","E","BOSS"],"build_version":"2019-01-23","purchased_purges":3,"victory":true,"max_hp_per_floor":[77,77,77,77,77,77,77,77,77,77,77,77,77,77,77,77,77,77,77,77,77,77,77,77,77,77,77,77,77,77,77,77,77,77,77,77,77,77,77,77,77,77,77,77,77,77,77,77,77,77,77,77,77,77,77],"card_choices":[{"not_picked":["Flechettes","Underhanded Strike"],"picked":"Quick Slash","floor":1.0},{"not_picked":["Poisoned Stab","Terror"],"picked":"Dagger Spray","floor":2.0},{"not_picked":["Distraction","Outmaneuver"],"picked":"Escape Plan","floor":3.0},{"not_picked":["Deadly Poison","Flying Knee","Dodge and Roll"],"picked":"SKIP","floor":5.0},{"not_picked":["Quick Slash","Slice","Deadly Poison"],"picked":"SKIP","floor":6.0},{"not_picked":["Cloak And Dagger","Flying Knee"],"picked":"Tools of the Trade","floor":7.0},{"not_picked":["Poisoned Stab","Slice","Blade Dance"],"picked":"SKIP","floor":8.0},{"not_picked":["Dagger Spray","Sucker Punch"],"picked":"Concentrate","floor":11.0},{"not_picked":["Flying Knee","Quick Slash"],"picked":"Acrobatics","floor":12.0},{"not_picked":["Bane","Quick Slash"],"picked":"Backflip","floor":14.0},{"not_picked":["Die Die Die","Corpse Explosion"],"picked":"Unload","floor":16},{"not_picked":["All Out Attack","Deadly Poison"],"picked":"Expertise","floor":18},{"not_picked":["Poisoned Stab","Bane","Heel Hook"],"picked":"SKIP","floor":19},{"not_picked":["Accuracy","Sucker Punch+1"],"picked":"Expertise+1","floor":20},{"not_picked":["Dagger Throw","PiercingWail","Quick Slash"],"picked":"SKIP","floor":21},{"not_picked":["Dagger Spray","Dodge and Roll"],"picked":"Backflip","floor":25},{"not_picked":["Poisoned Stab+1","Prepared"],"picked":"Caltrops","floor":27},{"not_picked":["Deflect","Cloak And Dagger","Die Die Die"],"picked":"SKIP","floor":28},{"not_picked":["Unload","After Image"],"picked":"Storm of Steel","floor":33},{"not_picked":["Sucker Punch+1","Bouncing Flask+1","Quick Slash+1"],"picked":"SKIP","floor":35},{"not_picked":["Dodge and Roll","Backflip"],"picked":"Footwork+1","floor":36},{"not_picked":["Deadly Poison+1","Backflip+1"],"picked":"Acrobatics+1","floor":37},{"not_picked":["Deadly Poison+1","Burst"],"picked":"Noxious Fumes+1","floor":41},{"not_picked":["Forethought","Good Instincts"],"picked":"Apotheosis","floor":42},{"not_picked":["Bane","Backflip"],"picked":"Footwork","floor":45},{"not_picked":["Leg Sweep+1","Cloak And Dagger"],"picked":"Underhanded Strike+1","floor":48},{"not_picked":["Wraith Form v2","Leg Sweep","Blade Dance"],"picked":"SKIP","floor":54}],"player_experience":323504,"relics_obtained":[{"floor":6.0,"key":"Tough Bandages"},{"floor":9.0,"key":"Mummified Hand"},{"floor":12.0,"key":"StoneCalendar"},{"floor":14.0,"key":"Bottled Flame"},{"floor":25,"key":"Blue Candle"},{"floor":26,"key":"PreservedInsect"},{"floor":37,"key":"Pocketwatch"},{"floor":41,"key":"Thread and Needle"},{"floor":45,"key":"Peace Pipe"},{"floor":54,"key":"Lantern"}],"event_choices":[{"cards_removed":["Strike_G"],"damage_healed":0.0,"max_hp_gain":0.0,"max_hp_loss":0.0,"gold_gain":0.0,"event_name":"Bonfire Elementals","player_choice":"Offered Basic","floor":4.0,"gold_loss":0.0,"damage_taken":0.0},{"damage_healed":0,"gold_gain":0,"player_choice":"Bet on Murderer","damage_taken":0,"max_hp_gain":0,"max_hp_loss":0,"event_name":"The Joust","floor":22,"gold_loss":50},{"damage_healed":0,"gold_gain":0,"player_choice":"Fight","damage_taken":0,"max_hp_gain":0,"max_hp_loss":0,"event_name":"MindBloom","floor":37,"gold_loss":0},{"damage_healed":0,"gold_gain":0,"player_choice":"Ignored","damage_taken":0,"max_hp_gain":0,"max_hp_loss":0,"event_name":"The Moai Head","floor":39,"gold_loss":0},{"damage_healed":0,"gold_gain":0,"player_choice":"Memory 1","damage_taken":0,"max_hp_gain":0,"max_hp_loss":0,"event_name":"SensoryStone","floor":42,"gold_loss":0}],"is_beta":false,"boss_relics":[{"not_picked":["Calling Bell","Ring of the Serpent"],"picked":"HoveringKite"},{"not_picked":["Sozu","Lizard Tail"],"picked":"White Beast Statue"}],"items_purged_floors":[38,46,53],"is_endless":false,"potions_floor_spawned":[2,8,11,12,16,18,27,28,35,36,37,41,45,48,54],"ascension_level":7}