{"gold_per_floor":[118,138,138,138,151,151,170,170,196,196,196,213,267,75,75,172,222,233,173,23,23,42,42,1,1,1,1,32,32,52,71,71,166,166,185,232,232,103,119,149,149,149],"floor_reached":42,"playtime":2539,"items_purged":["Strike_G"],"score":731,"play_id":"7a243b1f-ba59-45b2-86e9-60227028879a","local_time":"20190613203818","is_ascension_mode":true,"campfire_choices":[{"floor":6.0,"key":"REST"},{"floor":10.0,"key":"REST"},{"floor":15.0,"key":"REST"},{"floor":23.0,"key":"REST"},{"floor":25.0,"key":"REST"},{"floor":29.0,"key":"REST"},{"floor":32.0,"key":"REST"},{"floor":41.0,"key":"REST"}],"neow_cost":"NONE","seed_source_timestamp":167439062401100,"circlet_count":0,"master_deck":["AscendersBane","Defend_G","Defend_G","Defend_G","Defend_G+1","Defend_G","Strike_G","Strike_G","Strike_G","Survivor","Neutralize","Heel Hook+1","Cloak And Dagger","All Out Attack+1","Deadly Poison","Cloak And Dagger","Catalyst","Bouncing Flask","All Out Attack","A Thousand Cuts","Acrobatics","Deflect","Sucker Punch","Catalyst+1","Bouncing Flask","Cloak And Dagger","Footwork+1","Deadly Poison","After Image+1","Bouncing Flask","Bandage Up","Dagger Spray","Infinite Blades+1","Deadly Poison+1"],"special_seed":0,"relics":["Ring of the Snake","Orichalcum","Ice Cream","PreservedInsect","Tiny House","Snake Skull","Frozen Egg 2","Centennial Puzzle","Sozu","Unceasing Top"],"potions_floor_usage":[],"damage_taken":[{"damage":0.0,"enemies":"2 Louse","floor":1.0,"turns":5.0},{"damage":1.0,"enemies":"Small Slimes","floor":2.0,"turns":4.0},{"damage":0.0,"enemies":"Cultist","floor":5.0,"turns":3.0},{"damage":5.0,"enemies":"Large Slime","floor":7.0,"turns":8.0},{"damage":1.0,"enemies":"Blue Slaver","floor":12.0,"turns":4.0},{"damage":48.0,"enemies":"Slime Boss","floor":16.0,"turns":14.0},{"damage":12.0,"enemies":"Chosen","floor":18.0,"turns":6.0},{"damage":25.0,"enemies":"2 Thieves","floor":19.0,"turns":4.0},{"damage":32.0,"enemies":"Centurion and Healer","floor":22.0,"turns":10.0},{"damage":10.0,"enemies":"Gremlin Leader","floor":28.0,"turns":6.0},{"damage":2.0,"enemies":"Snake Plant","floor":30.0,"turns":2.0},{"damage":7.0,"enemies":"Chosen and Byrds","floor":31.0,"turns":6.0},{"damage":58.0,"enemies":"Collector","floor":33.0,"turns":5.0},{"damage":4.0,"enemies":"Orb Walker","floor":35.0,"turns":3.0},{"damage":11.0,"enemies":"3 Shapes","floor":39.0,"turns":5.0},{"damage":24.0,"enemies":"Giant Head","floor":40.0,"turns":6.0},{"damage":64,"enemies":"Reptomancer","floor":42,"turns":2}],"seed_played":"3273085935008054286","potions_obtained":[{"floor":12.0,"key":"SkillPotion"},{"floor":16.0,"key":"FairyPotion"},{"floor":17.0,"key":"Dexterity Potion"},{"floor":18.0,"key":"GhostInAJar"},{"floor":28.0,"key":"SkillPotion"}],"is_trial":false,"path_per_floor":["M","M","?","?","M","R","M","?","T","R","?","M","?","$","R","B",null,"M","M","$","?","M","R","$","R","T","?","E","R","M","M","R","B",null,"M","T","?","$","M","E","R","E"],"character_chosen":"THE_SILENT","items_purchased":["Bouncing Flask","All Out Attack","Snake Skull","Bouncing Flask","Bandage Up","Dagger Spray"],"campfire_rested":8,"item_purchase_floors":[14,14,20,24,38,38],"current_hp_per_floor":[63,62,62,20,20,41,36,22,22,43,43,42,42,42,63,15,61,49,24,24,24,1,23,23,45,45,38,28,50,48,41,63,5,58,54,54,54,54,47,23,45,0],"gold":149,"neow_bonus":"TRANSFORM_CARD","is_prod":false,"is_daily":false,"chose_seed":false,"campfire_upgraded":0,"win_rate":0,"timestamp":1560472698,"path_taken":["M","M","?","?","M","R","M","?","T","R","?","?","?","$","R","BOSS","M","M","$","?","M","R","$","R","T","?","E","R","M","M","R","BOSS","M","?","?","$","M","E","R","E"],"build_version":"2019-01-23","purchased_purges":1,"victory":false,"max_hp_per_floor":[70,70,70,70,70,70,70,70,70,70,70,70,70,70,70,70,75,75,75,75,75,75,75,75,75,75,75,75,75,75,75,75,75,75,75,75,75,75,75,75,75,75],"card_choices":[{"not_picked":["Quick Slash","Setup"],"picked":"Cloak And Dagger","floor":1.0},{"not_picked":["Dodge and Roll","Dagger Spray"],"picked":"All Out Attack","floor":2.0},{"not_picked":["Quick Slash","Bane"],"picked":"Deadly Poison","floor":5.0},{"not_picked":["Skewer","Bane"],"picked":"Cloak And Dagger","floor":7.0},{"not_picked":["Acrobatics","Infinite Blades"],"picked":"Catalyst","floor":12.0},{"not_picked":["Venomology","Unload"],"picked":"A Thousand Cuts","floor":16.0},{"not_picked":["Eviscerate","Distraction"],"picked":"Acrobatics","floor":17.0},{"not_picked":["Calculated Gamble","Dodge and Roll"],"picked":"Deflect","floor":18.0},{"not_picked":["Deflect","Dodge and Roll"],"picked":"Sucker Punch","floor":19.0},{"not_picked":["Outmaneuver","Backflip"],"picked":"Catalyst+1","floor":22.0},{"not_picked":["Quick Slash","Slice"],"picked":"Cloak And Dagger","floor":28.0},{"not_picked":["Crippling Poison","Quick Slash"],"picked":"Footwork+1","floor":30.0},{"not_picked":["Bane","Prepared+1"],"picked":"Deadly Poison","floor":31.0},{"not_picked":["Corpse Explosion","Grand Finale"],"picked":"After Image+1","floor":33.0},{"not_picked":["Distraction+1","Deflect"],"picked":"Bouncing Flask","floor":35.0},{"not_picked":["Distraction","Skewer"],"picked":"Infinite Blades+1","floor":39.0},{"not_picked":["Poisoned Stab","Dagger Throw"],"picked":"Deadly Poison+1","floor":40.0}],"player_experience":306692,"relics_obtained":[{"floor":9.0,"key":"PreservedInsect"},{"floor":26.0,"key":"Frozen Egg 2"},{"floor":28.0,"key":"Centennial Puzzle"},{"floor":40.0,"key":"Unceasing Top"}],"event_choices":[{"damage_healed":0.0,"max_hp_gain":0.0,"max_hp_loss":0.0,"gold_gain":0.0,"event_name":"Big Fish","player_choice":"Box","floor":3.0,"gold_loss":0.0,"damage_taken":0.0,"relics_obtained":["Orichalcum"],"cards_obtained":["Regret"]},{"damage_healed":0.0,"max_hp_gain":0.0,"max_hp_loss":0.0,"gold_gain":0.0,"event_name":"Scrap Ooze","player_choice":"Success","floor":4.0,"gold_loss":0.0,"damage_taken":42.0,"relics_obtained":["Ice Cream"]},{"damage_healed":0.0,"max_hp_gain":0.0,"max_hp_loss":0.0,"gold_gain":0.0,"event_name":"Shining Light","player_choice":"Entered Light","floor":8.0,"gold_loss":0.0,"damage_taken":14.0,"cards_upgraded":["Defend_G","Heel Hook"]},{"cards_removed":["Regret"],"damage_healed":0.0,"max_hp_gain":0.0,"max_hp_loss":0.0,"gold_gain":0.0,"event_name":"Wheel of Change","player_choice":"Card Removal","floor":11.0,"gold_loss":0.0,"damage_taken":0.0},{"damage_healed":0.0,"max_hp_gain":0.0,"max_hp_loss":0.0,"gold_gain":54.0,"event_name":"Golden Wing","player_choice":"Gained Gold","floor":13.0,"gold_loss":0.0,"damage_taken":0.0},{"damage_healed":0.0,"max_hp_gain":0.0,"max_hp_loss":0.0,"gold_gain":0.0,"event_name":"Ghosts","player_choice":"Ignored","floor":21.0,"gold_loss":0.0,"damage_taken":0.0},{"damage_healed":0.0,"max_hp_gain":0.0,"max_hp_loss":0.0,"gold_gain":0.0,"event_name":"Knowing Skull","player_choice":"","floor":27.0,"potions_obtained":[],"gold_loss":0.0,"damage_taken":7.0,"cards_obtained":[]},{"damage_healed":0.0,"max_hp_gain":0.0,"max_hp_loss":0.0,"gold_gain":0.0,"event_name":"Lab","player_choice":"Got Potions","floor":37.0,"gold_loss":0.0,"damage_taken":0.0}],"is_beta":false,"boss_relics":[{"not_picked":["Velvet Choker","White Beast Statue"],"picked":"Tiny House"},{"not_picked":["Philosopher\u0027s Stone","Black Star"],"picked":"Sozu"}],"items_purged_floors":[14],"is_endless":false,"potions_floor_spawned":[12,16,18,28,39],"killed_by":"Reptomancer","ascension_level":12}