{"gold_per_floor":[209,284,284,300,300,300,317,346,346,346,185,335,353,40,40,112,112,128,148,148,73,86,86,117,117,193,221,231,231,231,256,256,330,330,348,35,48,48,48,48,48,79,79,96,96,109,128,140,140,140],"floor_reached":51,"playtime":4961,"items_purged":["Strike_G","Doubt","Strike_G"],"score":1229,"play_id":"0108fcaa-cde1-4c73-be22-5a7991817b68","local_time":"20190513122310","is_ascension_mode":true,"campfire_choices":[{"data":"Survivor","floor":6.0,"key":"SMITH"},{"data":"Well Laid Plans","floor":10.0,"key":"SMITH"},{"data":"Caltrops","floor":15.0,"key":"SMITH"},{"data":"Dash","floor":23.0,"key":"SMITH"},{"floor":25.0,"key":"REST"},{"floor":32.0,"key":"REST"},{"floor":40,"key":"REST"},{"floor":45,"key":"REST"},{"floor":49,"key":"REST"}],"neow_cost":"NONE","seed_source_timestamp":0,"circlet_count":0,"master_deck":["AscendersBane","Defend_G+1","Defend_G","Defend_G","Defend_G","Defend_G","Strike_G","Strike_G","Strike_G","Survivor+1","Neutralize+1","Slice","Caltrops+1","PiercingWail","After Image","Deadly Poison+1","Poisoned Stab","Dash+1","Infinite Blades","Bullet Time","Noxious Fumes+1","Deflect","Die Die Die","Backflip","Footwork+1","Acrobatics","Calculated Gamble","Caltrops+1","Malaise"],"special_seed":0,"relics":["Ring of the Snake","Strawberry","Bottled Flame","Lee\u0027s Waffle","Runic Pyramid","Potion Belt","Regal Pillow","Question Card","Frozen Egg 2","Nunchaku","Fusion Hammer","Orichalcum","Paper Crane"],"potions_floor_usage":[48],"damage_taken":[{"damage":0.0,"enemies":"Cultist","floor":1.0,"turns":4.0},{"damage":0.0,"enemies":"2 Louse","floor":4.0,"turns":4.0},{"damage":2.0,"enemies":"Small Slimes","floor":7.0,"turns":5.0},{"damage":15.0,"enemies":"3 Sentries","floor":8.0,"turns":14.0},{"damage":0.0,"enemies":"2 Fungi Beasts","floor":13.0,"turns":5.0},{"damage":78.0,"enemies":"Slime Boss","floor":16.0,"turns":21.0},{"damage":7.0,"enemies":"Chosen","floor":18.0,"turns":9.0},{"damage":0.0,"enemies":"Shell Parasite","floor":19.0,"turns":6.0},{"damage":15.0,"enemies":"3 Cultists","floor":22.0,"turns":7.0},{"damage":6.0,"enemies":"Book of Stabbing","floor":24.0,"turns":7.0},{"damage":13.0,"enemies":"Gremlin Leader","floor":27.0,"turns":10.0},{"damage":3.0,"enemies":"Snake Plant","floor":28.0,"turns":5.0},{"damage":35.0,"enemies":"Slavers","floor":31.0,"turns":6.0},{"damage":36.0,"enemies":"Automaton","floor":33.0,"turns":13.0},{"damage":17.0,"enemies":"Orb Walker","floor":35.0,"turns":5.0},{"damage":6.0,"enemies":"3 Shapes","floor":37.0,"turns":6.0},{"damage":33,"enemies":"Giant Head","floor":42,"turns":11},{"damage":10,"enemies":"Sphere and 2 Shapes","floor":44,"turns":5},{"damage":4,"enemies":"Spire Growth","floor":46,"turns":6},{"damage":21,"enemies":"4 Shapes","floor":47,"turns":5},{"damage":19,"enemies":"Jaw Worm Horde","floor":48,"turns":5},{"damage":10,"enemies":"Time Eater","floor":50,"turns":13}],"seed_played":"-8328991461501751966","potions_obtained":[{"floor":1.0,"key":"SkillPotion"},{"floor":8.0,"key":"Weak Potion"},{"floor":13.0,"key":"Strength Potion"},{"floor":16.0,"key":"LiquidBronze"},{"floor":19.0,"key":"Block Potion"},{"floor":24.0,"key":"SkillPotion"},{"floor":28.0,"key":"Regen Potion"},{"floor":42,"key":"AttackPotion"},{"floor":44,"key":"GhostInAJar"},{"floor":48,"key":"Weak Potion"}],"is_trial":false,"path_per_floor":["M","?","?","M","?","R","M","E","T","R","$","?","M","$","R","B",null,"M","M","?","?","M","R","E","R","T","E","M","?","?","E","R","B",null,"M","$","M","?","?","R","?","E","T","M","R","M","M","M","R","B",null],"character_chosen":"THE_SILENT","items_purchased":["Caltrops","Lee\u0027s Waffle","Footwork+1","Acrobatics","SteroidPotion"],"campfire_rested":5,"item_purchase_floors":[11,14,36,36,36],"current_hp_per_floor":[59,48,28,28,50,50,48,40,40,40,40,40,40,80,80,2,61,54,54,54,54,39,39,33,72,72,59,56,56,56,35,74,38,70,53,53,47,47,47,76,76,43,43,33,70,66,45,26,63,53],"gold":140,"neow_bonus":"HUNDRED_GOLD","is_prod":false,"is_daily":false,"chose_seed":false,"campfire_upgraded":4,"win_rate":0,"timestamp":1557742990,"path_taken":["M","?","?","M","?","R","M","E","T","R","$","?","M","$","R","BOSS","M","M","?","?","M","R","E","R","T","E","M","?","?","E","R","BOSS","M","$","M","?","?","R","?","E","T","M","R","M","M","?","R","BOSS"],"build_version":"2019-01-23","purchased_purges":3,"victory":true,"max_hp_per_floor":[66,66,66,66,66,66,66,73,73,73,73,73,73,80,80,80,80,80,80,80,80,80,80,80,80,80,80,80,80,80,80,80,80,80,80,80,80,76,76,76,76,76,76,76,76,76,76,76,76,76],"card_choices":[{"not_picked":["Caltrops","Flying Knee"],"picked":"Well Laid Plans","floor":1.0},{"not_picked":["Outmaneuver","Cloak And Dagger","Finisher"],"picked":"SKIP","floor":4.0},{"not_picked":["Outmaneuver","Cloak And Dagger","Finisher"],"picked":"SKIP","floor":4.0},{"not_picked":["Outmaneuver","Cloak And Dagger","Finisher"],"picked":"SKIP","floor":4.0},{"not_picked":["Accuracy","Infinite Blades"],"picked":"Slice","floor":7.0},{"not_picked":["Endless Agony","Slice","Outmaneuver"],"picked":"SKIP","floor":8.0},{"not_picked":["Prepared","Blur"],"picked":"PiercingWail","floor":13.0},{"not_picked":["Venomology","Bullet Time"],"picked":"After Image","floor":16.0},{"not_picked":["Acrobatics","Bouncing Flask"],"picked":"Deadly Poison+1","floor":18.0},{"not_picked":["Underhanded Strike","Outmaneuver"],"picked":"Poisoned Stab","floor":19.0},{"not_picked":["Underhanded Strike","Skewer"],"picked":"Dash","floor":22.0},{"not_picked":["PiercingWail","Escape Plan"],"picked":"Infinite Blades","floor":24.0},{"not_picked":["Leg Sweep","Dodge and Roll","Predator"],"picked":"Bullet Time","floor":27.0},{"not_picked":["Dagger Spray","Poisoned Stab","Sucker Punch"],"picked":"Noxious Fumes+1","floor":28.0},{"not_picked":["Prepared","Flying Knee","Slice","Reflex"],"picked":"SKIP","floor":31.0},{"not_picked":["Prepared","Flying Knee","Slice","Reflex"],"picked":"SKIP","floor":31.0},{"not_picked":["Burst","Bullet Time","Storm of Steel"],"picked":"Die Die Die","floor":33.0},{"not_picked":["Outmaneuver","Sucker Punch","Dagger Spray+1"],"picked":"Backflip","floor":35.0},{"not_picked":["Underhanded Strike","Slice+1","Prepared","Dagger Spray"],"picked":"SKIP","floor":37.0},{"not_picked":["Deflect","PiercingWail","Dodge and Roll"],"picked":"Calculated Gamble","floor":42},{"not_picked":["Slice","Heel Hook","Flechettes"],"picked":"Caltrops+1","floor":44},{"not_picked":["Caltrops+1","Blur+1","Dagger Spray+1"],"picked":"Malaise","floor":46},{"not_picked":["Dagger Throw","Acrobatics","Prepared","Deadly Poison"],"picked":"SKIP","floor":47},{"not_picked":["Accuracy+1","Bane","Masterful Stab+1","Skewer"],"picked":"SKIP","floor":48}],"player_experience":634584,"relics_obtained":[{"floor":8.0,"key":"Strawberry"},{"floor":9.0,"key":"Bottled Flame"},{"floor":24.0,"key":"Regal Pillow"},{"floor":26.0,"key":"Question Card"},{"floor":27.0,"key":"Frozen Egg 2"},{"floor":31.0,"key":"Nunchaku"},{"floor":42,"key":"Orichalcum"},{"floor":43,"key":"Paper Crane"}],"event_choices":[{"damage_healed":0.0,"max_hp_gain":0.0,"max_hp_loss":0.0,"gold_gain":75.0,"event_name":"World of Goop","player_choice":"Gather Gold","floor":2.0,"gold_loss":0.0,"damage_taken":11.0},{"damage_healed":0.0,"max_hp_gain":0.0,"max_hp_loss":0.0,"gold_gain":0.0,"event_name":"Shining Light","player_choice":"Entered Light","floor":3.0,"gold_loss":0.0,"damage_taken":20.0,"cards_upgraded":["Defend_G","Neutralize"]},{"damage_healed":22.0,"max_hp_gain":0.0,"max_hp_loss":0.0,"gold_gain":0.0,"event_name":"Big Fish","player_choice":"Banana","floor":5.0,"gold_loss":0.0,"damage_taken":0.0},{"damage_healed":0.0,"max_hp_gain":0.0,"max_hp_loss":0.0,"gold_gain":150.0,"event_name":"Liars Game","player_choice":"AGREE","floor":12.0,"gold_loss":0.0,"damage_taken":0.0,"cards_obtained":["Doubt"]},{"damage_healed":0.0,"max_hp_gain":0.0,"max_hp_loss":0.0,"gold_gain":0.0,"event_name":"The Mausoleum","player_choice":"Opened","floor":20.0,"gold_loss":0.0,"damage_taken":0.0,"relics_obtained":["Potion Belt"],"cards_obtained":["Writhe"]},{"cards_removed":["Writhe"],"damage_healed":0.0,"max_hp_gain":0.0,"max_hp_loss":0.0,"gold_gain":0.0,"event_name":"Beggar","player_choice":"Gave Gold","floor":21.0,"gold_loss":75.0,"damage_taken":0.0},{"damage_healed":0.0,"max_hp_gain":0.0,"max_hp_loss":0.0,"gold_gain":0.0,"event_name":"Vampires","player_choice":"Ignored","floor":29.0,"gold_loss":0.0,"damage_taken":0.0},{"damage_healed":0.0,"max_hp_gain":0.0,"max_hp_loss":0.0,"gold_gain":0.0,"event_name":"The Library","player_choice":"Read","floor":30.0,"gold_loss":0.0,"damage_taken":0.0,"cards_obtained":["Deflect"]},{"damage_healed":0.0,"max_hp_gain":0.0,"max_hp_loss":4.0,"gold_gain":0.0,"event_name":"Winding Halls","player_choice":"Max HP","floor":38.0,"gold_loss":0.0,"damage_taken":0.0},{"damage_healed":0,"gold_gain":0,"player_choice":"Ignored","damage_taken":0,"max_hp_gain":0,"max_hp_loss":0,"event_name":"Mysterious Sphere","floor":39,"gold_loss":0},{"cards_removed":["Well Laid Plans"],"damage_healed":0,"gold_gain":0,"player_choice":"Offered Uncommon","damage_taken":0,"max_hp_gain":0,"max_hp_loss":0,"event_name":"Bonfire Elementals","floor":41,"gold_loss":0}],"is_beta":false,"boss_relics":[{"not_picked":["Astrolabe","Cursed Key"],"picked":"Runic Pyramid"},{"not_picked":["Velvet Choker","WristBlade"],"picked":"Fusion Hammer"}],"items_purged_floors":[11,14,36],"is_endless":false,"potions_floor_spawned":[1,8,13,16,19,24,28,42,44,48],"ascension_level":16}