{"gold_per_floor":[117,133,208,208,208,208,231,256,256,256,269,269],"floor_reached":12,"playtime":703,"items_purged":[],"score":81,"play_id":"d9a7123f-eff8-49e5-8a82-56538ea5da74","local_time":"20180828132234","is_ascension_mode":true,"campfire_choices":[{"floor":6,"key":"REST"},{"floor":10,"key":"REST"}],"neow_cost":"PERCENT_DAMAGE","seed_source_timestamp":1151889651782348,"circlet_count":0,"master_deck":["Defend_G","Defend_G","Defend_G","Defend_G","Defend_G","Strike_G","Strike_G","Strike_G","Strike_G","Strike_G","Survivor","Neutralize","Envenom+1","Outmaneuver","Infinite Blades","Accuracy","Blade Dance","Bane"],"relics":["Ring of the Snake","Golden Idol","Ice Cream"],"potions_floor_usage":[12,12],"damage_taken":[{"damage":0,"enemies":"Small Slimes","floor":1,"turns":4},{"damage":1,"enemies":"2 Louse","floor":2,"turns":4},{"damage":0,"enemies":"Jaw Worm","floor":7,"turns":5},{"damage":14,"enemies":"Blue Slaver","floor":8,"turns":5},{"damage":18,"enemies":"3 Louse","floor":11,"turns":5},{"damage":34,"enemies":"3 Sentries","floor":12,"turns":4}],"seed_played":"-5517938772683562931","potions_obtained":[{"floor":7,"key":"Poison Potion"},{"floor":11,"key":"LiquidBronze"}],"is_trial":false,"path_per_floor":["M","M","?","?","?","R","M","M","T","R","M"],"character_chosen":"THE_SILENT","items_purchased":[],"campfire_rested":2,"item_purchase_floors":[],"current_hp_per_floor":[49,48,37,20,20,41,41,27,27,48,30,0],"gold":269,"neow_bonus":"THREE_RARE_CARDS","is_prod":false,"is_daily":false,"chose_seed":false,"campfire_upgraded":0,"win_rate":0,"timestamp":1535476954,"path_taken":["M","M","?","?","?","R","M","M","T","R","?","E"],"build_version":"2018-08-23v2","purchased_purges":0,"victory":false,"max_hp_per_floor":[70,70,70,70,70,70,70,70,70,70,70,70],"card_choices":[{"not_picked":["Malaise","Die Die Die"],"picked":"Envenom","floor":0},{"not_picked":["Predator","Deflect"],"picked":"Outmaneuver","floor":1},{"not_picked":["Backflip","PiercingWail"],"picked":"Infinite Blades","floor":2},{"not_picked":["Expertise","Escape Plan"],"picked":"Accuracy","floor":7},{"not_picked":["Sucker Punch","Flechettes"],"picked":"Blade Dance","floor":8},{"not_picked":["PiercingWail","Malaise"],"picked":"Bane","floor":11}],"player_experience":87400,"relics_obtained":[{"floor":9,"key":"Ice Cream"}],"event_choices":[{"event_name":"World of Goop","player_choice":"Gather Gold","floor":3,"damage_taken":0},{"event_name":"Golden Idol","player_choice":"Take Damage","floor":4,"damage_taken":0},{"event_name":"Living Wall","player_choice":"Grow","floor":5,"damage_taken":0}],"is_beta":false,"boss_relics":[],"items_purged_floors":[],"is_endless":false,"potions_floor_spawned":[7,11],"killed_by":"3 Sentries","ascension_level":3}