{"gold_per_floor":[210,225,225,244,260,260,294,313,313,344,344,39,39,55,55,154,154,174,199,213,233,253,253,287,287,311,311,311,311,345,177,177,272,272,282,308,358,373,392,421,421,449,522,253,270,270,9,0,0,0,0,0,0,25,25],"floor_reached":56,"playtime":10704,"items_purged":["Strike_B","Consume","Blizzard"],"score":1838,"play_id":"1330d230-abba-4919-a68c-496f84240e0b","local_time":"20190113202609","is_ascension_mode":true,"campfire_choices":[{"data":"White Noise","floor":6.0,"key":"SMITH"},{"floor":11.0,"key":"REST"},{"floor":13.0,"key":"REST"},{"data":"Apotheosis","floor":15.0,"key":"SMITH"},{"floor":23.0,"key":"REST"},{"data":"Zap","floor":25.0,"key":"SMITH"},{"data":"1","floor":32.0,"key":"LIFT"},{"data":"2","floor":41.0,"key":"LIFT"},{"floor":46.0,"key":"RECALL"},{"floor":49.0,"key":"REST"},{"data":"3","floor":52.0,"key":"LIFT"}],"neow_cost":"NONE","seed_source_timestamp":2754772681807282,"circlet_count":0,"master_deck":["Zap+1","Dualcast","Go for the Eyes+1","BootSequence","White Noise+1","Auto Shields","Conserve Battery","Apotheosis+1","Coolheaded","Cold Snap","Reboot","Doom and Gloom","Electrodynamics","Electrodynamics","Undo","Buffer","Conserve Battery","Defragment+1","Defragment+1","Skim+1","Defragment","Electrodynamics","Defragment","Hologram+1","Cold Snap+1","Glacier","Capacitor"],"special_seed":0,"relics":["Cracked Core","Whetstone","Vajra","Boot","Pandora\u0027s Box","PreservedInsect","Symbiotic Virus","Anchor","Girya","MawBank","Fusion Hammer","Mango","Mercury Hourglass","Bag of Preparation","Blue Candle","Centennial Puzzle","Bronze Scales","Red Mask","Art of War"],"potions_floor_usage":[55],"damage_taken":[{"damage":1.0,"enemies":"Cultist","floor":1.0,"turns":3.0},{"damage":4.0,"enemies":"2 Louse","floor":2.0,"turns":3.0},{"damage":2.0,"enemies":"Jaw Worm","floor":4.0,"turns":3.0},{"damage":10.0,"enemies":"Large Slime","floor":5.0,"turns":5.0},{"damage":19.0,"enemies":"Gremlin Nob","floor":7.0,"turns":4.0},{"damage":7.0,"enemies":"2 Fungi Beasts","floor":8.0,"turns":4.0},{"damage":20.0,"enemies":"3 Sentries","floor":10.0,"turns":9.0},{"damage":0.0,"enemies":"Red Slaver","floor":14.0,"turns":3.0},{"damage":9.0,"enemies":"Hexaghost","floor":16.0,"turns":10.0},{"damage":17.0,"enemies":"Spheric Guardian","floor":18.0,"turns":4.0},{"damage":0.0,"enemies":"3 Byrds","floor":20.0,"turns":2.0},{"damage":3.0,"enemies":"3 Cultists","floor":21.0,"turns":3.0},{"damage":0.0,"enemies":"Cultist and Chosen","floor":22.0,"turns":3.0},{"damage":0.0,"enemies":"Gremlin Leader","floor":24.0,"turns":5.0},{"damage":13.0,"enemies":"Book of Stabbing","floor":30.0,"turns":4.0},{"damage":0.0,"enemies":"Collector","floor":33.0,"turns":8.0},{"damage":0.0,"enemies":"Orb Walker","floor":35.0,"turns":3.0},{"damage":24.0,"enemies":"2 Orb Walkers","floor":37.0,"turns":5.0},{"damage":0.0,"enemies":"3 Darklings","floor":38.0,"turns":3.0},{"damage":0.0,"enemies":"Maw","floor":39.0,"turns":6.0},{"damage":0.0,"enemies":"Reptomancer","floor":40.0,"turns":4.0},{"damage":5.0,"enemies":"Nemesis","floor":42.0,"turns":3.0},{"damage":0.0,"enemies":"Spire Growth","floor":45.0,"turns":4.0},{"damage":0.0,"enemies":"Donu and Deca","floor":50.0,"turns":5.0},{"damage":24.0,"enemies":"Shield and Spear","floor":54.0,"turns":4.0},{"damage":62,"enemies":"The Heart","floor":55,"turns":13}],"seed_played":"3667597279225615605","potions_obtained":[{"floor":3.0,"key":"LiquidBronze"},{"floor":3.0,"key":"GamblersBrew"},{"floor":3.0,"key":"SteroidPotion"},{"floor":4.0,"key":"FearPotion"},{"floor":10.0,"key":"SteroidPotion"},{"floor":14.0,"key":"Explosive Potion"},{"floor":18.0,"key":"AttackPotion"},{"floor":22.0,"key":"AttackPotion"},{"floor":33.0,"key":"Explosive Potion"},{"floor":37.0,"key":"AttackPotion"},{"floor":40.0,"key":"Energy Potion"}],"is_trial":false,"path_per_floor":["M","M","?","M","M","R","E","M","T","E","R","$","R","M","R","B",null,"M","T","M","M","M","R","E","R","T","?","?","?","E","$","R","B",null,"M","T","?","M","M","E","R","E","T","$","M","R","$","?","R","B",null,"R","$","E","B",null],"character_chosen":"DEFECT","items_purchased":["Apotheosis","Coolheaded","Defragment","Centennial Puzzle","Bronze Scales","Glacier","Capacitor"],"campfire_rested":4,"item_purchase_floors":[12,12,31,44,47,47,47],"current_hp_per_floor":[67,63,63,61,51,51,32,25,25,5,27,27,49,49,49,40,66,49,49,49,46,46,68,68,68,68,68,68,68,55,55,55,55,70,70,70,60,60,60,60,60,55,55,55,55,55,55,55,81,81,87,87,87,63,1],"gold":25,"neow_bonus":"HUNDRED_GOLD","is_prod":false,"is_daily":false,"chose_seed":false,"campfire_upgraded":3,"win_rate":0,"timestamp":1547429169,"path_taken":["M","?","?","?","M","R","E","M","T","E","R","$","R","?","R","BOSS","M","?","M","M","M","R","E","R","T","?","?","?","E","$","R","BOSS","M","?","?","M","M","E","R","E","T","$","M","R","$","?","R","BOSS","R","$","E","BOSS"],"build_version":"2019-01-10","purchased_purges":3,"victory":true,"max_hp_per_floor":[75,75,75,75,75,75,75,75,75,75,75,75,75,75,75,75,75,75,75,75,75,75,75,75,75,75,75,75,75,75,75,75,75,75,75,75,89,89,89,89,89,89,89,89,89,89,89,89,89,89,89,89,89,89,89],"card_choices":[{"not_picked":["Ball Lightning","Redo"],"picked":"Go for the Eyes","floor":1.0},{"not_picked":["Heatsinks","Steam"],"picked":"BootSequence","floor":2.0},{"not_picked":["Double Energy","Leap"],"picked":"White Noise","floor":4.0},{"not_picked":["Static Discharge","Sweeping Beam"],"picked":"Auto Shields","floor":5.0},{"not_picked":["BootSequence","Turbo","Compile Driver"],"picked":"SKIP","floor":7.0},{"not_picked":["Turbo","Rainbow"],"picked":"Conserve Battery","floor":8.0},{"not_picked":["Stack","Barrage","Blizzard"],"picked":"SKIP","floor":10.0},{"not_picked":["Go for the Eyes","Streamline"],"picked":"Cold Snap","floor":14.0},{"not_picked":["Amplify","Multi-Cast"],"picked":"Reboot","floor":16.0},{"not_picked":["Sweeping Beam+1","Go for the Eyes","Stack"],"picked":"SKIP","floor":18.0},{"not_picked":["Fusion+1","Compile Driver","Reinforced Body"],"picked":"SKIP","floor":20.0},{"not_picked":["BootSequence","Beam Cell"],"picked":"Conserve Battery","floor":21.0},{"not_picked":["Compile Driver","Static Discharge","Chaos+1"],"picked":"SKIP","floor":22.0},{"not_picked":["Fission","Force Field"],"picked":"Defragment+1","floor":24.0},{"not_picked":["Sweeping Beam","Redo+1"],"picked":"Skim+1","floor":30.0},{"not_picked":["Reboot","Thunder Strike"],"picked":"Electrodynamics","floor":33.0},{"not_picked":["Stack+1","Sweeping Beam+1"],"picked":"Defragment","floor":35.0},{"not_picked":["Steam Power+1","Conserve Battery+1"],"picked":"Hologram+1","floor":38.0},{"not_picked":["Genetic Algorithm","Steam Power+1"],"picked":"Cold Snap+1","floor":39.0},{"not_picked":["Doom and Gloom","Gash+1","Hello World"],"picked":"SKIP","floor":40.0},{"not_picked":["Rebound+1","Barrage","Leap"],"picked":"SKIP","floor":42.0},{"not_picked":["Sunder","Conserve Battery","Ball Lightning"],"picked":"SKIP","floor":45.0},{"not_picked":["Electrodynamics","Ball Lightning","Consume+1"],"picked":"SKIP","floor":54.0}],"player_experience":689010,"relics_obtained":[{"floor":7.0,"key":"Whetstone"},{"floor":9.0,"key":"Vajra"},{"floor":10.0,"key":"Boot"},{"floor":19.0,"key":"PreservedInsect"},{"floor":24.0,"key":"Symbiotic Virus"},{"floor":26.0,"key":"Anchor"},{"floor":30.0,"key":"MawBank"},{"floor":37.0,"key":"Mango"},{"floor":40.0,"key":"Mercury Hourglass"},{"floor":42.0,"key":"Bag of Preparation"},{"floor":43.0,"key":"Blue Candle"},{"floor":54.0,"key":"Art of War"}],"event_choices":[{"damage_healed":0.0,"max_hp_gain":0.0,"max_hp_loss":0.0,"gold_gain":0.0,"event_name":"Lab","player_choice":"Got Potions","floor":3.0,"gold_loss":0.0,"damage_taken":0.0},{"damage_healed":0.0,"max_hp_gain":0.0,"max_hp_loss":0.0,"gold_gain":0.0,"event_name":"Ghosts","player_choice":"Ignored","floor":27.0,"gold_loss":0.0,"damage_taken":0.0},{"damage_healed":0.0,"max_hp_gain":0.0,"max_hp_loss":0.0,"gold_gain":0.0,"event_name":"The Mausoleum","player_choice":"Opened","floor":28.0,"gold_loss":0.0,"damage_taken":0.0,"relics_obtained":["Girya"]},{"damage_healed":0.0,"max_hp_gain":0.0,"max_hp_loss":0.0,"gold_gain":0.0,"event_name":"Duplicator","player_choice":"Copied","floor":29.0,"gold_loss":0.0,"damage_taken":0.0,"cards_obtained":["Defragment"]},{"damage_healed":0.0,"max_hp_gain":0.0,"max_hp_loss":0.0,"gold_gain":0.0,"event_name":"Mysterious Sphere","player_choice":"Fight","floor":37.0,"gold_loss":0.0,"damage_taken":0.0},{"damage_healed":0.0,"max_hp_gain":0.0,"max_hp_loss":0.0,"gold_gain":0.0,"event_name":"Tomb of Lord Red Mask","player_choice":"Paid","floor":48.0,"gold_loss":9.0,"damage_taken":0.0,"relics_obtained":["Red Mask"]}],"is_beta":false,"boss_relics":[{"not_picked":["Empty Cage","Runic Pyramid"],"picked":"Pandora\u0027s Box"},{"not_picked":["FrozenCore","Busted Crown"],"picked":"Fusion Hammer"}],"items_purged_floors":[12,31,44],"is_endless":false,"potions_floor_spawned":[4,5,10,14,18,22,33,37,40],"ascension_level":9}