{"gold_per_floor":[365,365,382,396,410,410,4,30,30,55,55,55,71,71,71,71],"floor_reached":16,"playtime":607,"items_purged":[],"score":198,"play_id":"70258b4e-522e-48bf-b45e-dc065c7e8f42","local_time":"20190503003447","is_ascension_mode":true,"campfire_choices":[{"floor":6,"key":"REST"},{"data":"Perfected Strike","floor":11,"key":"SMITH"},{"floor":15,"key":"REST"}],"neow_cost":"PERCENT_DAMAGE","seed_source_timestamp":4413367726400,"circlet_count":0,"master_deck":["AscendersBane","Strike_R","Strike_R+1","Strike_R","Strike_R","Strike_R","Defend_R","Defend_R","Defend_R","Defend_R","Bash+1","Clothesline+1","Perfected Strike","Perfected Strike+1","Feel No Pain","Shrug It Off","Jack Of All Trades","Reaper","Shrug It Off"],"relics":["Burning Blood","Art of War","Regal Pillow","Whetstone","Matryoshka"],"potions_floor_usage":[10,10],"damage_taken":[{"damage":10,"enemies":"2 Louse","floor":1,"turns":3},{"damage":1,"enemies":"Cultist","floor":3,"turns":3},{"damage":8,"enemies":"Small Slimes","floor":4,"turns":5},{"damage":36,"enemies":"Exordium Thugs","floor":5,"turns":5},{"damage":24,"enemies":"Lagavulin","floor":8,"turns":6},{"damage":8,"enemies":"Gremlin Nob","floor":10,"turns":3},{"damage":12,"enemies":"3 Louse","floor":13,"turns":4},{"damage":60,"enemies":"Hexaghost","floor":16,"turns":11}],"seed_played":"-3717808870191136441","potions_obtained":[{"floor":3,"key":"EssenceOfSteel"},{"floor":4,"key":"Weak Potion"}],"is_trial":false,"path_per_floor":["M","?","M","M","M","R","$","E","T","E","R","?","M","$","R","B"],"character_chosen":"IRONCLAD","items_purchased":["Feel No Pain","Art of War","Shrug It Off","Jack Of All Trades"],"campfire_rested":2,"item_purchase_floors":[7,7,7,7],"current_hp_per_floor":[46,46,51,49,19,41,41,23,23,21,21,21,15,15,52,0],"gold":71,"neow_bonus":"TWO_FIFTY_GOLD","is_prod":false,"is_daily":false,"chose_seed":false,"campfire_upgraded":1,"win_rate":0,"timestamp":1556858087,"path_taken":["M","?","M","M","M","R","$","E","T","E","R","?","M","$","R","BOSS"],"build_version":"2019-01-23","purchased_purges":0,"victory":false,"max_hp_per_floor":[75,75,75,75,75,75,75,75,75,75,75,75,75,75,75,75],"card_choices":[{"not_picked":["Thunderclap","Wild Strike","Clash"],"picked":"SKIP","floor":1},{"not_picked":["Evolve","Clash"],"picked":"Clothesline","floor":3},{"not_picked":["Rupture","Searing Blow"],"picked":"Perfected Strike","floor":4},{"not_picked":["Clothesline","Fire Breathing"],"picked":"Perfected Strike","floor":5},{"not_picked":["Sentinel","Power Through","Heavy Blade"],"picked":"SKIP","floor":8},{"not_picked":["Clash","Exhume","Rampage"],"picked":"SKIP","floor":10},{"not_picked":["Pommel Strike","Heavy Blade"],"picked":"Shrug It Off","floor":13}],"player_experience":417733,"relics_obtained":[{"floor":8,"key":"Regal Pillow"},{"floor":9,"key":"Whetstone"},{"floor":10,"key":"Matryoshka"}],"event_choices":[{"damage_healed":0,"gold_gain":0,"player_choice":"Grow","damage_taken":0,"max_hp_gain":0,"max_hp_loss":0,"event_name":"Living Wall","floor":2,"gold_loss":0,"cards_upgraded":["Bash"]},{"damage_healed":0,"gold_gain":0,"player_choice":"1 cards matched","damage_taken":0,"max_hp_gain":0,"max_hp_loss":0,"event_name":"Match and Keep!","floor":12,"gold_loss":0,"cards_obtained":["Reaper"]}],"is_beta":false,"boss_relics":[],"items_purged_floors":[],"is_endless":false,"potions_floor_spawned":[3,4,8],"killed_by":"Hexaghost","ascension_level":16}