{"gold_per_floor":[110,128,139,158,176,176,204,221,221,197,197,197,208,227,227,302,302,315,315,332,332,348,348,187,187,187,213,240,271,271,285,285,359,359,376,230,230,230,245,245,274,35,35,53,53,53,69,69,69,69,69],"floor_reached":52,"playtime":2681,"items_purged":["Strike_B","Strike_B"],"score":1873,"play_id":"1aa9fd9d-31c9-40ea-bb43-c2ebc5396944","local_time":"20181014083713","is_ascension_mode":true,"campfire_choices":[{"data":"Sunder","floor":6.0,"key":"SMITH"},{"data":"Heatsinks","floor":11.0,"key":"SMITH"},{"data":"Loop","floor":15.0,"key":"SMITH"},{"data":"Storm","floor":23.0,"key":"SMITH"},{"data":"Amplify","floor":25.0,"key":"SMITH"},{"data":"Storm","floor":30,"key":"SMITH"},{"data":"Loop","floor":32,"key":"SMITH"},{"data":"Static Discharge","floor":40,"key":"SMITH"},{"data":"Hologram","floor":46,"key":"SMITH"},{"data":"Loop","floor":49,"key":"SMITH"}],"neow_cost":"NONE","seed_source_timestamp":0,"circlet_count":0,"master_deck":["Strike_B","Strike_B","Defend_B","Defend_B","Defend_B","Defend_B","Zap+1","Dualcast","AscendersBane","Ball Lightning","Conserve Battery","Heatsinks+1","Sunder+1","Cold Snap","Amplify+1","BootSequence","Loop+1","Static Discharge+1","Creative AI","Storm+1","Ghostly","Ghostly","Ghostly","Ghostly","Ghostly","Loop+1","Storm+1","Seek","Loop+1","Master of Strategy","Hologram+1","Storm+1"],"special_seed":0,"relics":["Cracked Core","Bird Faced Urn","Bottled Tornado","Mummified Hand","Snecko Eye","Turnip","Omamori","Bronze Scales","Sundial","Philosopher\u0027s Stone","Pocketwatch","Bag of Marbles","DollysMirror","Meat on the Bone"],"potions_floor_usage":[33,51],"damage_taken":[{"damage":0.0,"enemies":"Cultist","floor":1.0,"turns":3.0},{"damage":0.0,"enemies":"Small Slimes","floor":2.0,"turns":3.0},{"damage":5.0,"enemies":"2 Louse","floor":3.0,"turns":2.0},{"damage":6.0,"enemies":"Looter","floor":4.0,"turns":3.0},{"damage":0.0,"enemies":"2 Fungi Beasts","floor":5.0,"turns":3.0},{"damage":9.0,"enemies":"3 Sentries","floor":7.0,"turns":5.0},{"damage":15.0,"enemies":"Large Slime","floor":8.0,"turns":5.0},{"damage":11.0,"enemies":"Exordium Thugs","floor":10.0,"turns":4.0},{"damage":0.0,"enemies":"Exordium Wildlife","floor":13.0,"turns":2.0},{"damage":4.0,"enemies":"Looter","floor":14.0,"turns":3.0},{"damage":17.0,"enemies":"Hexaghost","floor":16.0,"turns":8.0},{"damage":0.0,"enemies":"Chosen","floor":18.0,"turns":5.0},{"damage":9.0,"enemies":"Spheric Guardian","floor":20.0,"turns":4.0},{"damage":0.0,"enemies":"Cultist and Chosen","floor":22.0,"turns":5.0},{"damage":5,"enemies":"Gremlin Leader","floor":27,"turns":7},{"damage":8,"enemies":"Book of Stabbing","floor":29,"turns":3},{"damage":0,"enemies":"Shelled Parasite and Fungi","floor":31,"turns":1},{"damage":1,"enemies":"Champ","floor":33,"turns":6},{"damage":0,"enemies":"3 Darklings","floor":35,"turns":3},{"damage":0,"enemies":"Mind Bloom Boss Battle","floor":38,"turns":4},{"damage":0,"enemies":"3 Shapes","floor":39,"turns":2},{"damage":0,"enemies":"Giant Head","floor":41,"turns":6},{"damage":0,"enemies":"Sphere and 2 Shapes","floor":44,"turns":3},{"damage":0,"enemies":"Maw","floor":47,"turns":3},{"damage":10,"enemies":"Donu and Deca","floor":50,"turns":6},{"damage":14,"enemies":"Time Eater","floor":51,"turns":3}],"seed_played":"-3957812159610377323","potions_obtained":[{"floor":2.0,"key":"Energy Potion"},{"floor":8.0,"key":"LiquidBronze"},{"floor":14.0,"key":"Weak Potion"},{"floor":27,"key":"Poison Potion"},{"floor":31,"key":"Dexterity Potion"},{"floor":33,"key":"Energy Potion"},{"floor":47,"key":"FairyPotion"}],"is_trial":false,"path_per_floor":["M","M","M","M","M","R","E","M","T","M","R","?","M","M","R","B",null,"M","?","M","?","M","R","$","R","T","E","T","E","R","M","R","B",null,"M","$","?","?","M","R","E","$","T","M","?","R","M","$","R","B","B"],"character_chosen":"DEFECT","items_purchased":["Loop","Loop","DollysMirror"],"campfire_rested":0,"item_purchase_floors":[24,36,42],"current_hp_per_floor":[64,64,59,53,53,53,44,31,31,22,22,11,13,13,13,4,54,71,71,64,35,35,35,35,35,35,35,35,27,27,35,35,35,35,35,35,25,35,35,35,35,35,35,35,33,33,33,33,33,31,33],"gold":69,"neow_bonus":"UPGRADE_CARD","is_prod":false,"is_daily":false,"chose_seed":true,"campfire_upgraded":10,"win_rate":0,"timestamp":1539499033,"path_taken":["M","M","?","M","M","R","E","M","T","M","R","?","M","M","R","BOSS","M","?","M","?","?","R","$","R","T","E","?","E","R","M","R","BOSS","M","$","?","?","M","R","E","$","T","M","?","R","M","$","R","BOSS","BOSS"],"build_version":"2018-10-11","purchased_purges":2,"victory":true,"max_hp_per_floor":[71,71,71,71,71,71,71,71,71,71,71,71,71,71,71,71,71,71,71,71,35,35,35,35,35,35,35,35,35,35,35,35,35,35,35,35,35,35,35,35,35,35,35,35,33,33,33,33,33,33,33],"card_choices":[{"not_picked":["Barrage","Stack"],"picked":"Ball Lightning","floor":1.0},{"not_picked":["Cold Snap","Coolheaded"],"picked":"Conserve Battery","floor":2.0},{"not_picked":["Recycle","Compile Driver"],"picked":"Heatsinks","floor":3.0},{"not_picked":["Compile Driver","Chill"],"picked":"Sunder","floor":4.0},{"not_picked":["Chill","Stack"],"picked":"Cold Snap","floor":5.0},{"not_picked":["Cold Snap","Barrage","Rebound"],"picked":"SKIP","floor":7.0},{"not_picked":["Barrage","Turbo"],"picked":"Amplify","floor":8.0},{"not_picked":["Beam Cell","Steam"],"picked":"BootSequence","floor":10.0},{"not_picked":["Consume","Conserve Battery"],"picked":"Loop","floor":13.0},{"not_picked":["Ball Lightning","Reprogram"],"picked":"Static Discharge","floor":14.0},{"not_picked":["Amplify","Hyperbeam"],"picked":"Creative AI","floor":16.0},{"not_picked":["Gash","Leap"],"picked":"Storm","floor":18.0},{"not_picked":["Beam Cell","Conserve Battery","Gash+1"],"picked":"SKIP","floor":20.0},{"not_picked":["Fusion","Stack","Chaos"],"picked":"SKIP","floor":22.0},{"not_picked":["Consume","Genetic Algorithm+1"],"picked":"Storm","floor":27},{"not_picked":["Redo","Reprogram+1","Aggregate"],"picked":"SKIP","floor":29},{"not_picked":["Coolheaded","Gash","Chill"],"picked":"SKIP","floor":31},{"not_picked":["Multi-Cast","Rainbow"],"picked":"Seek","floor":33},{"not_picked":["Barrage","Turbo","Stack"],"picked":"SKIP","floor":35},{"not_picked":["Jack Of All Trades","Madness"],"picked":"Master of Strategy","floor":37},{"not_picked":["Barrage","Melter"],"picked":"Hologram","floor":38},{"not_picked":["Scrape","Gash","Coolheaded+1"],"picked":"SKIP","floor":39},{"not_picked":["Genetic Algorithm+1","Blizzard","Ball Lightning"],"picked":"SKIP","floor":41},{"not_picked":["Conserve Battery","Beam Cell","Double Energy"],"picked":"SKIP","floor":44},{"not_picked":["Hyperbeam","Barrage","Ball Lightning"],"picked":"SKIP","floor":47}],"player_experience":1020013,"relics_obtained":[{"floor":7.0,"key":"Bird Faced Urn"},{"floor":9.0,"key":"Bottled Tornado"},{"floor":26.0,"key":"Turnip"},{"floor":27,"key":"Omamori"},{"floor":28,"key":"Bronze Scales"},{"floor":29,"key":"Sundial"},{"floor":38,"key":"Pocketwatch"},{"floor":41,"key":"Bag of Marbles"},{"floor":43,"key":"Meat on the Bone"}],"event_choices":[{"event_name":"Scrap Ooze","player_choice":"success","floor":12.0,"damage_taken":11.0},{"event_name":"The Mausoleum","player_choice":"No","floor":19.0,"damage_taken":0.0},{"event_name":"Ghosts","player_choice":"Became a Ghost","floor":21.0,"damage_taken":0.0},{"event_name":"SensoryStone","player_choice":"Memory 3","floor":37,"damage_taken":0},{"event_name":"MindBloom","player_choice":"Fight","floor":38,"damage_taken":0},{"event_name":"Winding Halls","player_choice":"Max HP","floor":45,"damage_taken":0}],"is_beta":true,"boss_relics":[{"not_picked":["Runic Dome","Fusion Hammer"],"picked":"Snecko Eye"},{"not_picked":["Empty Cage","Nuclear Battery"],"picked":"Philosopher\u0027s Stone"}],"items_purged_floors":[24,36],"is_endless":false,"potions_floor_spawned":[2,8,14,27,31,33,41,44,47],"ascension_level":20}