{"gold_per_floor":[115,128,41,41,41,41,58,71,97,116,116,135,135,60,60,136,136,152,52,52,63,76,76,89,89,89,114,114,140,140,155,155,231,231,243,25,42,54,54,54,54,54,125,137,137,137,154,154,154,154,154],"floor_reached":52,"playtime":4160,"items_purged":["Strike_B","Strike_B","Defend_B"],"score":1714,"play_id":"61e06516-5d34-4d50-a4bb-2710fbec64e9","local_time":"20190131003334","is_ascension_mode":true,"campfire_choices":[{"data":"Defragment","floor":6.0,"key":"SMITH"},{"floor":11.0,"key":"REST"},{"data":"Zap","floor":13.0,"key":"SMITH"},{"data":"Hologram","floor":15.0,"key":"SMITH"},{"data":"Turbo","floor":23.0,"key":"SMITH"},{"data":"Redo","floor":25.0,"key":"SMITH"},{"floor":28.0,"key":"REST"},{"data":"Hologram","floor":30.0,"key":"SMITH"},{"data":"Hologram","floor":32.0,"key":"SMITH"},{"data":"Skim","floor":40.0,"key":"SMITH"},{"data":"Skim","floor":42.0,"key":"SMITH"},{"floor":46.0,"key":"REST"},{"floor":49.0,"key":"REST"}],"neow_cost":"NONE","seed_source_timestamp":358643555312233,"circlet_count":0,"master_deck":["AscendersBane","Zap+1","Dualcast+1","Panacea+1","Conserve Battery","Skim+1","Defragment+1","Skim+1","Reinforced Body","Cold Snap","Hologram+1","All For One","Turbo+1","Cold Snap","Loop","Hologram+1","Hologram+1","Redo+1","Electrodynamics","BootSequence","Tempest","Thunder Strike","Echo Form","Go for the Eyes","Gash","Reboot","Madness","Madness","Gash+1","Echo Form"],"special_seed":0,"relics":["Cracked Core","Dream Catcher","Sozu","The Courier","Blood Vial","Smiling Mask","Empty Cage","Pear","Molten Egg 2"],"potions_floor_usage":[],"damage_taken":[{"damage":2.0,"enemies":"Cultist","floor":1.0,"turns":4.0},{"damage":1.0,"enemies":"2 Louse","floor":2.0,"turns":3.0},{"damage":2.0,"enemies":"Small Slimes","floor":7.0,"turns":3.0},{"damage":30.0,"enemies":"Gremlin Gang","floor":8.0,"turns":5.0},{"damage":0.0,"enemies":"Large Slime","floor":10.0,"turns":5.0},{"damage":4.0,"enemies":"Looter","floor":12.0,"turns":4.0},{"damage":6.0,"enemies":"The Guardian","floor":16.0,"turns":14.0},{"damage":0.0,"enemies":"Spheric Guardian","floor":18.0,"turns":5.0},{"damage":4.0,"enemies":"Shell Parasite","floor":21.0,"turns":2.0},{"damage":0.0,"enemies":"Sentry and Sphere","floor":22.0,"turns":6.0},{"damage":5.0,"enemies":"Centurion and Healer","floor":24.0,"turns":5.0},{"damage":39.0,"enemies":"Slavers","floor":27.0,"turns":7.0},{"damage":8.0,"enemies":"Book of Stabbing","floor":29.0,"turns":5.0},{"damage":0.0,"enemies":"Snake Plant","floor":31.0,"turns":2.0},{"damage":26.0,"enemies":"Champ","floor":33.0,"turns":13.0},{"damage":0.0,"enemies":"3 Shapes","floor":35.0,"turns":2.0},{"damage":3.0,"enemies":"Orb Walker","floor":37.0,"turns":4.0},{"damage":19.0,"enemies":"Transient","floor":38.0,"turns":6.0},{"damage":32.0,"enemies":"4 Shapes","floor":44.0,"turns":4.0},{"damage":0.0,"enemies":"Writhing Mass","floor":47.0,"turns":2.0},{"damage":34.0,"enemies":"Awakened One","floor":50.0,"turns":5.0},{"damage":20,"enemies":"Donu and Deca","floor":51,"turns":5}],"seed_played":"4195276904917688698","potions_obtained":[{"floor":8.0,"key":"Fire Potion"},{"floor":12.0,"key":"Energy Potion"},{"floor":16.0,"key":"LiquidBronze"}],"is_trial":false,"path_per_floor":["M","M","$","?","?","R","M","M","T","M","R","M","R","$","R","B",null,"M","$","?","M","M","R","M","R","T","E","R","E","R","M","R","B",null,"M","$","M","M","?","R","?","R","T","M","?","R","M","?","R","B","B",null],"character_chosen":"DEFECT","items_purchased":["Defragment","Echo Form","Go for the Eyes"],"campfire_rested":4,"item_purchase_floors":[3,36,36],"current_hp_per_floor":[62,61,61,54,33,33,31,1,1,1,22,18,18,18,18,12,56,56,56,56,52,52,52,47,47,47,8,29,23,23,25,25,1,54,56,56,55,38,38,38,48,48,48,18,3,27,29,29,53,21,3],"gold":154,"neow_bonus":"RANDOM_COLORLESS","is_prod":false,"is_daily":false,"chose_seed":false,"campfire_upgraded":9,"win_rate":0,"timestamp":1548891214,"path_taken":["M","M","$","?","?","R","M","M","T","M","R","M","R","$","R","BOSS","M","$","?","M","M","R","M","R","T","E","R","E","R","M","R","BOSS","M","$","M","M","?","R","?","R","T","?","?","R","M","?","R","BOSS","BOSS"],"build_version":"2019-01-23","purchased_purges":3,"victory":true,"max_hp_per_floor":[71,71,71,71,71,71,71,71,71,71,71,71,71,71,71,71,71,71,71,71,71,71,71,71,71,71,71,71,71,71,71,71,71,71,71,71,71,71,71,71,81,81,81,81,81,81,81,81,81,81,81],"card_choices":[{"not_picked":["Rip and Tear","Sweeping Beam"],"picked":"Conserve Battery","floor":1.0},{"not_picked":["Hello World","Stack"],"picked":"Skim","floor":2.0},{"not_picked":["Capacitor","Turbo"],"picked":"Skim","floor":7.0},{"not_picked":["Melter","Leap"],"picked":"Reinforced Body","floor":8.0},{"not_picked":["Auto Shields","Sweeping Beam"],"picked":"Cold Snap","floor":10.0},{"not_picked":["Heatsinks","BootSequence"],"picked":"Hologram","floor":11.0},{"not_picked":["Turbo","Doom and Gloom","Beam Cell"],"picked":"SKIP","floor":12.0},{"not_picked":["Creative AI","Machine Learning"],"picked":"All For One","floor":16.0},{"not_picked":["Ball Lightning","Conserve Battery"],"picked":"Turbo","floor":18.0},{"not_picked":["Cold Snap","White Noise"],"picked":"Hologram","floor":21.0},{"not_picked":["Stack","Conserve Battery"],"picked":"Hologram","floor":22.0},{"not_picked":["Chill+1","Steam Power"],"picked":"Redo","floor":24.0},{"not_picked":["Auto Shields","Coolheaded"],"picked":"Electrodynamics","floor":27.0},{"not_picked":["Turbo","Ball Lightning"],"picked":"BootSequence","floor":28.0},{"not_picked":["Beam Cell","Multi-Cast"],"picked":"Tempest","floor":29.0},{"not_picked":["Beam Cell","Rebound","Coolheaded"],"picked":"SKIP","floor":31.0},{"not_picked":["Creative AI","Machine Learning"],"picked":"Thunder Strike","floor":33.0},{"not_picked":["Aggregate","Compile Driver","Barrage"],"picked":"SKIP","floor":35.0},{"not_picked":["Rebound","Recycle","Scrape"],"picked":"SKIP","floor":37.0},{"not_picked":["Gash","Conserve Battery","Beam Cell"],"picked":"SKIP","floor":38.0},{"not_picked":["Conserve Battery","Beam Cell"],"picked":"Gash","floor":38.0},{"not_picked":["Streamline+1","Redo"],"picked":"Reboot","floor":44.0},{"not_picked":["Beam Cell+1","Ball Lightning+1"],"picked":"Gash+1","floor":47.0},{"not_picked":["Auto Shields","Chill"],"picked":"Echo Form","floor":49.0}],"player_experience":1171401,"relics_obtained":[{"floor":9.0,"key":"Dream Catcher"},{"floor":26.0,"key":"The Courier"},{"floor":27.0,"key":"Blood Vial"},{"floor":29.0,"key":"Smiling Mask"},{"floor":41.0,"key":"Pear"},{"floor":43.0,"key":"Molten Egg 2"}],"event_choices":[{"cards_removed":["Strike_B"],"damage_healed":0.0,"max_hp_gain":0.0,"max_hp_loss":0.0,"gold_gain":0.0,"event_name":"Golden Wing","player_choice":"Card Removal","floor":4.0,"gold_loss":0.0,"damage_taken":7.0},{"damage_healed":0.0,"max_hp_gain":0.0,"max_hp_loss":0.0,"gold_gain":0.0,"event_name":"Shining Light","player_choice":"Entered Light","floor":5.0,"gold_loss":0.0,"damage_taken":21.0,"cards_upgraded":["Panacea","Dualcast"]},{"damage_healed":0.0,"max_hp_gain":0.0,"max_hp_loss":0.0,"gold_gain":0.0,"cards_transformed":["Strike_B","Defend_B"],"event_name":"Drug Dealer","player_choice":"Became Test Subject","floor":20.0,"gold_loss":0.0,"damage_taken":0.0,"cards_obtained":["Cold Snap","Loop"]},{"damage_healed":0.0,"max_hp_gain":0.0,"max_hp_loss":0.0,"gold_gain":0.0,"event_name":"Mysterious Sphere","player_choice":"Ignored","floor":39.0,"gold_loss":0.0,"damage_taken":0.0},{"damage_healed":0.0,"max_hp_gain":0.0,"max_hp_loss":0.0,"gold_gain":0.0,"event_name":"Wheel of Change","player_choice":"Relic","floor":41.0,"gold_loss":0.0,"damage_taken":0.0},{"damage_healed":0.0,"max_hp_gain":0.0,"max_hp_loss":0.0,"gold_gain":0.0,"event_name":"Winding Halls","player_choice":"Embrace Madness","floor":45.0,"gold_loss":0.0,"damage_taken":15.0,"cards_obtained":["Madness","Madness"]},{"damage_healed":0.0,"max_hp_gain":0.0,"max_hp_loss":0.0,"gold_gain":0.0,"event_name":"FaceTrader","player_choice":"Leave","floor":48.0,"gold_loss":0.0,"damage_taken":0.0}],"is_beta":true,"boss_relics":[{"not_picked":["Busted Crown","Fusion Hammer"],"picked":"Sozu"},{"not_picked":["Lizard Tail","Eternal Feather"],"picked":"Empty Cage"}],"items_purged_floors":[14,19,36],"is_endless":false,"potions_floor_spawned":[8,12,16,18,27,31,33,38,47],"ascension_level":20}