{"gold_per_floor":[360,360,360,370,143,143,178,193,193,217,217,217,117,47,47,145,145,155,155,30,30,44,44,77,97,144,244,255,255,265,284,284,284],"floor_reached":33,"playtime":1787,"items_purged":["Strike_R","Strike_R","Strike_R"],"score":263,"play_id":"61f6a13a-def3-423f-82a4-c30cf3f13eeb","local_time":"20190608024701","is_ascension_mode":false,"campfire_choices":[{"data":"Bash","floor":6,"key":"SMITH"},{"floor":11,"key":"REST"},{"floor":15,"key":"REST"},{"data":"Inflame","floor":23,"key":"SMITH"},{"floor":29,"key":"REST"},{"floor":32,"key":"REST"}],"neow_cost":"TEN_PERCENT_HP_LOSS","seed_source_timestamp":2070828076841272,"circlet_count":0,"master_deck":["Strike_R","Defend_R","Defend_R","Defend_R+1","Defend_R","Bash+1","Cleave","True Grit","Twin Strike","Double Tap+1","Rampage","Offering","Inflame+1","Ghostly Armor+1","Clothesline","Whirlwind","Uppercut"],"relics":["Burning Blood","Torii","Blood Vial","Pen Nib","Pocketwatch","Vajra","Velvet Choker","Ancient Tea Set","Lantern","FossilizedHelix","Bottled Lightning"],"potions_floor_usage":[24,25,27,27,28],"damage_taken":[{"damage":10,"enemies":"2 Louse","floor":1,"turns":4},{"damage":10,"enemies":"Jaw Worm","floor":4,"turns":4},{"damage":47,"enemies":"3 Sentries","floor":7,"turns":10},{"damage":0,"enemies":"Cultist","floor":8,"turns":3},{"damage":16,"enemies":"Hexaghost","floor":16,"turns":6},{"damage":20,"enemies":"Spheric Guardian","floor":18,"turns":4},{"damage":7,"enemies":"Chosen","floor":22,"turns":3},{"damage":28,"enemies":"Slavers","floor":24,"turns":3},{"damage":28,"enemies":"Sentry and Sphere","floor":25,"turns":5},{"damage":7,"enemies":"Colosseum Slavers","floor":27,"turns":3},{"damage":13,"enemies":"Colosseum Nobs","floor":27,"turns":4},{"damage":6,"enemies":"3 Cultists","floor":28,"turns":3},{"damage":0,"enemies":"Cultist and Chosen","floor":30,"turns":3},{"damage":21,"enemies":"Shelled Parasite and Fungi","floor":31,"turns":3},{"damage":87,"enemies":"Collector","floor":33,"turns":7}],"seed_played":"-4140641009480382191","potions_obtained":[{"floor":8,"key":"BloodPotion"},{"floor":16,"key":"Fire Potion"},{"floor":22,"key":"Explosive Potion"},{"floor":25,"key":"FearPotion"},{"floor":27,"key":"Fruit Juice"},{"floor":28,"key":"Swift Potion"}],"is_trial":false,"path_per_floor":["M","?","?","M","$","R","E","M","T","T","R","?","$","$","R","B",null,"M","?","$","?","M","R","E","M","T","?","M","R","M","M","R","B"],"character_chosen":"IRONCLAD","items_purchased":["Blood Vial","Rampage"],"campfire_rested":4,"item_purchase_floors":[5,14],"current_hp_per_floor":[68,73,55,51,51,51,12,20,20,20,43,28,28,28,51,43,77,63,63,63,63,64,64,44,31,31,32,34,58,66,53,77,0],"gold":284,"neow_bonus":"TWO_FIFTY_GOLD","is_prod":false,"is_daily":false,"chose_seed":false,"campfire_upgraded":2,"win_rate":0,"timestamp":1559933221,"path_taken":["M","?","?","M","$","R","E","M","T","?","R","?","?","$","R","BOSS","M","?","$","?","M","R","E","?","T","?","M","R","M","M","R","BOSS"],"build_version":"2019-01-23","purchased_purges":3,"victory":false,"max_hp_per_floor":[72,77,77,77,77,77,77,77,77,77,77,77,77,77,77,77,77,77,77,77,77,77,77,77,77,77,82,82,82,82,82,82,82],"card_choices":[{"not_picked":["Perfected Strike","Shrug It Off"],"picked":"Cleave","floor":1},{"not_picked":["Second Wind","Anger"],"picked":"True Grit","floor":4},{"not_picked":["Armaments","Headbutt"],"picked":"Twin Strike","floor":7},{"not_picked":["Wild Strike","Twin Strike"],"picked":"Double Tap","floor":8},{"not_picked":["Impervious","Reaper"],"picked":"Offering","floor":16},{"not_picked":["Pommel Strike","Infernal Blade+1","Flex"],"picked":"SKIP","floor":18},{"not_picked":["Sword Boomerang+1","Power Through","Body Slam+1"],"picked":"SKIP","floor":22},{"not_picked":["Reckless Charge","Double Tap","Flex"],"picked":"SKIP","floor":24},{"not_picked":["Searing Blow+1","Sentinel"],"picked":"Ghostly Armor+1","floor":25},{"not_picked":["Pommel Strike+1","Shrug It Off"],"picked":"Clothesline","floor":27},{"not_picked":["True Grit","Thunderclap","Anger+1"],"picked":"SKIP","floor":28},{"not_picked":["Armaments","Power Through"],"picked":"Whirlwind","floor":30},{"not_picked":["Battle Trance","Havoc"],"picked":"Uppercut","floor":31}],"player_experience":156128,"relics_obtained":[{"floor":7,"key":"Pen Nib"},{"floor":9,"key":"Pocketwatch"},{"floor":10,"key":"Vajra"},{"floor":24,"key":"Ancient Tea Set"},{"floor":26,"key":"Lantern"},{"floor":27,"key":"FossilizedHelix"},{"floor":27,"key":"Bottled Lightning"}],"event_choices":[{"damage_healed":0,"gold_gain":0,"player_choice":"Donut","damage_taken":0,"max_hp_gain":5,"max_hp_loss":0,"event_name":"Big Fish","floor":2,"gold_loss":0},{"damage_healed":0,"gold_gain":0,"player_choice":"Success","damage_taken":18,"relics_obtained":["Torii"],"max_hp_gain":0,"max_hp_loss":0,"event_name":"Scrap Ooze","floor":3,"gold_loss":0},{"damage_healed":0,"gold_gain":0,"player_choice":"Entered Light","damage_taken":15,"max_hp_gain":0,"max_hp_loss":0,"event_name":"Shining Light","floor":12,"gold_loss":0,"cards_upgraded":["Double Tap","Defend_R"]},{"damage_healed":0,"gold_gain":0,"player_choice":"Read","damage_taken":0,"max_hp_gain":0,"max_hp_loss":0,"event_name":"The Library","floor":19,"gold_loss":0,"cards_obtained":["Inflame"]},{"cards_removed":["Strike_R"],"damage_healed":0,"gold_gain":0,"player_choice":"Purged","damage_taken":0,"max_hp_gain":0,"max_hp_loss":0,"event_name":"Purifier","floor":21,"gold_loss":0},{"damage_healed":0,"gold_gain":0,"player_choice":"Fight","damage_taken":0,"max_hp_gain":0,"max_hp_loss":0,"event_name":"Colosseum","floor":27,"gold_loss":0},{"damage_healed":0,"gold_gain":0,"player_choice":"Fought Nobs","damage_taken":0,"max_hp_gain":0,"max_hp_loss":0,"event_name":"Colosseum","floor":27,"gold_loss":0}],"is_beta":false,"boss_relics":[{"not_picked":["Pandora\u0027s Box","White Beast Statue"],"picked":"Velvet Choker"}],"items_purged_floors":[5,13,20],"is_endless":false,"potions_floor_spawned":[8,16,22,25,27,28],"killed_by":"Collector","ascension_level":0}