{"gold_per_floor":[16,166,181,52,52,52,62,73,73,73,89,89,30,44,44,116,116,126,143,143,157,157,157,175,75,156,168,185,185,235,235,235,306,306,320,332,110,0,0,0,10,10,10,23,34,34,34,34,34,34,34],"floor_reached":51,"playtime":3204,"items_purged":["Doubt","Strike_B","Strike_B+1"],"score":1353,"play_id":"b830c10a-dd1a-4f83-8405-9453a80b4d4f","local_time":"20181023195723","is_ascension_mode":true,"campfire_choices":[{"data":"Zap","floor":6.0,"key":"SMITH"},{"data":"Go for the Eyes","floor":10.0,"key":"SMITH"},{"data":"Skim","floor":12.0,"key":"SMITH"},{"data":"Deep Breath","floor":15.0,"key":"SMITH"},{"data":"Beam Cell","floor":23.0,"key":"SMITH"},{"floor":29.0,"key":"REST"},{"data":"Hologram","floor":32.0,"key":"SMITH"},{"data":"Turbo","floor":40.0,"key":"SMITH"},{"data":"Hologram","floor":42.0,"key":"SMITH"},{"floor":46.0,"key":"REST"},{"floor":49.0,"key":"REST"}],"neow_cost":"NO_GOLD","seed_source_timestamp":0,"circlet_count":0,"master_deck":["Strike_B+1","Defend_B+1","Defend_B+1","Defend_B+1","Defend_B+1","Zap+1","Dualcast","AscendersBane","Finesse","Deep Breath+1","Gash","Reinforced Body","Go for the Eyes+1","Skim+1","Conserve Battery","Conserve Battery","Turbo+1","All For One","Beam Cell+1","Steam","Gash","Hologram+1","Echo Form","Gash","Madness","Madness","Hologram+1","Gash","Finesse","Trip"],"special_seed":0,"relics":["Cracked Core","Pocketwatch","Runic Dome","Mummified Hand","Philosopher\u0027s Stone","Red Mask","Singing Bowl"],"potions_floor_usage":[51],"damage_taken":[{"damage":0.0,"enemies":"Jaw Worm","floor":1.0,"turns":4.0},{"damage":4.0,"enemies":"2 Louse","floor":3.0,"turns":4.0},{"damage":0.0,"enemies":"Cultist","floor":7.0,"turns":3.0},{"damage":4.0,"enemies":"Large Slime","floor":8.0,"turns":6.0},{"damage":9.0,"enemies":"3 Louse","floor":11.0,"turns":3.0},{"damage":0.0,"enemies":"Exordium Thugs","floor":14.0,"turns":4.0},{"damage":20.0,"enemies":"Hexaghost","floor":16.0,"turns":13.0},{"damage":9.0,"enemies":"Chosen","floor":18.0,"turns":4.0},{"damage":20.0,"enemies":"3 Byrds","floor":19.0,"turns":4.0},{"damage":0.0,"enemies":"3 Cultists","floor":21.0,"turns":5.0},{"damage":14.0,"enemies":"Snake Plant","floor":24.0,"turns":5.0},{"damage":7.0,"enemies":"Snecko","floor":27.0,"turns":8.0},{"damage":4.0,"enemies":"Centurion and Healer","floor":28.0,"turns":4.0},{"damage":0.0,"enemies":"Collector","floor":33.0,"turns":5.0},{"damage":0.0,"enemies":"Orb Walker","floor":35.0,"turns":3.0},{"damage":5.0,"enemies":"3 Shapes","floor":36.0,"turns":4.0},{"damage":26.0,"enemies":"Writhing Mass","floor":41.0,"turns":4.0},{"damage":0.0,"enemies":"3 Darklings","floor":44.0,"turns":2.0},{"damage":0.0,"enemies":"Spire Growth","floor":45.0,"turns":3.0},{"damage":18,"enemies":"Donu and Deca","floor":50,"turns":6},{"damage":61,"enemies":"Time Eater","floor":51,"turns":3}],"seed_played":"-891270772929802690","potions_obtained":[{"floor":1.0,"key":"GamblersBrew"},{"floor":3.0,"key":"EssenceOfSteel"},{"floor":24.0,"key":"SpeedPotion"},{"floor":27.0,"key":"Poison Potion"},{"floor":28.0,"key":"SkillPotion"}],"is_trial":false,"path_per_floor":["M","?","M","$","?","R","M","M","T","R","M","R","$","M","R","B",null,"M","M","?","M","?","R","M","$","T","M","M","R","?","?","R","B",null,"M","M","$","?","?","R","M","R","T","M","M","R","?","?","R","B"],"character_chosen":"DEFECT","items_purchased":["Go for the Eyes","Turbo","Gash","Self Repair"],"campfire_rested":3,"item_purchase_floors":[4,13,37,37],"current_hp_per_floor":[64,64,60,60,53,53,53,49,49,49,40,40,40,40,40,20,58,49,29,29,29,29,29,15,15,15,8,4,25,25,25,25,25,60,60,55,55,55,42,42,23,23,23,32,39,60,60,52,74,56,0],"gold":34,"neow_bonus":"RANDOM_COLORLESS_2","is_prod":false,"is_daily":false,"chose_seed":false,"campfire_upgraded":8,"win_rate":0,"timestamp":1540317443,"path_taken":["M","?","?","$","?","R","M","M","T","R","?","R","$","M","R","BOSS","M","M","?","?","?","R","M","$","T","M","M","R","?","?","R","BOSS","M","M","$","?","?","R","M","R","T","?","M","R","?","?","R","BOSS","BOSS"],"build_version":"2018-10-22","purchased_purges":3,"victory":false,"max_hp_per_floor":[71,71,71,71,71,71,71,71,71,71,71,71,71,71,71,71,71,71,71,71,71,71,71,71,71,71,71,71,71,71,71,71,71,71,71,71,71,71,71,71,71,71,71,73,73,73,73,75,75,75,75],"card_choices":[{"not_picked":["Stack","Steam Power"],"picked":"Gash","floor":1.0},{"not_picked":["Coolheaded","Cold Snap"],"picked":"Reinforced Body","floor":3.0},{"not_picked":["Conserve Battery","Sweeping Beam"],"picked":"Skim","floor":7.0},{"not_picked":["White Noise","Leap"],"picked":"Conserve Battery","floor":8.0},{"not_picked":["Chaos","Leap"],"picked":"Conserve Battery","floor":11.0},{"not_picked":["Steam","Turbo","Doom and Gloom"],"picked":"SKIP","floor":14.0},{"not_picked":["Machine Learning","Thunder Strike"],"picked":"All For One","floor":16.0},{"not_picked":["Redo","BootSequence"],"picked":"Beam Cell","floor":18.0},{"not_picked":["Reinforced Body","Leap"],"picked":"Steam","floor":19.0},{"not_picked":["Loop","Redo","Stack"],"picked":"SKIP","floor":21.0},{"not_picked":["Redo+1","Static Discharge","Aggregate"],"picked":"SKIP","floor":24.0},{"not_picked":["Stack","Rip and Tear","Streamline"],"picked":"SKIP","floor":27.0},{"not_picked":["Biased Cognition","Compile Driver"],"picked":"Hologram","floor":28.0},{"not_picked":["Machine Learning","Reboot"],"picked":"Echo Form","floor":33.0},{"not_picked":["Streamline","Darkness","Redo"],"picked":"SKIP","floor":35.0},{"not_picked":["Streamline","Darkness","Redo"],"picked":"SKIP","floor":35.0},{"not_picked":["Streamline","Darkness","Redo"],"picked":"SKIP","floor":35.0},{"not_picked":["Streamline","Darkness","Redo"],"picked":"SKIP","floor":35.0},{"not_picked":["Redo","Barrage+1","Turbo"],"picked":"SKIP","floor":36.0},{"not_picked":["Redo+1","Hello World+1"],"picked":"Hologram","floor":41.0},{"not_picked":["Steam","Leap","Beam Cell"],"picked":"Singing Bowl","floor":44.0},{"not_picked":["Stack+1","BootSequence"],"picked":"Gash","floor":45.0},{"not_picked":["Sadistic Nature","HandOfGreed"],"picked":"Finesse","floor":48.0},{"not_picked":["Madness","Deep Breath","Transmutation"],"picked":"Singing Bowl","floor":48.0},{"not_picked":["Finesse","Dramatic Entrance"],"picked":"Trip","floor":48.0}],"player_experience":1027107,"relics_obtained":[{"floor":9.0,"key":"Pocketwatch"},{"floor":26.0,"key":"Mummified Hand"},{"floor":43.0,"key":"Singing Bowl"}],"event_choices":[{"damage_healed":0.0,"max_hp_gain":0.0,"max_hp_loss":0.0,"gold_gain":150.0,"event_name":"Liars Game","player_choice":"AGREE","floor":2.0,"gold_loss":0.0,"damage_taken":0.0,"cards_obtained":["Doubt"]},{"cards_removed":["Strike_B"],"damage_healed":0.0,"max_hp_gain":0.0,"max_hp_loss":0.0,"gold_gain":0.0,"event_name":"Golden Wing","player_choice":"Card Removal","floor":5.0,"gold_loss":0.0,"damage_taken":7.0},{"damage_healed":0.0,"max_hp_gain":0.0,"max_hp_loss":0.0,"gold_gain":0.0,"event_name":"The Mausoleum","player_choice":"Ignored","floor":20.0,"gold_loss":0.0,"damage_taken":0.0},{"damage_healed":0.0,"max_hp_gain":0.0,"max_hp_loss":0.0,"gold_gain":0.0,"event_name":"The Library","player_choice":"Read","floor":22.0,"gold_loss":0.0,"damage_taken":0.0,"cards_obtained":["Gash"]},{"damage_healed":0.0,"max_hp_gain":0.0,"max_hp_loss":0.0,"gold_gain":100.0,"event_name":"Golden Shrine","player_choice":"Pray","floor":30.0,"gold_loss":0.0,"damage_taken":0.0},{"damage_healed":0.0,"max_hp_gain":0.0,"max_hp_loss":0.0,"gold_gain":0.0,"event_name":"Back to Basics","player_choice":"Simplicity","floor":31.0,"gold_loss":0.0,"damage_taken":0.0,"cards_upgraded":["Strike_B","Strike_B","Defend_B","Defend_B","Defend_B","Defend_B"]},{"damage_healed":0.0,"max_hp_gain":0.0,"max_hp_loss":0.0,"gold_gain":0.0,"event_name":"Tomb of Lord Red Mask","player_choice":"Paid","floor":38.0,"gold_loss":110.0,"damage_taken":0.0,"relics_obtained":["Red Mask"]},{"damage_healed":0.0,"max_hp_gain":0.0,"max_hp_loss":0.0,"gold_gain":0.0,"event_name":"Winding Halls","player_choice":"Embrace Madness","floor":39.0,"gold_loss":0.0,"damage_taken":13.0,"cards_obtained":["Madness","Madness"]},{"cards_removed":["Self Repair"],"damage_healed":0.0,"max_hp_gain":0.0,"max_hp_loss":0.0,"gold_gain":0.0,"event_name":"Falling","player_choice":"Removed Power","floor":47.0,"gold_loss":0.0,"damage_taken":0.0},{"damage_healed":0.0,"max_hp_gain":0.0,"max_hp_loss":0.0,"gold_gain":0.0,"event_name":"SensoryStone","player_choice":"Memory 3","floor":48.0,"gold_loss":0.0,"damage_taken":10.0}],"is_beta":true,"boss_relics":[{"not_picked":["Nuclear Battery","Inserter"],"picked":"Runic Dome"},{"not_picked":["Eternal Feather","Runic Pyramid"],"picked":"Philosopher\u0027s Stone"}],"items_purged_floors":[4,25,37],"is_endless":false,"potions_floor_spawned":[1,3,24,27,28,33],"killed_by":"Time Eater","ascension_level":20}