{"gold_per_floor":[110,35,35,48,66,84,84,84,84,84,84,123,198,73,73,73],"floor_reached":16,"playtime":380,"items_purged":["Defend_R","Defend_R"],"score":157,"play_id":"5fadd0fa-817c-44e5-b47f-86fbb4aff775","local_time":"20190427230513","is_ascension_mode":true,"campfire_choices":[{"data":"Bash","floor":8.0,"key":"SMITH"},{"data":"Clash","floor":11.0,"key":"SMITH"},{"data":"True Grit","floor":15.0,"key":"SMITH"}],"neow_cost":"NONE","seed_source_timestamp":304370856166100,"circlet_count":0,"master_deck":["AscendersBane","Strike_R","Strike_R","Strike_R","Strike_R","Defend_R","Bash+1","Clash+1","Dropkick","True Grit+1"],"special_seed":0,"relics":["Burning Blood","FaceOfCleric","Golden Idol","Paper Frog","Singing Bowl"],"potions_floor_usage":[],"damage_taken":[{"damage":0.0,"enemies":"Small Slimes","floor":1.0,"turns":3.0},{"damage":1.0,"enemies":"Cultist","floor":4.0,"turns":3.0},{"damage":1.0,"enemies":"2 Louse","floor":5.0,"turns":2.0},{"damage":13.0,"enemies":"Exordium Wildlife","floor":6.0,"turns":6.0},{"damage":15.0,"enemies":"Lagavulin","floor":12.0,"turns":4.0},{"damage":33,"enemies":"The Guardian","floor":16,"turns":7}],"seed_played":"9192749186827590878","potions_obtained":[{"floor":6.0,"key":"Weak Potion"}],"is_trial":false,"path_per_floor":["M","$","?","M","M","M","?","R","T","?","R","E","?","$","R","B"],"character_chosen":"IRONCLAD","items_purchased":["True Grit"],"campfire_rested":0,"item_purchase_floors":[14],"current_hp_per_floor":[78,78,78,81,82,76,56,56,56,49,49,43,32,32,32,0],"gold":73,"neow_bonus":"REMOVE_CARD","is_prod":false,"is_daily":false,"chose_seed":false,"campfire_upgraded":3,"win_rate":0,"timestamp":1556420713,"path_taken":["M","$","?","M","?","M","?","R","T","?","R","E","?","$","R","BOSS"],"build_version":"2019-01-23","purchased_purges":2,"victory":false,"max_hp_per_floor":[80,80,80,81,82,83,83,83,83,83,83,86,86,86,86,86],"card_choices":[{"not_picked":["Perfected Strike","Flex"],"picked":"Clash","floor":1.0},{"not_picked":["Infernal Blade","Iron Wave"],"picked":"Dropkick","floor":4.0},{"not_picked":["Cleave","Reckless Charge","Exhume"],"picked":"SKIP","floor":5.0},{"not_picked":["Flex","Shrug It Off","Heavy Blade"],"picked":"SKIP","floor":6.0},{"not_picked":["Anger","Combust","Shockwave"],"picked":"Singing Bowl","floor":12.0}],"player_experience":391863,"relics_obtained":[{"floor":9.0,"key":"Paper Frog"},{"floor":12.0,"key":"Singing Bowl"}],"event_choices":[{"damage_healed":0.0,"max_hp_gain":0.0,"max_hp_loss":0.0,"gold_gain":0.0,"event_name":"FaceTrader","player_choice":"Trade","floor":3.0,"gold_loss":0.0,"damage_taken":0.0,"relics_obtained":["FaceOfCleric"]},{"damage_healed":0.0,"max_hp_gain":0.0,"max_hp_loss":0.0,"gold_gain":0.0,"event_name":"Golden Idol","player_choice":"Take Damage","floor":7.0,"gold_loss":0.0,"damage_taken":20.0,"relics_obtained":["Golden Idol"]},{"cards_removed":["Defend_R"],"damage_healed":0.0,"max_hp_gain":0.0,"max_hp_loss":0.0,"gold_gain":0.0,"event_name":"Golden Wing","player_choice":"Card Removal","floor":10.0,"gold_loss":0.0,"damage_taken":7.0},{"damage_healed":0.0,"max_hp_gain":0.0,"max_hp_loss":0.0,"gold_gain":75.0,"event_name":"World of Goop","player_choice":"Gather Gold","floor":13.0,"gold_loss":0.0,"damage_taken":11.0}],"is_beta":false,"boss_relics":[],"items_purged_floors":[2,14],"is_endless":false,"potions_floor_spawned":[6],"killed_by":"The Guardian","ascension_level":12}