{"gold_per_floor":[114,129,144,159,84,114,189,204,229,229,259,274,309,324,324,424,424,439,439,189,204,204,234,249,174,174,204,219,234,249,249,249,349,349,364,364,379,454,104,134,134,149,174,174,189,219,234,249,249,249],"floor_reached":51,"playtime":4703,"items_purged":["Defend_R","Strike_R","Defend_R"],"score":815,"play_id":"4b8f2176-2c53-4021-98de-c2279c2cdba6","local_time":"20190226214241","daily_mods":["Allstar","Colorless Cards","Terminal"],"is_ascension_mode":false,"campfire_choices":[{"data":"Apotheosis","floor":15.0,"key":"SMITH"},{"data":"Mayhem","floor":32.0,"key":"SMITH"},{"data":"Panache","floor":41.0,"key":"SMITH"},{"data":"Magnetism","floor":44.0,"key":"SMITH"},{"data":"Transmutation","floor":49,"key":"SMITH"}],"neow_cost":"","seed_source_timestamp":0,"circlet_count":0,"master_deck":["Strike_R","Strike_R","Defend_R","Defend_R","Bash","Finesse","Secret Weapon","Apotheosis+1","Impatience","Panache+1","Rage","Jack Of All Trades","Body Slam","Clash","Spot Weakness","Finesse","Flash of Steel","Feed","Flash of Steel","Mayhem+1","Shrug It Off","Evolve","Finesse","Metallicize+1","RitualDagger","Magnetism+1","Entrench+1","Deep Breath","Transmutation+1","Inflame","Body Slam+1","Spot Weakness","Jack Of All Trades+1","Iron Wave+1"],"special_seed":17953,"relics":["Burning Blood","Regal Pillow","Strawberry","Ancient Tea Set","Runic Dome","Vajra","Enchiridion","Centennial Puzzle","Sundial","Red Skull","Mark of Pain","Darkstone Periapt","Oddly Smooth Stone","Calipers","Boot","Letter Opener"],"potions_floor_usage":[50,50,50],"damage_taken":[{"damage":1.0,"enemies":"Cultist","floor":1.0,"turns":3.0},{"damage":0.0,"enemies":"Small Slimes","floor":2.0,"turns":3.0},{"damage":0.0,"enemies":"Jaw Worm","floor":3.0,"turns":3.0},{"damage":0.0,"enemies":"2 Fungi Beasts","floor":4.0,"turns":3.0},{"damage":10.0,"enemies":"Lagavulin","floor":6.0,"turns":5.0},{"damage":0.0,"enemies":"Exordium Thugs","floor":8.0,"turns":3.0},{"damage":10.0,"enemies":"Gremlin Nob","floor":11.0,"turns":3.0},{"damage":3.0,"enemies":"Large Slime","floor":12.0,"turns":4.0},{"damage":7.0,"enemies":"Blue Slaver","floor":13.0,"turns":3.0},{"damage":2.0,"enemies":"Exordium Thugs","floor":14.0,"turns":4.0},{"damage":8.0,"enemies":"The Guardian","floor":16.0,"turns":9.0},{"damage":7.0,"enemies":"3 Byrds","floor":18.0,"turns":4.0},{"damage":0.0,"enemies":"Shell Parasite","floor":21.0,"turns":3.0},{"damage":0.0,"enemies":"Book of Stabbing","floor":23.0,"turns":4.0},{"damage":0.0,"enemies":"Sentry and Sphere","floor":24.0,"turns":3.0},{"damage":14.0,"enemies":"Slavers","floor":27.0,"turns":5.0},{"damage":16.0,"enemies":"Snake Plant","floor":28.0,"turns":3.0},{"damage":0.0,"enemies":"Chosen and Byrds","floor":29.0,"turns":3.0},{"damage":6.0,"enemies":"Snecko","floor":30.0,"turns":5.0},{"damage":0.0,"enemies":"Automaton","floor":33.0,"turns":5.0},{"damage":4.0,"enemies":"Orb Walker","floor":35.0,"turns":2.0},{"damage":8.0,"enemies":"3 Shapes","floor":37.0,"turns":5.0},{"damage":7.0,"enemies":"Reptomancer","floor":40.0,"turns":3.0},{"damage":0.0,"enemies":"Transient","floor":42.0,"turns":5.0},{"damage":0.0,"enemies":"4 Shapes","floor":45.0,"turns":4.0},{"damage":1,"enemies":"Nemesis","floor":46,"turns":5},{"damage":7,"enemies":"Writhing Mass","floor":47,"turns":4},{"damage":2,"enemies":"3 Darklings","floor":48,"turns":3},{"damage":1,"enemies":"Awakened One","floor":50,"turns":5}],"seed_played":"3640749256774158397","potions_obtained":[{"floor":2.0,"key":"LiquidBronze"},{"floor":3.0,"key":"PowerPotion"},{"floor":6.0,"key":"Poison Potion"},{"floor":11.0,"key":"SpeedPotion"},{"floor":16.0,"key":"Swift Potion"},{"floor":27.0,"key":"Fire Potion"},{"floor":37.0,"key":"EssenceOfSteel"}],"is_trial":false,"path_per_floor":["M","M","M","M","$","E","?","M","T","?","E","M","M","M","R","B",null,"M","?","$","M","?","E","M","?","T","E","M","M","M","?","R","B",null,"M","?","M","T","$","E","R","M","T","R","M","E","M","M","R","B",null],"character_chosen":"IRONCLAD","items_purchased":["Vajra","Oddly Smooth Stone","Inflame"],"campfire_rested":0,"item_purchase_floors":[20,39,39],"current_hp_per_floor":[78,77,76,75,74,70,63,69,76,76,72,74,73,72,71,69,69,68,67,66,65,49,55,64,64,63,59,49,55,55,49,49,55,59,58,48,46,46,46,45,45,51,50,49,48,47,46,45,44,43],"gold":249,"neow_bonus":"","is_prod":false,"is_daily":true,"chose_seed":false,"campfire_upgraded":5,"win_rate":0,"timestamp":1551213761,"path_taken":["M","M","M","M","$","E","?","?","T","?","E","M","M","M","R","BOSS","M","?","$","M","?","E","M","?","T","E","?","M","M","?","R","BOSS","M","?","M","?","$","E","R","M","T","R","M","E","M","M","R","BOSS"],"build_version":"2019-01-23","purchased_purges":3,"victory":true,"max_hp_per_floor":[78,77,76,75,74,73,72,71,77,76,75,74,73,72,71,70,69,68,67,66,65,64,63,65,64,63,66,65,64,63,62,61,60,59,58,57,56,55,54,53,52,51,50,49,48,47,46,45,44,43],"card_choices":[{"not_picked":["Twin Strike","Havoc"],"picked":"Rage","floor":1.0},{"not_picked":["Armaments","Dark Shackles"],"picked":"Jack Of All Trades","floor":2.0},{"not_picked":["Reckless Charge","Twin Strike"],"picked":"Body Slam","floor":3.0},{"not_picked":["Twin Strike","Iron Wave"],"picked":"Clash","floor":4.0},{"not_picked":["Heavy Blade","Twin Strike"],"picked":"Spot Weakness","floor":6.0},{"not_picked":["Berserk","Thunderclap","Anger"],"picked":"SKIP","floor":8.0},{"not_picked":["Iron Wave","Anger"],"picked":"Finesse","floor":11.0},{"not_picked":["Headbutt","Clash"],"picked":"Flash of Steel","floor":12.0},{"not_picked":["Flame Barrier","Twin Strike","The Bomb"],"picked":"SKIP","floor":13.0},{"not_picked":["Armaments","Disarm","Sever Soul"],"picked":"SKIP","floor":14.0},{"not_picked":["Berserk","Metamorphosis"],"picked":"Feed","floor":16.0},{"not_picked":["Anger","True Grit","PanicButton+1"],"picked":"SKIP","floor":18.0},{"not_picked":["Sword Boomerang+1","Body Slam"],"picked":"Flash of Steel","floor":21.0},{"not_picked":["Iron Wave","Anger"],"picked":"Mayhem","floor":23.0},{"not_picked":["Anger+1","Hemokinesis+1"],"picked":"Shrug It Off","floor":24.0},{"not_picked":["Iron Wave","Warcry"],"picked":"Evolve","floor":27.0},{"not_picked":["Warcry","Cleave","Flex"],"picked":"SKIP","floor":28.0},{"not_picked":["Havoc","Uppercut"],"picked":"Finesse","floor":29.0},{"not_picked":["Shrug It Off","Headbutt"],"picked":"Metallicize+1","floor":30.0},{"not_picked":["Metamorphosis","Apotheosis"],"picked":"Magnetism","floor":33.0},{"not_picked":["Armaments","Hemokinesis+1"],"picked":"Entrench+1","floor":35.0},{"not_picked":["Panacea","Magnetism"],"picked":"Deep Breath","floor":36.0},{"not_picked":["Sadistic Nature","Deep Breath"],"picked":"Transmutation","floor":36.0},{"not_picked":["Clothesline","True Grit","Bloodletting"],"picked":"SKIP","floor":37.0},{"not_picked":["Perfected Strike","Combust"],"picked":"Body Slam+1","floor":40.0},{"not_picked":["Cleave+1","Iron Wave+1"],"picked":"Spot Weakness","floor":42.0},{"not_picked":["Disarm+1","True Grit+1","Reckless Charge"],"picked":"SKIP","floor":45.0},{"not_picked":["Reaper","Immolate","Sword Boomerang+1"],"picked":"SKIP","floor":46},{"not_picked":["Inflame","Clothesline+1"],"picked":"Jack Of All Trades+1","floor":47},{"not_picked":["Bloodletting","Perfected Strike"],"picked":"Iron Wave+1","floor":48}],"player_experience":238167,"relics_obtained":[{"floor":6.0,"key":"Regal Pillow"},{"floor":9.0,"key":"Strawberry"},{"floor":11.0,"key":"Ancient Tea Set"},{"floor":22.0,"key":"Enchiridion"},{"floor":23.0,"key":"Centennial Puzzle"},{"floor":26.0,"key":"Sundial"},{"floor":27.0,"key":"Red Skull"},{"floor":38.0,"key":"Darkstone Periapt"},{"floor":40.0,"key":"Calipers"},{"floor":43.0,"key":"Boot"},{"floor":46,"key":"Letter Opener"}],"event_choices":[{"damage_healed":0.0,"max_hp_gain":0.0,"max_hp_loss":0.0,"gold_gain":75.0,"event_name":"FaceTrader","player_choice":"Touch","floor":7.0,"gold_loss":0.0,"damage_taken":7.0},{"cards_removed":["Strike_R"],"damage_healed":0.0,"max_hp_gain":0.0,"max_hp_loss":0.0,"gold_gain":0.0,"event_name":"Purifier","player_choice":"Purged","floor":10.0,"gold_loss":0.0,"damage_taken":0.0},{"damage_healed":0.0,"max_hp_gain":0.0,"max_hp_loss":0.0,"gold_gain":0.0,"event_name":"Vampires","player_choice":"Ignored","floor":19.0,"gold_loss":0.0,"damage_taken":0.0},{"damage_healed":0.0,"max_hp_gain":0.0,"max_hp_loss":0.0,"gold_gain":0.0,"event_name":"Cursed Tome","player_choice":"Obtained Book","floor":22.0,"gold_loss":0.0,"damage_taken":16.0},{"cards_removed":["Strike_R"],"damage_healed":0.0,"max_hp_gain":0.0,"max_hp_loss":0.0,"gold_gain":0.0,"event_name":"Beggar","player_choice":"Gave Gold","floor":25.0,"gold_loss":75.0,"damage_taken":0.0},{"damage_healed":0.0,"max_hp_gain":0.0,"max_hp_loss":0.0,"gold_gain":0.0,"event_name":"Nest","player_choice":"Joined the Cult","floor":31.0,"gold_loss":0.0,"damage_taken":6.0,"cards_obtained":["RitualDagger"]},{"damage_healed":0.0,"max_hp_gain":0.0,"max_hp_loss":0.0,"gold_gain":0.0,"event_name":"SensoryStone","player_choice":"Memory 3","floor":36.0,"gold_loss":0.0,"damage_taken":10.0}],"is_beta":false,"boss_relics":[{"not_picked":["Orrery","White Beast Statue"],"picked":"Runic Dome"},{"not_picked":["Lizard Tail","Eternal Feather"],"picked":"Mark of Pain"}],"items_purged_floors":[5,20,39],"is_endless":false,"potions_floor_spawned":[2,3,6,11,13,16,21,27,28,30,37,40,45],"ascension_level":0}