{"path_per_floor":["M","M","M","?","$","R","M","M","T","$","?","M","M"],"character_chosen":"DEFECT","items_purchased":["Static Discharge","Ball Lightning","Bag of Preparation","Happy Flower","Go for the Eyes"],"gold_per_floor":[366,386,396,471,0,0,12,30,54,28,55,72,72,102],"floor_reached":14,"campfire_rested":0,"playtime":649,"item_purchase_floors":[5,5,5,5,10],"current_hp_per_floor":[64,62,56,45,45,45,34,33,33,33,15,1,1,0],"items_purged":["Strike_B"],"gold":102,"score":84,"play_id":"a2f6571a-5a1e-4adc-a2d0-30805271edac","local_time":"20180603165429","is_prod":false,"is_daily":false,"chose_seed":false,"is_ascension_mode":false,"campfire_upgraded":1,"win_rate":0.0,"timestamp":1528016069,"campfire_choices":[{"data":"Capacitor","floor":6,"key":"SMITH"}],"path_taken":["M","M","M","?","$","R","M","?","T","$","?","M","M","?"],"build_version":"2018-05-31","seed_source_timestamp":1310403809541621,"purchased_purges":1,"victory":false,"master_deck":["Strike_B","Strike_B","Strike_B","Defend_B","Defend_B","Defend_B","Defend_B","Zap","Dualcast","Rebound","Capacitor+1","White Noise","Static Discharge","Ball Lightning","Storm","Go for the Eyes","Fission","Defragment","Redo"],"max_hp_per_floor":[68,68,68,68,68,68,68,68,68,68,68,68,68,68],"relics":["Cracked Core","Bag of Preparation","Happy Flower","Boot","Odd Mushroom"],"card_choices":[{"not_picked":["Doom and Gloom","Blizzard"],"picked":"Rebound","floor":1},{"not_picked":["Compile Driver","Aggregate"],"picked":"Capacitor","floor":2},{"not_picked":["Redo","Darkness"],"picked":"White Noise","floor":3},{"not_picked":["Rebound","Coolheaded"],"picked":"Storm","floor":7},{"not_picked":["Glacier","Streamline","Barrage"],"picked":"SKIP","floor":8},{"not_picked":["Barrage","Hologram"],"picked":"Fission","floor":11},{"not_picked":["Ball Lightning","Cold Snap"],"picked":"Defragment","floor":12},{"not_picked":["Hello World","Scrape"],"picked":"Redo","floor":13}],"player_experience":65749,"potions_floor_usage":[8,14],"damage_taken":[{"damage":4,"enemies":"Jaw Worm","floor":1,"turns":4},{"damage":2,"enemies":"Small Slimes","floor":2,"turns":4},{"damage":6,"enemies":"2 Louse","floor":3,"turns":3},{"damage":11,"enemies":"Gremlin Gang","floor":7,"turns":4},{"damage":1,"enemies":"3 Louse","floor":8,"turns":3},{"damage":18,"enemies":"The Mushroom Lair","floor":11,"turns":3},{"damage":14,"enemies":"Looter","floor":12,"turns":4},{"damage":0,"enemies":"Large Slime","floor":13,"turns":3},{"damage":3,"enemies":"3 Sentries","floor":14,"turns":2}],"relics_obtained":[{"floor":9,"key":"Boot"},{"floor":11,"key":"Odd Mushroom"}],"event_choices":[{"event_name":"World of Goop","player_choice":"Gather Gold","floor":4,"damage_taken":0},{"event_name":"Mushrooms","player_choice":"Fought Mushrooms","floor":11,"damage_taken":0},{"event_name":"Dead Adventurer","player_choice":"Searched \u00272\u0027 times","floor":14,"damage_taken":0}],"boss_relics":[],"items_purged_floors":[5],"potions_floor_spawned":[1,2,7,8,12],"seed_played":"8521930089346433977","killed_by":"3 Sentries","ascension_level":0,"potions_obtained":[{"floor":1,"key":"PowerPotion"},{"floor":2,"key":"Poison Potion"},{"floor":7,"key":"Block Potion"},{"floor":8,"key":"Poison Potion"},{"floor":12,"key":"Strength Potion"}],"is_trial":false}