{"gold_per_floor":[115,115,129,153,167,167,180,180,180,180,200,235,251,284,284,380,380,395,340,9,22,22,22,48,48,48,48,61,74,37,37,37,37],"floor_reached":33,"playtime":1163,"items_purged":[],"score":488,"play_id":"29363669-d3a8-479c-a99a-fdb4e0c79ebb","local_time":"20190512024005","is_ascension_mode":true,"campfire_choices":[{"data":"Clothesline","floor":6,"key":"SMITH"},{"data":"Inflame","floor":8,"key":"SMITH"},{"data":"Bash","floor":10,"key":"SMITH"},{"floor":15,"key":"REST"},{"data":"Limit Break","floor":23,"key":"SMITH"},{"data":"Whirlwind","floor":25,"key":"SMITH"},{"data":"Flame Barrier","floor":27,"key":"SMITH"},{"data":"Spot Weakness","floor":32,"key":"SMITH"}],"neow_cost":"NONE","seed_source_timestamp":172691070761000,"circlet_count":0,"master_deck":["AscendersBane","Strike_R","Strike_R","Strike_R","Strike_R","Strike_R","Defend_R","Defend_R","Defend_R","Defend_R","Bash+1","Cleave","Combust","Clothesline+1","Inflame+1","Ghostly Armor","Twin Strike","Whirlwind+1","Flame Barrier+1","Evolve","Twin Strike+1","Limit Break+1","Heavy Blade+1","Spot Weakness+1","Metallicize","Impervious"],"relics":["Burning Blood","Blood Vial","Golden Idol","Boot","Bag of Marbles","Letter Opener","Eternal Feather","Tiny Chest","Red Skull","Strawberry","Gremlin Horn"],"potions_floor_usage":[14,14,33,33],"damage_taken":[{"damage":9,"enemies":"Small Slimes","floor":1,"turns":4},{"damage":9,"enemies":"Jaw Worm","floor":3,"turns":4},{"damage":12,"enemies":"2 Louse","floor":4,"turns":2},{"damage":11,"enemies":"Blue Slaver","floor":5,"turns":5},{"damage":11,"enemies":"2 Fungi Beasts","floor":7,"turns":3},{"damage":17,"enemies":"Gremlin Gang","floor":11,"turns":5},{"damage":19,"enemies":"Lagavulin","floor":12,"turns":7},{"damage":9,"enemies":"Blue Slaver","floor":13,"turns":2},{"damage":13,"enemies":"Gremlin Nob","floor":14,"turns":4},{"damage":38,"enemies":"Slime Boss","floor":16,"turns":8},{"damage":34,"enemies":"2 Thieves","floor":18,"turns":5},{"damage":12,"enemies":"3 Byrds","floor":21,"turns":3},{"damage":26,"enemies":"Centurion and Healer","floor":28,"turns":5},{"damage":24,"enemies":"Sentry and Sphere","floor":29,"turns":3},{"damage":81,"enemies":"Automaton","floor":33,"turns":6}],"seed_played":"3444339369258982280","potions_obtained":[{"floor":3,"key":"Fire Potion"},{"floor":5,"key":"Swift Potion"},{"floor":14,"key":"EssenceOfSteel"},{"floor":16,"key":"Weak Potion"},{"floor":28,"key":"Strength Potion"}],"is_trial":false,"path_per_floor":["M","?","M","M","M","R","M","R","T","R","M","E","M","E","R","B",null,"M","?","$","M","?","R","T","R","T","R","M","M","$","?","R","B"],"character_chosen":"IRONCLAD","items_purchased":["Limit Break","Red Skull","Metallicize"],"campfire_rested":1,"item_purchase_floors":[20,20,30],"current_hp_per_floor":[67,67,65,61,58,58,55,55,55,55,46,35,34,29,49,19,56,30,30,30,26,26,38,45,57,57,69,51,35,35,35,50,0],"gold":37,"neow_bonus":"RANDOM_COMMON_RELIC","is_prod":false,"is_daily":false,"chose_seed":false,"campfire_upgraded":7,"win_rate":0,"timestamp":1557643205,"path_taken":["M","?","M","M","M","R","M","R","T","R","M","E","M","E","R","BOSS","M","?","$","M","?","R","?","R","T","R","M","M","?","?","R","BOSS"],"build_version":"2019-01-23","purchased_purges":0,"victory":false,"max_hp_per_floor":[75,68,68,68,68,68,68,68,68,68,68,68,68,68,68,68,68,68,68,68,68,68,68,75,75,75,75,75,75,75,75,75,75],"card_choices":[{"not_picked":["Perfected Strike","Shockwave"],"picked":"Cleave","floor":1},{"not_picked":["Searing Blow","Hemokinesis"],"picked":"Combust","floor":3},{"not_picked":["True Grit","Iron Wave"],"picked":"Clothesline","floor":4},{"not_picked":["Heavy Blade","Clothesline"],"picked":"Inflame","floor":5},{"not_picked":["Evolve","Uppercut"],"picked":"Ghostly Armor","floor":7},{"not_picked":["Flex","Hemokinesis"],"picked":"Twin Strike","floor":11},{"not_picked":["Berserk","Fire Breathing"],"picked":"Whirlwind","floor":12},{"not_picked":["Evolve","Bloodletting"],"picked":"Flame Barrier","floor":13},{"not_picked":["Power Through","Headbutt"],"picked":"Evolve","floor":14},{"not_picked":["Impervious","Dark Embrace"],"picked":"Double Tap","floor":16},{"not_picked":["Warcry","Anger"],"picked":"Twin Strike+1","floor":18},{"not_picked":["True Grit","Armaments","Pommel Strike"],"picked":"SKIP","floor":21},{"not_picked":["Body Slam","Shrug It Off"],"picked":"Heavy Blade+1","floor":28},{"not_picked":["Burning Pact","Sever Soul"],"picked":"Spot Weakness","floor":29}],"player_experience":440079,"relics_obtained":[{"floor":9,"key":"Boot"},{"floor":12,"key":"Bag of Marbles"},{"floor":14,"key":"Letter Opener"},{"floor":24,"key":"Strawberry"},{"floor":26,"key":"Gremlin Horn"}],"event_choices":[{"damage_healed":0,"gold_gain":0,"player_choice":"Lose Max HP","damage_taken":0,"relics_obtained":["Golden Idol"],"max_hp_gain":0,"max_hp_loss":7,"event_name":"Golden Idol","floor":2,"gold_loss":0},{"damage_healed":0,"gold_gain":0,"player_choice":"Obtained Relic","damage_taken":0,"relics_obtained":["Tiny Chest"],"max_hp_gain":0,"max_hp_loss":0,"event_name":"Addict","floor":19,"gold_loss":85},{"damage_healed":0,"gold_gain":0,"player_choice":"Ignored","damage_taken":0,"max_hp_gain":0,"max_hp_loss":0,"event_name":"Ghosts","floor":22,"gold_loss":0},{"damage_healed":0,"gold_gain":0,"cards_transformed":["Double Tap"],"player_choice":"Transformed","damage_taken":0,"max_hp_gain":0,"max_hp_loss":0,"event_name":"Transmorgrifier","floor":31,"gold_loss":0,"cards_obtained":["Impervious"]}],"is_beta":false,"boss_relics":[{"not_picked":["Tiny House","Coffee Dripper"],"picked":"Eternal Feather"}],"items_purged_floors":[],"is_endless":false,"potions_floor_spawned":[3,5,7,11,14,16,28,29],"killed_by":"Automaton","ascension_level":18}