{"gold_per_floor":[112,126,126,136,61,61,81,81,108,27,46,59,59,78,78,174,174,187,202,217,232,132,152,171,183,183,202,202,77,177,187,187,289,289,306,319,338,352,371,371,403,403,403,403,403,253,269,18,18,18],"floor_reached":51,"playtime":2437,"items_purged":["Strike_B","Aggregate+1","Multi-Cast+1","Strike_B","Defend_B"],"score":729,"play_id":"fd04a257-204b-47b0-97ed-ea4f19ae4fc5","local_time":"20181222195443","is_ascension_mode":false,"campfire_choices":[{"data":"Hologram","floor":6,"key":"SMITH"},{"data":"Scrape","floor":15,"key":"SMITH"},{"data":"Seek","floor":28,"key":"SMITH"},{"floor":32,"key":"REST"},{"floor":40,"key":"REST"},{"floor":42,"key":"REST"},{"data":"Scrape","floor":44,"key":"SMITH"},{"data":"BootSequence","floor":49,"key":"SMITH"}],"neow_cost":"NONE","seed_source_timestamp":625995112721907,"circlet_count":0,"master_deck":["Defend_B","Defend_B","Defend_B","Hologram+1","Gash","Go for the Eyes","FTL","FTL","Gash","Scrape+1","Gash","Seek+1","Leap+1","Gash+1","Scrape+1","Reboot","Beam Cell+1","Scrape+1","BootSequence+1"],"relics":["Cracked Core","Strawberry","Astrolabe","Darkstone Periapt","Pocketwatch","Frozen Egg 2","Black Star","Pen Nib","Regal Pillow","Kunai"],"potions_floor_usage":[16,33,47,47,47,47,47,47,50],"damage_taken":[{"damage":1,"enemies":"Cultist","floor":1,"turns":3},{"damage":0,"enemies":"2 Louse","floor":2,"turns":2},{"damage":3,"enemies":"Small Slimes","floor":4,"turns":3},{"damage":0,"enemies":"Looter","floor":7,"turns":4},{"damage":1,"enemies":"2 Fungi Beasts","floor":11,"turns":3},{"damage":0,"enemies":"Large Slime","floor":12,"turns":6},{"damage":1,"enemies":"3 Louse","floor":14,"turns":3},{"damage":9,"enemies":"Hexaghost","floor":16,"turns":6},{"damage":3,"enemies":"Shell Parasite","floor":18,"turns":2},{"damage":6,"enemies":"Chosen","floor":19,"turns":3},{"damage":6,"enemies":"Centurion and Healer","floor":20,"turns":4},{"damage":12,"enemies":"Shelled Parasite and Fungi","floor":21,"turns":4},{"damage":0,"enemies":"3 Cultists","floor":23,"turns":4},{"damage":0,"enemies":"Chosen and Byrds","floor":24,"turns":3},{"damage":3,"enemies":"Centurion and Healer","floor":25,"turns":4},{"damage":0,"enemies":"3 Cultists","floor":27,"turns":3},{"damage":10,"enemies":"Colosseum Slavers","floor":30,"turns":3},{"damage":6,"enemies":"Colosseum Nobs","floor":30,"turns":3},{"damage":0,"enemies":"Sentry and Sphere","floor":31,"turns":3},{"damage":25,"enemies":"Automaton","floor":33,"turns":5},{"damage":0,"enemies":"3 Shapes","floor":35,"turns":3},{"damage":6,"enemies":"Orb Walker","floor":36,"turns":2},{"damage":17,"enemies":"Spire Growth","floor":37,"turns":3},{"damage":24,"enemies":"Jaw Worm Horde","floor":38,"turns":3},{"damage":10,"enemies":"Sphere and 2 Shapes","floor":39,"turns":3},{"damage":36,"enemies":"Nemesis","floor":41,"turns":3},{"damage":0,"enemies":"Transient","floor":47,"turns":5},{"damage":49,"enemies":"Time Eater","floor":50,"turns":7}],"seed_played":"-6830638614112870796","potions_obtained":[{"floor":2,"key":"Strength Potion"},{"floor":4,"key":"Energy Potion"},{"floor":12,"key":"Block Potion"},{"floor":16,"key":"FocusPotion"},{"floor":23,"key":"EntropicBrew"},{"floor":30,"key":"Fruit Juice"},{"floor":36,"key":"SkillPotion"},{"floor":38,"key":"FearPotion"}],"is_trial":false,"path_per_floor":["M","M","?","M","$","R","M","?","T","$","M","M","$","M","R","B",null,"M","M","M","M","$","M","M","M","T","M","R","$","?","M","R","B",null,"M","M","M","M","M","R","E","R","T","R","?","$","M","$","R","B",null],"character_chosen":"DEFECT","items_purchased":["FTL","LiquidBronze"],"campfire_rested":3,"item_purchase_floors":[10,48],"current_hp_per_floor":[81,81,81,78,78,78,78,78,85,85,84,84,84,83,83,74,89,86,80,74,62,62,62,62,59,59,59,59,59,43,43,69,49,94,94,88,71,47,37,65,29,72,72,72,72,72,72,72,72,23],"gold":18,"neow_bonus":"TEN_PERCENT_HP_BONUS","is_prod":false,"is_daily":false,"chose_seed":false,"campfire_upgraded":5,"win_rate":0.0,"timestamp":1545537283,"path_taken":["M","M","?","M","$","R","M","?","T","$","?","M","$","M","R","BOSS","M","M","M","M","$","M","M","M","T","M","R","$","?","M","R","BOSS","M","M","M","M","M","R","E","R","T","R","?","$","M","$","R","BOSS"],"build_version":"2018-12-20","purchased_purges":5,"victory":true,"max_hp_per_floor":[82,82,82,82,82,82,82,82,89,89,89,89,89,89,89,89,89,89,89,89,89,89,89,89,89,89,89,89,89,89,89,89,94,94,94,94,94,94,94,94,94,94,94,94,94,94,94,94,94,94],"card_choices":[{"not_picked":["Cold Snap","Force Field"],"picked":"Hologram","floor":1},{"not_picked":["Leap","Barrage"],"picked":"Gash","floor":2},{"not_picked":["Barrage","Hologram"],"picked":"Go for the Eyes","floor":4},{"not_picked":["Rebound","Go for the Eyes"],"picked":"FTL","floor":7},{"not_picked":["Sweeping Beam","Streamline"],"picked":"Gash","floor":11},{"not_picked":["Streamline","Gash"],"picked":"Scrape","floor":12},{"not_picked":["Cold Snap","Rebound"],"picked":"Gash","floor":14},{"not_picked":["Thunder Strike","Machine Learning"],"picked":"Seek","floor":16},{"not_picked":["Hologram","Steam","Coolheaded"],"picked":"SKIP","floor":18},{"not_picked":["Rebound","Hologram"],"picked":"Gash+1","floor":19},{"not_picked":["Beam Cell","Force Field","Streamline"],"picked":"SKIP","floor":20},{"not_picked":["Ball Lightning+1","Beam Cell"],"picked":"Scrape+1","floor":21},{"not_picked":["Stack","White Noise","Doom and Gloom+1"],"picked":"SKIP","floor":23},{"not_picked":["Undo+1","Steam","Coolheaded"],"picked":"SKIP","floor":24},{"not_picked":["Defragment+1","Steam","Beam Cell+1"],"picked":"SKIP","floor":25},{"not_picked":["Buffer","Ball Lightning","Leap"],"picked":"SKIP","floor":27},{"not_picked":["Defragment+1","Self Repair+1","Steam Power"],"picked":"SKIP","floor":31},{"not_picked":["Thunder Strike","Creative AI+1"],"picked":"Reboot","floor":33},{"not_picked":["Sweeping Beam","Leap","Cold Snap"],"picked":"SKIP","floor":35},{"not_picked":["Fusion+1","White Noise"],"picked":"Beam Cell+1","floor":36},{"not_picked":["Compile Driver+1","Steam","Darkness+1"],"picked":"SKIP","floor":37},{"not_picked":["Barrage","Self Repair+1","Capacitor+1"],"picked":"SKIP","floor":38},{"not_picked":["Gash","Echo Form+1","Stack"],"picked":"SKIP","floor":39},{"not_picked":["Self Repair+1","Tempest+1"],"picked":"Scrape","floor":41},{"not_picked":["Stack","Fusion+1"],"picked":"BootSequence","floor":47}],"player_experience":276138,"relics_obtained":[{"floor":9,"key":"Strawberry"},{"floor":26,"key":"Darkstone Periapt"},{"floor":30,"key":"Pocketwatch"},{"floor":30,"key":"Frozen Egg 2"},{"floor":41,"key":"Pen Nib"},{"floor":41,"key":"Regal Pillow"},{"floor":43,"key":"Kunai"}],"event_choices":[{"damage_healed":0,"gold_gain":0,"player_choice":"Ignored","damage_taken":0,"max_hp_gain":0,"max_hp_loss":0,"event_name":"Liars Game","floor":3,"gold_loss":0},{"cards_removed":["Strike_B"],"damage_healed":0,"gold_gain":0,"player_choice":"Offered Basic","damage_taken":0,"max_hp_gain":0,"max_hp_loss":0,"event_name":"Bonfire Elementals","floor":8,"gold_loss":0},{"damage_healed":0,"gold_gain":0,"player_choice":"Fight","damage_taken":0,"max_hp_gain":0,"max_hp_loss":0,"event_name":"Colosseum","floor":30,"gold_loss":0},{"damage_healed":0,"gold_gain":0,"player_choice":"Fought Nobs","damage_taken":0,"max_hp_gain":0,"max_hp_loss":0,"event_name":"Colosseum","floor":30,"gold_loss":0},{"damage_healed":0,"gold_gain":0,"player_choice":"Memory 1","damage_taken":0,"max_hp_gain":0,"max_hp_loss":0,"event_name":"SensoryStone","floor":45,"gold_loss":0}],"is_beta":false,"boss_relics":[{"not_picked":["Pandora\u0027s Box","Cursed Key"],"picked":"Astrolabe"},{"not_picked":["Philosopher\u0027s Stone","Lizard Tail"],"picked":"Black Star"}],"items_purged_floors":[5,22,29,46,48],"is_endless":false,"potions_floor_spawned":[2,4,12,16,18,23,30,30,31,36,37,38,41],"ascension_level":0}