{"gold_per_floor":[112,82,98,98,118,149,115,149,149,163,46,59,92,17,17,17],"floor_reached":16,"playtime":22525,"items_purged":["Strike_R"],"score":122,"play_id":"a0d85321-a7ef-4ad2-bb35-3b372bae9be4","local_time":"20180721100751","is_ascension_mode":false,"campfire_choices":[{"floor":15,"key":"REST"}],"neow_cost":"NONE","seed_source_timestamp":299726268668656,"circlet_count":0,"master_deck":["Strike_R","Strike_R","Defend_R","Defend_R","Defend_R","Defend_R","Bash","Dropkick","Rage","Armaments","Ghostly Armor","Disarm","Bloodletting","Body Slam","Fiend Fire"],"relics":["Burning Blood","Gremlin Horn","Question Card","Paper Frog","Tiny Chest","Dodecahedron"],"potions_floor_usage":[6,6,6,7,8,8,12,13,16],"damage_taken":[{"damage":5,"enemies":"2 Louse","floor":1,"turns":3},{"damage":1,"enemies":"Cultist","floor":3,"turns":3},{"damage":2,"enemies":"Small Slimes","floor":5,"turns":4},{"damage":19,"enemies":"Lagavulin","floor":6,"turns":10},{"damage":8,"enemies":"Exordium Thugs","floor":7,"turns":10},{"damage":27,"enemies":"3 Sentries","floor":8,"turns":20},{"damage":3,"enemies":"2 Fungi Beasts","floor":10,"turns":6},{"damage":1,"enemies":"3 Louse","floor":12,"turns":4},{"damage":34,"enemies":"Gremlin Nob","floor":13,"turns":5},{"damage":64,"enemies":"Slime Boss","floor":16,"turns":12}],"seed_played":"578596241599465757","potions_obtained":[{"floor":1,"key":"Dexterity Potion"},{"floor":2,"key":"EntropicBrew"},{"floor":2,"key":"Weak Potion"},{"floor":7,"key":"SkillPotion"},{"floor":8,"key":"SkillPotion"},{"floor":10,"key":"Weak Potion"}],"is_trial":false,"path_per_floor":["M","?","M","?","M","E","M","E","T","M","$","M","E","$","R"],"character_chosen":"IRONCLAD","items_purchased":["Tiny Chest"],"campfire_rested":1,"item_purchase_floors":[11],"current_hp_per_floor":[80,80,80,80,80,67,80,59,59,62,62,67,39,39,63,0],"gold":17,"neow_bonus":"REMOVE_CARD","is_prod":false,"is_daily":false,"chose_seed":false,"campfire_upgraded":0,"win_rate":0,"timestamp":1532182071,"path_taken":["M","?","M","?","M","E","?","E","T","M","$","M","E","$","R","BOSS"],"build_version":"2018-07-19v2","purchased_purges":1,"victory":false,"max_hp_per_floor":[80,80,80,80,80,80,80,80,80,80,80,80,80,80,80,80],"card_choices":[{"not_picked":["Body Slam","Hemokinesis"],"picked":"Dropkick","floor":1},{"not_picked":["Hemokinesis","Uppercut"],"picked":"Rage","floor":3},{"not_picked":["Havoc","Sword Boomerang"],"picked":"Armaments","floor":5},{"not_picked":["Flex","Body Slam"],"picked":"Ghostly Armor","floor":6},{"not_picked":["Bloodletting","Uppercut"],"picked":"Disarm","floor":7},{"not_picked":["Headbutt","Dual Wield"],"picked":"Bloodletting","floor":8},{"not_picked":["Shrug It Off","Fire Breathing","Spot Weakness"],"picked":"Body Slam","floor":10},{"not_picked":["Pommel Strike","Pummel","Cleave"],"picked":"Fiend Fire","floor":12},{"not_picked":["Thunderclap","Searing Blow","Sword Boomerang","Reckless Charge"],"picked":"SKIP","floor":13}],"player_experience":199991,"relics_obtained":[{"floor":6,"key":"Gremlin Horn"},{"floor":8,"key":"Question Card"},{"floor":9,"key":"Paper Frog"},{"floor":13,"key":"Dodecahedron"}],"event_choices":[{"event_name":"The Woman in Blue","player_choice":"Bought 2 Potions","floor":2,"damage_taken":0},{"event_name":"Living Wall","player_choice":"Forget","floor":4,"damage_taken":0}],"is_beta":false,"boss_relics":[],"items_purged_floors":[14],"is_endless":false,"potions_floor_spawned":[1,7,8,10],"killed_by":"Slime Boss","ascension_level":0}