{"gold_per_floor":[114,133,133,146,160,180,112,112,135,135,149,76,90,123,123,123],"floor_reached":16,"playtime":669,"items_purged":["Defend_R"],"score":156,"play_id":"a59da4b0-76d1-46d8-8f68-00ee93a0df90","local_time":"20190612220132","is_ascension_mode":true,"campfire_choices":[{"data":"Whirlwind","floor":8,"key":"SMITH"},{"data":"Flame Barrier","floor":10,"key":"SMITH"},{"data":"Bash","floor":15,"key":"SMITH"}],"neow_cost":"NONE","seed_source_timestamp":0,"circlet_count":0,"master_deck":["AscendersBane","Strike_R","Strike_R","Strike_R","Strike_R","Strike_R","Defend_R","Defend_R","Defend_R","Bash+1","Whirlwind+1","Pommel Strike","Shrug It Off","Flame Barrier+1","Shrug It Off","Shrug It Off","Inflame"],"special_seed":0,"relics":["Burning Blood","Smiling Mask","Blood Vial","Pen Nib"],"potions_floor_usage":[11,16],"damage_taken":[{"damage":13,"enemies":"Small Slimes","floor":1,"turns":6},{"damage":6,"enemies":"Cultist","floor":2,"turns":4},{"damage":9,"enemies":"2 Louse","floor":4,"turns":2},{"damage":7,"enemies":"Looter","floor":5,"turns":4},{"damage":5,"enemies":"2 Fungi Beasts","floor":6,"turns":4},{"damage":3,"enemies":"Blue Slaver","floor":11,"turns":6},{"damage":0,"enemies":"Lots of Slimes","floor":13,"turns":1},{"damage":29,"enemies":"Lagavulin","floor":14,"turns":11},{"damage":66,"enemies":"Hexaghost","floor":16,"turns":15}],"seed_played":"-4779244020038033227","potions_obtained":[{"floor":4,"key":"Strength Potion"},{"floor":5,"key":"Block Potion"},{"floor":6,"key":"BloodPotion"},{"floor":13,"key":"Dexterity Potion"}],"is_trial":false,"path_per_floor":["M","M","?","M","M","M","$","R","T","R","M","$","M","E","R","B"],"character_chosen":"IRONCLAD","items_purchased":["Flame Barrier","Shrug It Off"],"campfire_rested":0,"item_purchase_floors":[7,12],"current_hp_per_floor":[65,65,65,62,61,62,62,62,62,62,75,75,80,57,57,0],"gold":123,"neow_bonus":"RANDOM_COMMON_RELIC","is_prod":false,"is_daily":false,"chose_seed":false,"campfire_upgraded":3,"win_rate":0,"timestamp":1560402092,"path_taken":["M","M","?","M","M","M","$","R","T","R","M","$","M","E","R","BOSS"],"build_version":"2019-01-23","purchased_purges":1,"victory":false,"max_hp_per_floor":[80,80,80,80,80,80,80,80,80,80,80,80,80,80,80,80],"card_choices":[{"not_picked":["Twin Strike","Heavy Blade"],"picked":"Whirlwind","floor":1},{"not_picked":["Wild Strike","Rage"],"picked":"Pommel Strike","floor":2},{"not_picked":["Sentinel","Sever Soul","Havoc"],"picked":"SKIP","floor":4},{"not_picked":["Burning Pact","Infernal Blade","Body Slam"],"picked":"SKIP","floor":5},{"not_picked":["Cleave","Impervious"],"picked":"Shrug It Off","floor":6},{"not_picked":["Pommel Strike","Clash"],"picked":"Shrug It Off","floor":11},{"not_picked":["Perfected Strike","Combust"],"picked":"Inflame","floor":13},{"not_picked":["Fire Breathing","Searing Blow","Havoc"],"picked":"SKIP","floor":14}],"player_experience":570497,"relics_obtained":[{"floor":9,"key":"Blood Vial"},{"floor":14,"key":"Pen Nib"}],"event_choices":[{"damage_healed":0,"gold_gain":0,"player_choice":"Ignored","damage_taken":0,"max_hp_gain":0,"max_hp_loss":0,"event_name":"Liars Game","floor":3,"gold_loss":0}],"is_beta":false,"boss_relics":[],"items_purged_floors":[12],"is_endless":false,"potions_floor_spawned":[4,5,6,13],"killed_by":"Hexaghost","ascension_level":10}