{"gold_per_floor":[113,125,75,94,41,69,69,97,121,44,59,11,31,31,31,31],"floor_reached":16,"playtime":1195,"items_purged":["Strike_G"],"score":132,"play_id":"6baeac51-e4ab-497e-a4a2-3bbf7991a5b1","local_time":"20190311203242","is_ascension_mode":true,"campfire_choices":[{"data":"Bouncing Flask","floor":7,"key":"SMITH"},{"floor":15,"key":"REST"}],"neow_cost":"NONE","seed_source_timestamp":2008900593085693,"circlet_count":0,"master_deck":["Defend_G","Defend_G","Defend_G","Defend_G","Defend_G","Strike_G","Strike_G","Survivor","Neutralize","Dodge and Roll","Crippling Poison","Endless Agony","Quick Slash","Bouncing Flask+1","Poisoned Stab","Outmaneuver","Deflect"],"relics":["Ring of the Snake","Smiling Mask","Snake Skull","Strawberry"],"potions_floor_usage":[6,6,16,16,16],"damage_taken":[{"damage":7,"enemies":"Jaw Worm","floor":1,"turns":7},{"damage":4,"enemies":"Small Slimes","floor":2,"turns":5},{"damage":1,"enemies":"2 Louse","floor":4,"turns":3},{"damage":15,"enemies":"Gremlin Nob","floor":6,"turns":5},{"damage":33,"enemies":"3 Sentries","floor":8,"turns":10},{"damage":5,"enemies":"2 Fungi Beasts","floor":11,"turns":3},{"damage":1,"enemies":"Blue Slaver","floor":13,"turns":3},{"damage":38,"enemies":"Slime Boss","floor":16,"turns":11}],"seed_played":"3647968062849124226","potions_obtained":[{"floor":0,"key":"Ancient Potion"},{"floor":0,"key":"PowerPotion"},{"floor":0,"key":"SpeedPotion"},{"floor":8,"key":"Weak Potion"},{"floor":13,"key":"LiquidBronze"}],"is_trial":false,"path_per_floor":["M","M","?","M","$","E","R","E","T","$","M","?","M","?","R","B"],"character_chosen":"THE_SILENT","items_purchased":["Quick Slash","Outmaneuver"],"campfire_rested":1,"item_purchase_floors":[5,10],"current_hp_per_floor":[63,59,59,58,58,43,43,10,17,17,12,12,11,4,27,0],"gold":31,"neow_bonus":"THREE_SMALL_POTIONS","is_prod":false,"is_daily":false,"chose_seed":false,"campfire_upgraded":1,"win_rate":0,"timestamp":1552325562,"path_taken":["M","M","?","M","$","E","R","E","T","$","M","?","M","?","R","BOSS"],"build_version":"2019-01-23","purchased_purges":1,"victory":false,"max_hp_per_floor":[70,70,70,70,70,70,70,70,77,77,77,77,77,77,77,77],"card_choices":[{"not_picked":["Prepared","PiercingWail"],"picked":"Dodge and Roll","floor":1},{"not_picked":["Sucker Punch","Blade Dance"],"picked":"Crippling Poison","floor":2},{"not_picked":["Dagger Throw","PiercingWail"],"picked":"Endless Agony","floor":4},{"not_picked":["Escape Plan","Flechettes"],"picked":"Bouncing Flask","floor":6},{"not_picked":["Catalyst","Eviscerate"],"picked":"Poisoned Stab","floor":8},{"not_picked":["Flying Knee","Quick Slash"],"picked":"Deflect","floor":11},{"not_picked":["Quick Slash","Bane","Poisoned Stab"],"picked":"SKIP","floor":13}],"player_experience":298757,"relics_obtained":[{"floor":6,"key":"Smiling Mask"},{"floor":8,"key":"Snake Skull"},{"floor":9,"key":"Strawberry"}],"event_choices":[{"cards_removed":["Strike_G"],"damage_healed":0,"gold_gain":0,"player_choice":"Card Removal","damage_taken":0,"max_hp_gain":0,"max_hp_loss":0,"event_name":"The Cleric","floor":3,"gold_loss":50},{"damage_healed":0,"gold_gain":0,"player_choice":"Left Gold","damage_taken":0,"max_hp_gain":0,"max_hp_loss":0,"event_name":"World of Goop","floor":12,"gold_loss":48},{"cards_removed":["Strike_G"],"damage_healed":0,"gold_gain":0,"player_choice":"Card Removal","damage_taken":7,"max_hp_gain":0,"max_hp_loss":0,"event_name":"Golden Wing","floor":14,"gold_loss":0}],"is_beta":false,"boss_relics":[],"items_purged_floors":[10],"is_endless":false,"potions_floor_spawned":[1,8,13],"killed_by":"Slime Boss","ascension_level":4}