{"gold_per_floor":[119,133,150,163,163,163,173,173,222,239,239,389,96,14,14,89,89,103,114,23,23,42,42,42],"floor_reached":24,"playtime":2471,"items_purged":["Doubt","Strike_G"],"score":348,"play_id":"e43b4d55-358d-45f9-925e-47df4577a92c","local_time":"20190515210322","is_ascension_mode":true,"campfire_choices":[{"floor":6.0,"key":"REST"},{"data":"Cloak And Dagger","floor":8.0,"key":"SMITH"},{"floor":11.0,"key":"REST"},{"data":"Deadly Poison","floor":15.0,"key":"SMITH"},{"floor":23,"key":"REST"}],"neow_cost":"NONE","seed_source_timestamp":0,"circlet_count":0,"master_deck":["AscendersBane","Defend_G","Defend_G","Defend_G","Defend_G","Defend_G","Strike_G","Strike_G","Survivor","Neutralize+1","Cloak And Dagger+1","Dagger Spray","Slice","Escape Plan","Deadly Poison+1","Malaise","Corpse Explosion","Poisoned Stab+1","Deadly Poison","Noxious Fumes","Catalyst","Venomology","Dodge and Roll"],"special_seed":0,"relics":["Ring of the Snake","Gremlin Horn","Potion Belt","Membership Card","Runic Pyramid"],"potions_floor_usage":[22,24],"damage_taken":[{"damage":7.0,"enemies":"Jaw Worm","floor":1.0,"turns":8.0},{"damage":2.0,"enemies":"Small Slimes","floor":2.0,"turns":4.0},{"damage":1.0,"enemies":"Cultist","floor":3.0,"turns":4.0},{"damage":8.0,"enemies":"Looter","floor":4.0,"turns":4.0},{"damage":7.0,"enemies":"Red Slaver","floor":7.0,"turns":4.0},{"damage":10.0,"enemies":"Large Slime","floor":10.0,"turns":7.0},{"damage":9.0,"enemies":"The Guardian","floor":16.0,"turns":11.0},{"damage":2.0,"enemies":"Chosen","floor":18.0,"turns":6.0},{"damage":23,"enemies":"Spheric Guardian","floor":19,"turns":6},{"damage":15,"enemies":"Snecko","floor":22,"turns":5},{"damage":34,"enemies":"Slavers","floor":24,"turns":3}],"seed_played":"8260501626702023558","potions_obtained":[{"floor":1.0,"key":"Fire Potion"},{"floor":2.0,"key":"Energy Potion"},{"floor":7.0,"key":"SteroidPotion"},{"floor":10.0,"key":"FearPotion"},{"floor":18.0,"key":"SpeedPotion"}],"is_trial":false,"path_per_floor":["M","M","M","M","?","R","M","R","T","M","R","?","$","$","R","B",null,"M","M","$","?","M","R","E"],"character_chosen":"THE_SILENT","items_purchased":["Membership Card","Deadly Poison","Malaise","Noxious Fumes"],"campfire_rested":3,"item_purchase_floors":[13,13,14,20],"current_hp_per_floor":[52,50,49,41,15,34,27,27,27,17,36,36,36,36,36,27,56,54,31,31,31,16,35,1],"gold":42,"neow_bonus":"UPGRADE_CARD","is_prod":false,"is_daily":false,"chose_seed":false,"campfire_upgraded":2,"win_rate":0,"timestamp":1557947002,"path_taken":["M","M","M","M","?","R","M","R","T","M","R","?","?","$","R","BOSS","M","M","$","?","M","R","E"],"build_version":"2019-01-23","purchased_purges":2,"victory":false,"max_hp_per_floor":[66,66,66,66,66,66,66,66,66,66,66,66,66,66,66,66,66,66,66,66,66,66,66,66],"card_choices":[{"not_picked":["Expertise","Blade Dance"],"picked":"Cloak And Dagger","floor":1.0},{"not_picked":["Quick Slash","Predator","Bane"],"picked":"SKIP","floor":2.0},{"not_picked":["Outmaneuver","Quick Slash"],"picked":"Dagger Spray","floor":3.0},{"not_picked":["Reflex","Eviscerate"],"picked":"Slice","floor":4.0},{"not_picked":["Terror","Bane","Distraction"],"picked":"SKIP","floor":7.0},{"not_picked":["Catalyst","Acrobatics"],"picked":"Escape Plan","floor":10.0},{"not_picked":["Burst","Envenom"],"picked":"Corpse Explosion","floor":16.0},{"not_picked":["Tactician","Dodge and Roll"],"picked":"Poisoned Stab+1","floor":18.0},{"not_picked":["Skewer","Underhanded Strike+1"],"picked":"Deadly Poison","floor":19},{"not_picked":["Setup","Masterful Stab+1"],"picked":"Dodge and Roll","floor":22}],"player_experience":639545,"relics_obtained":[{"floor":9.0,"key":"Potion Belt"}],"event_choices":[{"damage_healed":0.0,"max_hp_gain":0.0,"max_hp_loss":0.0,"gold_gain":0.0,"event_name":"Scrap Ooze","player_choice":"Success","floor":5.0,"gold_loss":0.0,"damage_taken":26.0,"relics_obtained":["Gremlin Horn"]},{"damage_healed":0.0,"max_hp_gain":0.0,"max_hp_loss":0.0,"gold_gain":150.0,"event_name":"Liars Game","player_choice":"AGREE","floor":12.0,"gold_loss":0.0,"damage_taken":0.0,"cards_obtained":["Doubt"]},{"damage_healed":0,"gold_gain":0,"cards_transformed":["Strike_G","Strike_G"],"player_choice":"Became Test Subject","damage_taken":0,"max_hp_gain":0,"max_hp_loss":0,"event_name":"Drug Dealer","floor":21,"gold_loss":0,"cards_obtained":["Catalyst","Venomology"]}],"is_beta":false,"boss_relics":[{"not_picked":["Runic Dome","HoveringKite"],"picked":"Runic Pyramid"}],"items_purged_floors":[13,20],"is_endless":false,"potions_floor_spawned":[1,2,7,10,18],"killed_by":"Slavers","ascension_level":17}