{"gold_per_floor":[115,130,150,170,183,199,199,209,283,283,61,61,115,144,144,245,245,265,81,100,100,100,100,100,100],"floor_reached":25,"playtime":2679,"items_purged":["Defend_B","Strike_B"],"score":228,"play_id":"6a2c427e-cacf-4cd5-9d2d-975177cabefb","local_time":"20180703184447","is_ascension_mode":false,"campfire_choices":[{"data":"Dualcast","floor":7,"key":"SMITH"},{"data":"Seek","floor":15,"key":"SMITH"},{"floor":23,"key":"REST"}],"neow_cost":"NONE","seed_source_timestamp":112915607003518,"circlet_count":0,"master_deck":["Strike_B","Strike_B+1","Defend_B","Defend_B","Defend_B","Zap","Dualcast+1","White Noise+1","Auto Shields","Seek+1","Seek","Defragment","Redo"],"relics":["Cracked Core","Matryoshka","Anchor","Dodecahedron","Strawberry","Bottled Lightning","Black Star","Peace Pipe"],"potions_floor_usage":[14,16,16,25,25,25],"damage_taken":[{"damage":2,"enemies":"Small Slimes","floor":1,"turns":3},{"damage":1,"enemies":"2 Louse","floor":2,"turns":2},{"damage":1,"enemies":"Jaw Worm","floor":3,"turns":4},{"damage":9,"enemies":"2 Fungi Beasts","floor":4,"turns":3},{"damage":3,"enemies":"Red Slaver","floor":5,"turns":4},{"damage":1,"enemies":"Blue Slaver","floor":6,"turns":4},{"damage":5,"enemies":"Exordium Thugs","floor":8,"turns":3},{"damage":0,"enemies":"Lagavulin","floor":14,"turns":7},{"damage":26,"enemies":"The Guardian","floor":16,"turns":14},{"damage":37,"enemies":"Shell Parasite","floor":18,"turns":13},{"damage":16,"enemies":"2 Thieves","floor":20,"turns":5},{"damage":64,"enemies":"Cultist and Chosen","floor":25,"turns":7}],"seed_played":"6676083818364509607","potions_obtained":[{"floor":3,"key":"Ancient Potion"},{"floor":4,"key":"PowerPotion"},{"floor":5,"key":"Block Potion"},{"floor":14,"key":"Swift Potion"},{"floor":20,"key":"SteroidPotion"},{"floor":21,"key":"SkillPotion"},{"floor":21,"key":"Fruit Juice"}],"is_trial":false,"path_per_floor":["M","M","M","M","M","M","R","M","T","?","$","?","T","E","R","B",null,"M","$","M","?","?","R","?"],"character_chosen":"DEFECT","items_purchased":["Anchor","Defragment","Redo"],"campfire_rested":1,"item_purchase_floors":[11,19,19],"current_hp_per_floor":[73,72,71,62,59,58,58,53,53,38,38,63,70,70,70,44,82,45,45,29,29,29,53,53,0],"gold":100,"neow_bonus":"REMOVE_CARD","is_prod":false,"is_daily":false,"chose_seed":false,"campfire_upgraded":2,"win_rate":0,"timestamp":1530632687,"path_taken":["M","M","M","M","M","M","R","M","T","?","$","?","?","E","R","BOSS","M","$","M","?","?","R","?","M"],"build_version":"2018-06-28","purchased_purges":2,"victory":false,"max_hp_per_floor":[75,75,75,75,75,75,75,75,75,75,75,75,82,82,82,82,82,82,82,82,82,82,82,82,87],"card_choices":[{"not_picked":["Leap","Sweeping Beam","Compile Driver"],"picked":"SKIP","floor":1},{"not_picked":["Genetic Algorithm","Hologram"],"picked":"White Noise","floor":2},{"not_picked":["Lockon","Chaos","Hologram"],"picked":"SKIP","floor":3},{"not_picked":["Leap","Cold Snap","Blizzard"],"picked":"SKIP","floor":4},{"not_picked":["Coolheaded","Melter"],"picked":"Auto Shields","floor":5},{"not_picked":["Coolheaded","Hologram"],"picked":"Stack","floor":6},{"not_picked":["Go for the Eyes","Streamline","Coolheaded"],"picked":"SKIP","floor":8},{"not_picked":["Steam","Leap"],"picked":"Seek","floor":14},{"not_picked":["All For One","Thunder Strike"],"picked":"Seek","floor":16},{"not_picked":["Hologram","Rebound","Barrage"],"picked":"SKIP","floor":18},{"not_picked":["Coolheaded","Steam","Doom and Gloom"],"picked":"SKIP","floor":20}],"player_experience":64469,"relics_obtained":[{"floor":9,"key":"Matryoshka"},{"floor":13,"key":"Dodecahedron"},{"floor":13,"key":"Strawberry"},{"floor":14,"key":"Bottled Lightning"}],"event_choices":[{"event_name":"Shining Light","player_choice":"Entered Light","floor":10,"damage_taken":0},{"event_name":"Big Fish","player_choice":"Banana","floor":12,"damage_taken":0},{"event_name":"The Lab","player_choice":"Got Potions","floor":21,"damage_taken":0},{"event_name":"Back to Basics","player_choice":"Elegance","floor":22,"damage_taken":0},{"event_name":"The Mausoleum","player_choice":"Yes","floor":24,"damage_taken":0}],"boss_relics":[{"not_picked":["Eternal Feather","Cursed Key"],"picked":"Black Star"}],"items_purged_floors":[11,19],"is_endless":false,"potions_floor_spawned":[3,4,5,14,20],"killed_by":"Cultist and Chosen","ascension_level":0}