{"gold_per_floor":[111,111,179,198,198,198,227,227,250,277,277,227,227,58,58,162,162,182,26,43,43,59,92,92,108,178,192,205,205,51,78,78,78],"floor_reached":33,"playtime":2242,"items_purged":["Parasite","Pain"],"score":360,"play_id":"68ac4608-2abd-4c3d-9883-da5f375f1af3","local_time":"20181230121319","is_ascension_mode":true,"campfire_choices":[{"floor":6,"key":"REST"},{"floor":8,"key":"REST"},{"floor":15,"key":"REST"},{"floor":24,"key":"REST"},{"floor":29,"key":"REST"},{"floor":32,"key":"REST"}],"neow_cost":"PERCENT_DAMAGE","seed_source_timestamp":1524380409868409,"circlet_count":0,"master_deck":["Strike_R","Strike_R","Strike_R","Strike_R","Strike_R","Defend_R","Defend_R","Defend_R","Defend_R","Bash","Carnage","Pummel","Pummel","Disarm","Bludgeon","True Grit","Ghostly Armor+1","Clothesline","Offering+1"],"relics":["Burning Blood","Smiling Mask","Strawberry","Letter Opener","WarpedTongs","Tiny Chest","Fusion Hammer","Regal Pillow","Ancient Tea Set","Toxic Egg 2","Juzu Bracelet","Vajra"],"potions_floor_usage":[20,23,23,28,28,33,33],"damage_taken":[{"damage":13,"enemies":"Jaw Worm","floor":1,"turns":6},{"damage":4,"enemies":"2 Louse","floor":4,"turns":2},{"damage":56,"enemies":"Lagavulin","floor":7,"turns":6},{"damage":56,"enemies":"Gremlin Nob","floor":10,"turns":5},{"damage":59,"enemies":"The Guardian","floor":16,"turns":10},{"damage":8,"enemies":"Chosen","floor":18,"turns":3},{"damage":33,"enemies":"2 Thieves","floor":20,"turns":4},{"damage":41,"enemies":"Centurion and Healer","floor":22,"turns":4},{"damage":46,"enemies":"Slavers","floor":23,"turns":6},{"damage":18,"enemies":"Snake Plant","floor":25,"turns":5},{"damage":11,"enemies":"Snecko","floor":27,"turns":5},{"damage":41,"enemies":"Shelled Parasite and Fungi","floor":28,"turns":6},{"damage":38,"enemies":"Book of Stabbing","floor":31,"turns":5},{"damage":90,"enemies":"Collector","floor":33,"turns":7}],"seed_played":"4421481757833252376","potions_obtained":[{"floor":7,"key":"Fire Potion"},{"floor":16,"key":"SpeedPotion"},{"floor":18,"key":"BloodPotion"},{"floor":22,"key":"Swift Potion"},{"floor":25,"key":"Energy Potion"},{"floor":27,"key":"BloodPotion"},{"floor":28,"key":"Fire Potion"}],"is_trial":false,"path_per_floor":["M","$","?","M","?","R","E","R","T","E","?","$","?","$","R","B",null,"M","$","M","$","M","E","R","M","T","M","M","R","$","E","R","B"],"character_chosen":"IRONCLAD","items_purchased":["Tiny Chest","Regal Pillow","Juzu Bracelet"],"campfire_rested":6,"item_purchase_floors":[14,19,30],"current_hp_per_floor":[65,65,65,67,72,101,51,81,88,38,65,65,65,65,96,43,105,103,103,86,86,51,11,57,45,45,40,15,61,61,29,75,0],"gold":78,"neow_bonus":"TWENTY_PERCENT_HP_BONUS","is_prod":false,"is_daily":false,"chose_seed":false,"campfire_upgraded":0,"win_rate":0,"timestamp":1546189999,"path_taken":["M","$","?","M","?","R","E","R","T","E","?","$","?","$","R","BOSS","M","$","M","$","M","E","R","?","T","?","M","R","$","E","R","BOSS"],"build_version":"2018-12-20","purchased_purges":2,"victory":false,"max_hp_per_floor":[96,96,96,96,101,101,101,101,108,108,108,105,105,105,105,105,105,105,105,105,105,105,105,105,105,105,105,105,105,105,105,105,105],"card_choices":[{"not_picked":["Pommel Strike","Clash"],"picked":"Carnage","floor":1},{"not_picked":["Iron Wave","Rage"],"picked":"Pummel","floor":4},{"not_picked":["Armaments","Hemokinesis"],"picked":"Pummel","floor":7},{"not_picked":["Headbutt","Bludgeon"],"picked":"Disarm","floor":10},{"not_picked":["Dark Embrace","Berserk"],"picked":"Bludgeon","floor":16},{"not_picked":["Cleave+1","Body Slam+1","Headbutt+1"],"picked":"SKIP","floor":18},{"not_picked":["Flex","Bloodletting+1"],"picked":"True Grit","floor":20},{"not_picked":["Headbutt","Body Slam","Iron Wave"],"picked":"SKIP","floor":22},{"not_picked":["Burning Pact+1","Shrug It Off"],"picked":"Ghostly Armor+1","floor":23},{"not_picked":["Rage+1","Headbutt+1","Thunderclap"],"picked":"SKIP","floor":25},{"not_picked":["Havoc+1","Anger"],"picked":"Clothesline","floor":27},{"not_picked":["Shrug It Off+1","Anger"],"picked":"Offering+1","floor":28},{"not_picked":["Warcry+1","Dual Wield+1","Havoc+1"],"picked":"SKIP","floor":31}],"player_experience":494993,"relics_obtained":[{"floor":7,"key":"Smiling Mask"},{"floor":9,"key":"Strawberry"},{"floor":10,"key":"Letter Opener"},{"floor":23,"key":"Ancient Tea Set"},{"floor":26,"key":"Toxic Egg 2"},{"floor":31,"key":"Vajra"}],"event_choices":[{"damage_healed":0,"gold_gain":68,"player_choice":"Gained Gold","damage_taken":0,"max_hp_gain":0,"max_hp_loss":0,"event_name":"Golden Wing","floor":3,"gold_loss":0},{"damage_healed":0,"gold_gain":0,"player_choice":"Donut","damage_taken":0,"max_hp_gain":5,"max_hp_loss":0,"event_name":"Big Fish","floor":5,"gold_loss":0},{"damage_healed":27,"gold_gain":0,"player_choice":"Healed and dodged fight","damage_taken":0,"max_hp_gain":0,"max_hp_loss":0,"event_name":"Mushrooms","floor":11,"gold_loss":0,"cards_obtained":["Parasite"]},{"damage_healed":0,"gold_gain":0,"player_choice":"Rummage","damage_taken":0,"relics_obtained":["WarpedTongs"],"max_hp_gain":0,"max_hp_loss":0,"event_name":"Accursed Blacksmith","floor":13,"gold_loss":0,"cards_obtained":["Pain"]}],"is_beta":false,"boss_relics":[{"not_picked":["Astrolabe","Mark of Pain"],"picked":"Fusion Hammer"}],"items_purged_floors":[12,14],"is_endless":false,"potions_floor_spawned":[7,16,18,22,25,27,28],"killed_by":"Collector","ascension_level":3}