{"gold_per_floor":[111,75,92,112,122,122,157,176,203,203,228,228,228,228],"floor_reached":14,"playtime":1003,"items_purged":[],"score":140,"play_id":"7eb601f4-cc49-4d3d-83aa-b1749defdfbb","local_time":"20190412110617","is_ascension_mode":true,"campfire_choices":[{"data":"Sucker Punch","floor":6,"key":"SMITH"},{"floor":10,"key":"REST"}],"neow_cost":"NONE","seed_source_timestamp":135596316279750,"circlet_count":0,"master_deck":["Defend_G","Defend_G","Defend_G","Defend_G","Defend_G","Strike_G","Strike_G","Strike_G","Strike_G","Survivor","Neutralize+1","Cloak And Dagger","Bouncing Flask","Sucker Punch+1","Bouncing Flask","Deflect","PiercingWail"],"relics":["Ring of the Snake","Matryoshka","Regal Pillow","Art of War","Bronze Scales","Question Card"],"potions_floor_usage":[14],"damage_taken":[{"damage":2,"enemies":"Jaw Worm","floor":1,"turns":6},{"damage":0,"enemies":"Small Slimes","floor":3,"turns":4},{"damage":1,"enemies":"Cultist","floor":4,"turns":4},{"damage":2,"enemies":"Looter","floor":5,"turns":3},{"damage":40,"enemies":"3 Sentries","floor":7,"turns":8},{"damage":11,"enemies":"2 Fungi Beasts","floor":8,"turns":5},{"damage":11,"enemies":"Lagavulin","floor":11,"turns":5},{"damage":28,"enemies":"3 Sentries","floor":14,"turns":7}],"seed_played":"977953487322436052","potions_obtained":[{"floor":3,"key":"Ancient Potion"},{"floor":11,"key":"Regen Potion"}],"is_trial":false,"path_per_floor":["M","?","M","M","M","R","E","M","T","R","E","?","?","E"],"character_chosen":"THE_SILENT","items_purchased":[],"campfire_rested":1,"item_purchase_floors":[],"current_hp_per_floor":[61,61,61,60,58,58,18,7,7,43,32,25,13,0],"gold":228,"neow_bonus":"UPGRADE_CARD","is_prod":false,"is_daily":false,"chose_seed":false,"campfire_upgraded":1,"win_rate":0,"timestamp":1555059977,"path_taken":["M","?","M","M","M","R","E","M","T","R","E","?","?","E"],"build_version":"2019-01-23","purchased_purges":0,"victory":false,"max_hp_per_floor":[70,70,70,70,70,70,70,70,70,70,70,70,70,70],"card_choices":[{"not_picked":["Flying Knee","Sucker Punch"],"picked":"Cloak And Dagger","floor":1},{"not_picked":["Prepared","Flying Knee"],"picked":"Bouncing Flask","floor":3},{"not_picked":["Acrobatics","Concentrate"],"picked":"Sucker Punch","floor":4},{"not_picked":["Sucker Punch","Flechettes"],"picked":"Bouncing Flask","floor":5},{"not_picked":["Backflip","Eviscerate"],"picked":"Deflect","floor":7},{"not_picked":["Infinite Blades","Bane","Acrobatics"],"picked":"SKIP","floor":8},{"not_picked":["Predator","Setup"],"picked":"PiercingWail","floor":11}],"player_experience":422872,"relics_obtained":[{"floor":7,"key":"Matryoshka"},{"floor":9,"key":"Regal Pillow"},{"floor":9,"key":"Art of War"},{"floor":11,"key":"Bronze Scales"}],"event_choices":[{"damage_healed":0,"gold_gain":0,"player_choice":"Left Gold","damage_taken":0,"max_hp_gain":0,"max_hp_loss":0,"event_name":"World of Goop","floor":2,"gold_loss":36},{"cards_removed":["Strike_G"],"damage_healed":0,"gold_gain":0,"player_choice":"Card Removal","damage_taken":7,"max_hp_gain":0,"max_hp_loss":0,"event_name":"Golden Wing","floor":12,"gold_loss":0},{"damage_healed":0,"gold_gain":0,"player_choice":"Success","damage_taken":12,"relics_obtained":["Question Card"],"max_hp_gain":0,"max_hp_loss":0,"event_name":"Scrap Ooze","floor":13,"gold_loss":0}],"is_beta":false,"boss_relics":[],"items_purged_floors":[],"is_endless":false,"potions_floor_spawned":[3,11],"killed_by":"3 Sentries","ascension_level":8}