{"gold_per_floor":[115,290,10,30,30,30,60,60,60,8,36,50,68,103,103,208,208,225,6,6,6,6,6,6,35,101,113,154,166,178,210,222,334,396,421,447,473,485,517,529,6,23,23,49,59,59,59,77,77,77,77,77,9,36,36],"floor_reached":56,"playtime":7000,"items_purged":["Doubt"],"score":1410,"play_id":"bb22ddc4-19a1-49c5-8b21-40349e9010d8","local_time":"20181223180019","is_ascension_mode":true,"campfire_choices":[{"data":"Shrug It Off","floor":6,"key":"SMITH"},{"data":"Shrug It Off","floor":8,"key":"SMITH"},{"data":"Offering","floor":15,"key":"SMITH"},{"data":"J.A.X.","floor":23,"key":"SMITH"},{"data":"Dual Wield","floor":27,"key":"SMITH"},{"data":"Master of Strategy","floor":30,"key":"SMITH"},{"data":"Battle Trance","floor":32,"key":"SMITH"},{"floor":40,"key":"RECALL"},{"data":"Heavy Blade","floor":46,"key":"SMITH"},{"data":"Impervious","floor":49,"key":"SMITH"},{"data":"Flame Barrier","floor":52,"key":"SMITH"}],"neow_cost":"NONE","seed_source_timestamp":935539049939377,"circlet_count":0,"master_deck":["Strike_R","Strike_R","Strike_R","Strike_R","Strike_R","Defend_R","Defend_R","Defend_R","Bash","Pommel Strike","Shrug It Off+1","Spot Weakness+1","Shrug It Off+1","Offering+1","Carnage","Battle Trance+1","Impervious+1","Inflame+1","Master of Strategy+1","RitualDagger","J.A.X.+1","Dual Wield+1","Heavy Blade+1","Necronomicurse","Shockwave","Feed+1","Disarm","Heavy Blade+1","Shrug It Off","Offering","Disarm","Flame Barrier+1","Pummel","Writhe","Entrench+1","Inflame+1","Flame Barrier"],"relics":["Burning Blood","Red Skull","Potion Belt","Self Forming Clay","Frozen Egg 2","Bag of Marbles","Eternal Feather","MawBank","Centennial Puzzle","Gremlin Horn","Necronomicon","Tiny House","Bottled Lightning","Lantern","Strawberry","Sundial"],"potions_floor_usage":[16,25,25,28,35,36,39,44,50,50,50,50,50,50,50,50,55],"damage_taken":[{"damage":3,"enemies":"Jaw Worm","floor":1,"turns":4},{"damage":1,"enemies":"Small Slimes","floor":4,"turns":4},{"damage":26,"enemies":"3 Sentries","floor":7,"turns":8},{"damage":18,"enemies":"Gremlin Nob","floor":11,"turns":5},{"damage":0,"enemies":"2 Louse","floor":12,"turns":3},{"damage":6,"enemies":"Large Slime","floor":13,"turns":4},{"damage":14,"enemies":"3 Sentries","floor":14,"turns":7},{"damage":22,"enemies":"Slime Boss","floor":16,"turns":9},{"damage":19,"enemies":"Spheric Guardian","floor":18,"turns":4},{"damage":22,"enemies":"Slavers","floor":25,"turns":6},{"damage":16,"enemies":"Book of Stabbing","floor":28,"turns":6},{"damage":11,"enemies":"3 Byrds","floor":31,"turns":4},{"damage":38,"enemies":"Collector","floor":33,"turns":3},{"damage":49,"enemies":"3 Darklings","floor":35,"turns":3},{"damage":7,"enemies":"3 Shapes","floor":36,"turns":2},{"damage":14,"enemies":"Spire Growth","floor":37,"turns":3},{"damage":33,"enemies":"4 Shapes","floor":39,"turns":3},{"damage":9,"enemies":"Jaw Worm Horde","floor":42,"turns":2},{"damage":16,"enemies":"Nemesis","floor":44,"turns":5},{"damage":3,"enemies":"Spire Growth","floor":45,"turns":1},{"damage":38,"enemies":"Writhing Mass","floor":48,"turns":3},{"damage":80,"enemies":"Awakened One","floor":50,"turns":13},{"damage":15,"enemies":"Shield and Spear","floor":54,"turns":3},{"damage":92,"enemies":"The Heart","floor":55,"turns":7}],"seed_played":"-5832796712192648880","potions_obtained":[{"floor":4,"key":"Swift Potion"},{"floor":11,"key":"AttackPotion"},{"floor":14,"key":"GamblersBrew"},{"floor":16,"key":"Energy Potion"},{"floor":25,"key":"Regen Potion"},{"floor":31,"key":"Regen Potion"},{"floor":34,"key":"BloodPotion"},{"floor":39,"key":"SkillPotion"},{"floor":42,"key":"Fruit Juice"},{"floor":54,"key":"Weak Potion"}],"is_trial":false,"path_per_floor":["M","?","$","M","?","R","E","R","T","$","E","M","M","E","R","B",null,"M","$","?","?","?","R","?","E","T","R","E","?","R","M","R","B",null,"M","M","M","?","M","R","$","M","T","E","M","R","?","M","R","B",null,"R","$","E","B",null],"character_chosen":"IRONCLAD","items_purchased":["Red Skull","Shrug It Off","Dexterity Potion","Inflame+1","Master of Strategy","Bottled Lightning","Lantern","EntropicBrew","Poison Potion","Inflame+1"],"campfire_rested":0,"item_purchase_floors":[3,3,10,19,19,41,41,41,41,53],"current_hp_per_floor":[88,88,88,88,88,88,68,68,68,68,56,62,62,54,54,38,88,75,75,69,69,69,81,81,65,65,77,82,66,81,76,88,56,93,50,58,54,54,36,54,54,51,51,53,56,74,101,69,90,16,109,109,109,100,14],"gold":36,"neow_bonus":"TEN_PERCENT_HP_BONUS","is_prod":false,"is_daily":false,"chose_seed":false,"campfire_upgraded":10,"win_rate":0,"timestamp":1545606019,"path_taken":["M","?","$","M","?","R","E","R","T","$","E","M","M","E","R","BOSS","M","$","?","?","?","R","?","E","T","R","E","?","R","M","R","BOSS","M","M","M","?","M","R","$","?","T","E","M","R","?","M","R","BOSS","R","$","E","BOSS"],"build_version":"2018-12-20","purchased_purges":1,"victory":true,"max_hp_per_floor":[88,88,88,88,88,88,88,88,88,88,88,88,88,88,88,88,88,88,88,88,88,88,88,88,88,88,88,88,88,88,88,88,88,93,93,93,97,97,97,97,97,97,97,109,109,109,109,109,109,109,109,109,109,109,109],"card_choices":[{"not_picked":["True Grit","Body Slam"],"picked":"Pommel Strike","floor":1},{"not_picked":["Cleave","Clash"],"picked":"Spot Weakness","floor":4},{"not_picked":["Cleave","Heavy Blade"],"picked":"Shrug It Off","floor":7},{"not_picked":["Armaments","Infernal Blade"],"picked":"Offering","floor":11},{"not_picked":["Warcry","Iron Wave"],"picked":"Carnage","floor":12},{"not_picked":["Armaments","Pommel Strike","Clash"],"picked":"SKIP","floor":13},{"not_picked":["Bloodletting","Dual Wield"],"picked":"Battle Trance","floor":14},{"not_picked":["Berserk+1","Feed"],"picked":"Impervious","floor":16},{"not_picked":["Body Slam","Cleave","Sword Boomerang"],"picked":"SKIP","floor":18},{"not_picked":["Pommel Strike","Wild Strike"],"picked":"Dual Wield","floor":25},{"not_picked":["Power Through","Evolve+1"],"picked":"Heavy Blade+1","floor":28},{"not_picked":["True Grit","Infernal Blade"],"picked":"Shockwave","floor":31},{"not_picked":["Bludgeon","Berserk+1"],"picked":"Feed","floor":33},{"not_picked":["Sentinel+1","Wild Strike+1"],"picked":"Disarm","floor":34},{"not_picked":["Clash","Combust+1"],"picked":"Heavy Blade","floor":35},{"not_picked":["Wild Strike","Flex"],"picked":"Shrug It Off","floor":36},{"not_picked":["Shrug It Off","Clothesline+1"],"picked":"Offering","floor":37},{"not_picked":["Evolve+1","Twin Strike+1"],"picked":"Flame Barrier","floor":39},{"not_picked":["Rage+1","Blood for Blood+1","Havoc+1"],"picked":"SKIP","floor":42},{"not_picked":["Wild Strike","Rampage","Thunderclap+1"],"picked":"SKIP","floor":44},{"not_picked":["Armaments","Combust+1"],"picked":"Pummel","floor":45},{"not_picked":["Feed","Uppercut"],"picked":"Entrench+1","floor":48},{"not_picked":["True Grit+1","Fire Breathing+1"],"picked":"Flame Barrier","floor":54}],"player_experience":423978,"relics_obtained":[{"floor":7,"key":"Potion Belt"},{"floor":9,"key":"Self Forming Clay"},{"floor":11,"key":"Frozen Egg 2"},{"floor":14,"key":"Bag of Marbles"},{"floor":25,"key":"MawBank"},{"floor":26,"key":"Centennial Puzzle"},{"floor":28,"key":"Gremlin Horn"},{"floor":29,"key":"Necronomicon"},{"floor":44,"key":"Strawberry"},{"floor":54,"key":"Sundial"}],"event_choices":[{"damage_healed":0,"gold_gain":175,"player_choice":"AGREE","damage_taken":0,"max_hp_gain":0,"max_hp_loss":0,"event_name":"Liars Game","floor":2,"gold_loss":0,"cards_obtained":["Doubt"]},{"damage_healed":0,"gold_gain":0,"player_choice":"Grow","damage_taken":0,"max_hp_gain":0,"max_hp_loss":0,"event_name":"Living Wall","floor":5,"gold_loss":0,"cards_upgraded":["Spot Weakness"]},{"damage_healed":0,"gold_gain":0,"player_choice":"Joined the Cult","damage_taken":6,"max_hp_gain":0,"max_hp_loss":0,"event_name":"Nest","floor":20,"gold_loss":0,"cards_obtained":["RitualDagger"]},{"damage_healed":0,"gold_gain":0,"player_choice":"Ignored","damage_taken":0,"max_hp_gain":0,"max_hp_loss":0,"event_name":"Beggar","floor":21,"gold_loss":0},{"damage_healed":0,"gold_gain":0,"player_choice":"Obtain J.A.X.","damage_taken":0,"max_hp_gain":0,"max_hp_loss":0,"event_name":"Drug Dealer","floor":22,"gold_loss":0,"cards_obtained":["J.A.X."]},{"damage_healed":0,"gold_gain":0,"player_choice":"Ignored","damage_taken":0,"max_hp_gain":0,"max_hp_loss":0,"event_name":"Vampires","floor":24,"gold_loss":0},{"damage_healed":0,"gold_gain":0,"player_choice":"Obtained Book","damage_taken":16,"max_hp_gain":0,"max_hp_loss":0,"event_name":"Cursed Tome","floor":29,"gold_loss":0},{"damage_healed":0,"gold_gain":0,"cards_transformed":["Defend_R"],"player_choice":"Transformed","damage_taken":0,"max_hp_gain":0,"max_hp_loss":0,"event_name":"Transmorgrifier","floor":38,"gold_loss":0,"cards_obtained":["Disarm"]},{"damage_healed":27,"gold_gain":0,"player_choice":"Writhe","damage_taken":0,"max_hp_gain":0,"max_hp_loss":0,"event_name":"Winding Halls","floor":47,"gold_loss":0,"cards_obtained":["Writhe"]}],"is_beta":false,"boss_relics":[{"not_picked":["Mark of Pain","Cursed Key"],"picked":"Eternal Feather"},{"not_picked":["Black Star","Lizard Tail"],"picked":"Tiny House"}],"items_purged_floors":[3],"is_endless":false,"potions_floor_spawned":[4,11,14,16,25,31,39,42,54],"ascension_level":2}