{"gold_per_floor":[210,223,46,58,58,92,92,126,126,126,137,137,37,53,53,157,157,170,190,206,206,206,240,240,255,255,290,290,304,304,315,315,416,416,428,448,548,548,548,583,183,33,104,116,128,153,200,224,236,248,260,272,45,45],"floor_reached":54,"playtime":8883,"items_purged":["Strike_R","Strike_R","Searing Blow","Fire Breathing"],"score":944,"play_id":"f4a3b1a7-0cfb-43f5-896f-1edf63cd48a7","local_time":"20190106105130","is_ascension_mode":true,"campfire_choices":[{"floor":7.0,"key":"REST"},{"floor":12.0,"key":"REST"},{"data":"Demon Form","floor":15.0,"key":"SMITH"},{"floor":24.0,"key":"REST"},{"floor":28.0,"key":"REST"},{"floor":30.0,"key":"REST"},{"floor":32.0,"key":"REST"},{"floor":44.0,"key":"RECALL"},{"floor":49.0,"key":"REST"},{"floor":52.0,"key":"REST"}],"neow_cost":"NONE","seed_source_timestamp":0,"circlet_count":0,"master_deck":["Bash","Headbutt","Shrug It Off","Shrug It Off","Anger","Shrug It Off","Demon Form+1","Disarm","Pommel Strike","Intimidate","Headbutt","Sentinel","Rampage","Metallicize","Shockwave+1","Reaper","Flame Barrier","Inflame","Impervious","Heavy Blade+1","Apotheosis","Heavy Blade"],"special_seed":0,"relics":["Burning Blood","Champion Belt","Bottled Lightning","Singing Bowl","Pandora\u0027s Box","Pocketwatch","Letter Opener","Matryoshka","Fusion Hammer","WingedGreaves","Strawberry","Mercury Hourglass","MawBank","Smiling Mask"],"potions_floor_usage":[],"damage_taken":[{"damage":8.0,"enemies":"Jaw Worm","floor":1.0,"turns":5.0},{"damage":11.0,"enemies":"Small Slimes","floor":2.0,"turns":3.0},{"damage":0.0,"enemies":"2 Louse","floor":4.0,"turns":3.0},{"damage":42.0,"enemies":"3 Sentries","floor":6.0,"turns":15.0},{"damage":37.0,"enemies":"Gremlin Nob","floor":8.0,"turns":5.0},{"damage":0.0,"enemies":"Gremlin Gang","floor":11.0,"turns":7.0},{"damage":1.0,"enemies":"Looter","floor":14.0,"turns":5.0},{"damage":12.0,"enemies":"Slime Boss","floor":16.0,"turns":6.0},{"damage":18.0,"enemies":"Shell Parasite","floor":18.0,"turns":5.0},{"damage":5.0,"enemies":"Chosen","floor":19.0,"turns":6.0},{"damage":35.0,"enemies":"Shelled Parasite and Fungi","floor":20.0,"turns":8.0},{"damage":37.0,"enemies":"Book of Stabbing","floor":23.0,"turns":9.0},{"damage":13.0,"enemies":"3 Cultists","floor":25.0,"turns":6.0},{"damage":22.0,"enemies":"Gremlin Leader","floor":27.0,"turns":6.0},{"damage":31.0,"enemies":"Centurion and Healer","floor":29.0,"turns":5.0},{"damage":9.0,"enemies":"Cultist and Chosen","floor":31.0,"turns":7.0},{"damage":54.0,"enemies":"Collector","floor":33.0,"turns":9.0},{"damage":30.0,"enemies":"3 Darklings","floor":35.0,"turns":7.0},{"damage":9.0,"enemies":"Orb Walker","floor":36.0,"turns":4.0},{"damage":14.0,"enemies":"Mind Bloom Boss Battle","floor":37.0,"turns":6.0},{"damage":25.0,"enemies":"Giant Head","floor":40.0,"turns":7.0},{"damage":21.0,"enemies":"3 Darklings","floor":46.0,"turns":5.0},{"damage":9.0,"enemies":"Nemesis","floor":47.0,"turns":7.0},{"damage":0.0,"enemies":"Maw","floor":48.0,"turns":5.0},{"damage":53.0,"enemies":"Time Eater","floor":50.0,"turns":9.0},{"damage":112,"enemies":"Shield and Spear","floor":54,"turns":5}],"seed_played":"3341222459068957316","potions_obtained":[{"floor":1.0,"key":"SkillPotion"},{"floor":8.0,"key":"FearPotion"},{"floor":11.0,"key":"Strength Potion"},{"floor":18.0,"key":"SkillPotion"},{"floor":22.0,"key":"AttackPotion"},{"floor":23.0,"key":"Weak Potion"},{"floor":25.0,"key":"SkillPotion"},{"floor":33.0,"key":"Poison Potion"},{"floor":37.0,"key":"LiquidBronze"},{"floor":48.0,"key":"AttackPotion"}],"is_trial":false,"path_per_floor":["M","M","$","M","?","E","R","E","T","?","M","R","$","M","R","B",null,"M","M","M","?","?","E","R","M","T","E","R","M","R","M","R","B",null,"M","M","?","?","?","E","$","$","T","R","?","M","E","M","R","B",null,"R","$","E"],"character_chosen":"IRONCLAD","items_purchased":["Shrug It Off","Anger","Mercury Hourglass","Inflame","Apotheosis","Heavy Blade"],"campfire_rested":8,"item_purchase_floors":[3,3,41,41,53,53],"current_hp_per_floor":[78,73,73,79,84,48,73,42,42,35,41,66,66,71,71,67,87,77,80,51,51,51,20,47,42,42,28,56,33,62,61,90,42,99,75,93,103,98,98,88,88,88,88,88,88,107,104,109,109,82,109,109,109,0],"gold":45,"neow_bonus":"HUNDRED_GOLD","is_prod":false,"is_daily":false,"chose_seed":false,"campfire_upgraded":1,"win_rate":0,"timestamp":1546789890,"path_taken":["M","M","$","M","?","E","R","E","T","?","M","R","$","M","R","BOSS","M","M","M","?","?","E","R","M","T","E","R","?","R","?","R","BOSS","M","M","?","?","?","E","$","$","T","R","?","?","E","M","R","BOSS","R","$","E"],"build_version":"2019-01-03v4","purchased_purges":4,"victory":false,"max_hp_per_floor":[80,80,80,80,85,85,85,85,85,85,85,85,85,85,85,87,87,89,91,91,91,91,91,91,93,93,95,95,97,97,99,99,99,99,99,101,103,98,98,107,107,107,107,107,107,107,107,109,109,109,109,109,109,109],"card_choices":[{"not_picked":["Entrench","Intimidate"],"picked":"Headbutt","floor":1.0},{"not_picked":["Flex","Bloodletting"],"picked":"Shrug It Off","floor":2.0},{"not_picked":["Body Slam","Sever Soul"],"picked":"Shrug It Off","floor":4.0},{"not_picked":["Havoc","Cleave","Wild Strike"],"picked":"SKIP","floor":6.0},{"not_picked":["Fire Breathing","Body Slam"],"picked":"Demon Form","floor":8.0},{"not_picked":["Shrug It Off","Cleave"],"picked":"Disarm","floor":11.0},{"not_picked":["Shrug It Off","Reckless Charge"],"picked":"Pommel Strike","floor":14.0},{"not_picked":["Barricade","Dark Embrace","Bludgeon"],"picked":"Singing Bowl","floor":16.0},{"not_picked":["Clothesline","Rampage","Sword Boomerang+1"],"picked":"Singing Bowl","floor":18.0},{"not_picked":["Cleave","Intimidate","Headbutt"],"picked":"Singing Bowl","floor":19.0},{"not_picked":["Armaments","Havoc"],"picked":"Metallicize","floor":20.0},{"not_picked":["Burning Pact","Havoc"],"picked":"Shockwave+1","floor":23.0},{"not_picked":["Impervious","Searing Blow+1","Havoc"],"picked":"Singing Bowl","floor":25.0},{"not_picked":["Shrug It Off","Havoc","Warcry"],"picked":"Singing Bowl","floor":27.0},{"not_picked":["Sword Boomerang","Perfected Strike","Shockwave"],"picked":"Singing Bowl","floor":29.0},{"not_picked":["Body Slam","Exhume","Thunderclap"],"picked":"Singing Bowl","floor":31.0},{"not_picked":["Barricade","Demon Form"],"picked":"Reaper","floor":33.0},{"not_picked":["Reckless Charge","Pummel"],"picked":"Flame Barrier","floor":35.0},{"not_picked":["Warcry","Pommel Strike","Second Wind"],"picked":"Singing Bowl","floor":36.0},{"not_picked":["Rupture","Pommel Strike+1","Flame Barrier+1"],"picked":"Singing Bowl","floor":37.0},{"not_picked":["Fire Breathing","Sever Soul+1","Shockwave+1"],"picked":"Singing Bowl","floor":40.0},{"not_picked":["Clothesline+1","Pommel Strike"],"picked":"Impervious","floor":46.0},{"not_picked":["Twin Strike+1","Shrug It Off"],"picked":"Heavy Blade+1","floor":47.0},{"not_picked":["Clothesline+1","Headbutt","Flex+1"],"picked":"Singing Bowl","floor":48.0}],"player_experience":544199,"relics_obtained":[{"floor":6.0,"key":"Champion Belt"},{"floor":8.0,"key":"Bottled Lightning"},{"floor":9.0,"key":"Singing Bowl"},{"floor":23.0,"key":"Pocketwatch"},{"floor":26.0,"key":"Letter Opener"},{"floor":27.0,"key":"Matryoshka"},{"floor":37.0,"key":"WingedGreaves"},{"floor":40.0,"key":"Strawberry"},{"floor":43.0,"key":"MawBank"},{"floor":47.0,"key":"Smiling Mask"}],"event_choices":[{"damage_healed":0.0,"max_hp_gain":5.0,"max_hp_loss":0.0,"gold_gain":0.0,"event_name":"Big Fish","player_choice":"Donut","floor":5.0,"gold_loss":0.0,"damage_taken":0.0},{"cards_removed":["Strike_R"],"damage_healed":0.0,"max_hp_gain":0.0,"max_hp_loss":0.0,"gold_gain":0.0,"event_name":"Golden Wing","player_choice":"Card Removal","floor":10.0,"gold_loss":0.0,"damage_taken":7.0},{"damage_healed":0.0,"max_hp_gain":0.0,"max_hp_loss":0.0,"gold_gain":0.0,"event_name":"Ghosts","player_choice":"Ignored","floor":21.0,"gold_loss":0.0,"damage_taken":0.0},{"damage_healed":0.0,"max_hp_gain":0.0,"max_hp_loss":0.0,"gold_gain":0.0,"event_name":"Lab","player_choice":"Got Potions","floor":22.0,"gold_loss":0.0,"damage_taken":0.0},{"damage_healed":0.0,"max_hp_gain":0.0,"max_hp_loss":0.0,"gold_gain":0.0,"event_name":"MindBloom","player_choice":"Fight","floor":37.0,"gold_loss":0.0,"damage_taken":0.0},{"damage_healed":0.0,"max_hp_gain":0.0,"max_hp_loss":5.0,"gold_gain":0.0,"event_name":"Winding Halls","player_choice":"Max HP","floor":38.0,"gold_loss":0.0,"damage_taken":0.0},{"damage_healed":0.0,"max_hp_gain":0.0,"max_hp_loss":0.0,"gold_gain":0.0,"event_name":"Tomb of Lord Red Mask","player_choice":"Ignored","floor":39.0,"gold_loss":0.0,"damage_taken":0.0},{"damage_healed":0.0,"max_hp_gain":0.0,"max_hp_loss":0.0,"gold_gain":0.0,"event_name":"SecretPortal","player_choice":"Ignored","floor":45.0,"gold_loss":0.0,"damage_taken":0.0}],"is_beta":false,"boss_relics":[{"not_picked":["Eternal Feather","Velvet Choker"],"picked":"Pandora\u0027s Box"},{"not_picked":["Orrery","Philosopher\u0027s Stone"],"picked":"Fusion Hammer"}],"items_purged_floors":[3,13,41,42],"is_endless":false,"potions_floor_spawned":[1,8,11,18,23,25,33,37,48],"killed_by":"Shield and Spear","ascension_level":4}