{"gold_per_floor":[111,111,111,124,137,166,166,179,179,213,236,248,260],"floor_reached":13,"playtime":323,"items_purged":[],"score":185,"play_id":"e48fc4f3-9a7a-4ff8-afc6-052ff55e1bee","local_time":"20190610224932","is_ascension_mode":true,"campfire_choices":[{"data":"Bash","floor":7.0,"key":"SMITH"}],"neow_cost":"NONE","seed_source_timestamp":779594698940627,"circlet_count":0,"master_deck":["AscendersBane","Strike_R","Strike_R","Strike_R","Strike_R","Strike_R","Defend_R","Defend_R","Defend_R","Defend_R","Bash+1","Pommel Strike","Disarm","Clothesline","Double Tap","Cleave"],"special_seed":0,"relics":["Burning Blood","Boot","Paper Frog","Pear","MawBank"],"potions_floor_usage":[11],"damage_taken":[{"damage":7.0,"enemies":"Cultist","floor":1.0,"turns":4.0},{"damage":4.0,"enemies":"Jaw Worm","floor":4.0,"turns":4.0},{"damage":9.0,"enemies":"2 Louse","floor":5.0,"turns":2.0},{"damage":25.0,"enemies":"Gremlin Nob","floor":6.0,"turns":4.0},{"damage":29,"enemies":"Exordium Thugs","floor":8,"turns":5},{"damage":26,"enemies":"Lagavulin","floor":10,"turns":6},{"damage":9,"enemies":"Red Slaver","floor":11,"turns":3},{"damage":24,"enemies":"Exordium Wildlife","floor":13,"turns":3}],"seed_played":"-8883156267547437351","potions_obtained":[{"floor":2.0,"key":"Swift Potion"},{"floor":2.0,"key":"FairyPotion"},{"floor":5.0,"key":"Fire Potion"},{"floor":10,"key":"Weak Potion"}],"is_trial":false,"path_per_floor":["M","?","$","M","M","E","R","M","T","E","M","?","M"],"character_chosen":"IRONCLAD","items_purchased":[],"campfire_rested":0,"item_purchase_floors":[],"current_hp_per_floor":[67,67,67,69,66,47,47,24,34,14,11,11,0],"gold":260,"neow_bonus":"RANDOM_COMMON_RELIC","is_prod":false,"is_daily":false,"chose_seed":false,"campfire_upgraded":1,"win_rate":0,"timestamp":1560178172,"path_taken":["M","?","$","M","?","E","R","M","T","E","M","?","M"],"build_version":"2019-01-23","purchased_purges":0,"victory":false,"max_hp_per_floor":[75,75,75,75,75,75,75,75,85,85,85,85,85],"card_choices":[{"not_picked":["Twin Strike","Sever Soul"],"picked":"Pommel Strike","floor":1.0},{"not_picked":["Intimidate","Reckless Charge"],"picked":"Disarm","floor":4.0},{"not_picked":["Heavy Blade","Anger"],"picked":"Clothesline","floor":5.0},{"not_picked":["Power Through","Entrench"],"picked":"Double Tap","floor":6.0},{"not_picked":["Iron Wave","Perfected Strike"],"picked":"Cleave","floor":8},{"not_picked":["Havoc","Flex","Fire Breathing"],"picked":"SKIP","floor":10},{"not_picked":["Flex","Power Through","Fire Breathing"],"picked":"SKIP","floor":11}],"player_experience":661844,"relics_obtained":[{"floor":6.0,"key":"Paper Frog"},{"floor":9,"key":"Pear"},{"floor":10,"key":"MawBank"}],"event_choices":[{"damage_healed":0.0,"max_hp_gain":0.0,"max_hp_loss":0.0,"gold_gain":0.0,"event_name":"Lab","player_choice":"Got Potions","floor":2.0,"gold_loss":0.0,"damage_taken":0.0},{"damage_healed":0,"gold_gain":0,"player_choice":"Ignored","damage_taken":0,"max_hp_gain":0,"max_hp_loss":0,"event_name":"Golden Idol","floor":12,"gold_loss":0}],"is_beta":false,"boss_relics":[],"items_purged_floors":[],"is_endless":false,"potions_floor_spawned":[4,5,10],"killed_by":"Exordium Wildlife","ascension_level":19}