{"gold_per_floor":[114,126,137,150,168,168,203,203,276,292,252,284,296,56,56,56],"floor_reached":16,"playtime":832,"items_purged":["Havoc"],"score":217,"play_id":"5bca11fc-ff40-4e21-80dc-ec01660c08a7","local_time":"20190521232853","is_ascension_mode":true,"campfire_choices":[{"data":"Perfected Strike","floor":6,"key":"SMITH"},{"data":"Perfected Strike","floor":8,"key":"SMITH"},{"floor":15,"key":"REST"}],"neow_cost":"PERCENT_DAMAGE","seed_source_timestamp":79192557756000,"circlet_count":0,"master_deck":["AscendersBane","Strike_R","Strike_R","Strike_R","Strike_R","Defend_R","Defend_R","Defend_R","Bash","Ghostly Armor","Perfected Strike+1","Sword Boomerang","Battle Trance","Perfected Strike+1","Brutality","Perfected Strike","Battle Trance","Flame Barrier","Metallicize"],"relics":["Burning Blood","Mummified Hand","Letter Opener","Nunchaku"],"potions_floor_usage":[4,7,7,16],"damage_taken":[{"damage":4,"enemies":"2 Louse","floor":1,"turns":4},{"damage":0,"enemies":"Cultist","floor":2,"turns":4},{"damage":0,"enemies":"Small Slimes","floor":3,"turns":4},{"damage":32,"enemies":"Exordium Wildlife","floor":4,"turns":5},{"damage":9,"enemies":"Red Slaver","floor":5,"turns":2},{"damage":15,"enemies":"3 Sentries","floor":7,"turns":7},{"damage":6,"enemies":"Looter","floor":10,"turns":3},{"damage":26,"enemies":"Lagavulin","floor":12,"turns":4},{"damage":22,"enemies":"Exordium Wildlife","floor":13,"turns":4},{"damage":37,"enemies":"Hexaghost","floor":16,"turns":10}],"seed_played":"3390998575694613867","potions_obtained":[{"floor":2,"key":"BloodPotion"},{"floor":4,"key":"Explosive Potion"},{"floor":5,"key":"Regen Potion"},{"floor":7,"key":"Ancient Potion"},{"floor":11,"key":"Strength Potion"},{"floor":11,"key":"Strength Potion"}],"is_trial":false,"path_per_floor":["M","M","M","M","M","R","E","R","T","M","?","E","M","$","R","B"],"character_chosen":"IRONCLAD","items_purchased":["Flame Barrier","Metallicize"],"campfire_rested":1,"item_purchase_floors":[14,14],"current_hp_per_floor":[52,58,64,45,42,42,48,48,48,48,48,28,12,12,34,0],"gold":56,"neow_bonus":"TRANSFORM_TWO_CARDS","is_prod":false,"is_daily":false,"chose_seed":false,"campfire_upgraded":2,"win_rate":0,"timestamp":1558495733,"path_taken":["M","M","M","M","M","R","E","R","T","M","?","E","M","$","R","BOSS"],"build_version":"2019-01-23","purchased_purges":1,"victory":false,"max_hp_per_floor":[75,75,75,75,75,75,75,75,75,75,75,75,75,75,75,75],"card_choices":[{"not_picked":["Flex","Rage"],"picked":"Perfected Strike","floor":1},{"not_picked":["Wild Strike","Iron Wave","Power Through"],"picked":"SKIP","floor":2},{"not_picked":["True Grit","Rupture"],"picked":"Sword Boomerang","floor":3},{"not_picked":["Hemokinesis","Blood for Blood"],"picked":"Battle Trance","floor":4},{"not_picked":["Twin Strike","Wild Strike"],"picked":"Perfected Strike","floor":5},{"not_picked":["Thunderclap","Pommel Strike"],"picked":"Brutality","floor":7},{"not_picked":["Feel No Pain","Blood for Blood"],"picked":"Perfected Strike","floor":10},{"not_picked":["Fire Breathing","Dark Embrace"],"picked":"Battle Trance","floor":12},{"not_picked":["Headbutt","Second Wind","Fire Breathing"],"picked":"SKIP","floor":13}],"player_experience":465214,"relics_obtained":[{"floor":7,"key":"Mummified Hand"},{"floor":9,"key":"Letter Opener"},{"floor":12,"key":"Nunchaku"}],"event_choices":[{"damage_healed":0,"gold_gain":0,"player_choice":"Bought 3 Potions","damage_taken":0,"max_hp_gain":0,"max_hp_loss":0,"event_name":"The Woman in Blue","floor":11,"gold_loss":0}],"is_beta":false,"boss_relics":[],"items_purged_floors":[14],"is_endless":false,"potions_floor_spawned":[2,4,5,7],"killed_by":"Hexaghost","ascension_level":18}