{"gold_per_floor":[218,230,243,253,428,428,447,447,516,516,536,536,548,88,88,186,186,198,210,224,242,242,242,167,167,167,19,31,7,7,24,24,24],"floor_reached":33,"playtime":1436,"items_purged":["Strike_G"],"score":362,"play_id":"89d8e0c5-4c97-48d0-9289-66af06b72aa0","local_time":"20190331170614","is_ascension_mode":true,"campfire_choices":[{"data":"Crippling Poison","floor":6,"key":"SMITH"},{"floor":12,"key":"REST"},{"data":"Caltrops","floor":15,"key":"SMITH"},{"floor":23,"key":"REST"},{"data":"Footwork","floor":25,"key":"SMITH"},{"floor":32,"key":"REST"}],"neow_cost":"NONE","seed_source_timestamp":932966586530200,"circlet_count":0,"master_deck":["AscendersBane","Defend_G","Defend_G","Defend_G","Defend_G","Defend_G","Strike_G","Strike_G","Strike_G","Strike_G","Survivor","Neutralize","Backflip","Dagger Spray","Crippling Poison+1","Caltrops+1","Corpse Explosion","Catalyst","Footwork+1","Madness","After Image","Escape Plan","Backstab","Blur","Noxious Fumes","Backflip+1","Bane","Footwork+1"],"relics":["Ring of the Snake","Bottled Tornado","Turnip","Bronze Scales","Sozu","Kunai"],"potions_floor_usage":[16,18,33],"damage_taken":[{"damage":0,"enemies":"2 Louse","floor":1,"turns":6},{"damage":2,"enemies":"Jaw Worm","floor":2,"turns":5},{"damage":9,"enemies":"Cultist","floor":3,"turns":7},{"damage":4,"enemies":"Blue Slaver","floor":4,"turns":5},{"damage":10,"enemies":"Large Slime","floor":7,"turns":7},{"damage":11,"enemies":"Gremlin Gang","floor":11,"turns":3},{"damage":11,"enemies":"Exordium Thugs","floor":13,"turns":4},{"damage":1,"enemies":"The Guardian","floor":16,"turns":15},{"damage":11,"enemies":"Spheric Guardian","floor":18,"turns":5},{"damage":3,"enemies":"Shell Parasite","floor":19,"turns":5},{"damage":20,"enemies":"Snake Plant","floor":20,"turns":4},{"damage":0,"enemies":"Centurion and Healer","floor":21,"turns":5},{"damage":30,"enemies":"Snecko","floor":28,"turns":8},{"damage":8,"enemies":"Snake Plant","floor":31,"turns":3},{"damage":31,"enemies":"Collector","floor":33,"turns":7}],"seed_played":"7118955860921227910","potions_obtained":[{"floor":7,"key":"GhostInAJar"},{"floor":11,"key":"AttackPotion"},{"floor":13,"key":"Ancient Potion"}],"is_trial":false,"path_per_floor":["M","M","M","M","?","R","M","?","T","?","M","R","M","$","R","B",null,"M","M","M","M","?","R","?","R","T","$","M","$","?","M","R","B"],"character_chosen":"THE_SILENT","items_purchased":["Catalyst","Bronze Scales","Footwork","Madness","Blur","Noxious Fumes","Bane"],"campfire_rested":3,"item_purchase_floors":[14,14,14,14,27,27,29],"current_hp_per_floor":[63,61,52,48,48,48,38,43,43,40,29,51,40,40,40,39,66,55,52,32,32,18,42,42,42,42,42,12,12,12,4,28,0],"gold":24,"neow_bonus":"HUNDRED_GOLD","is_prod":false,"is_daily":false,"chose_seed":false,"campfire_upgraded":3,"win_rate":0,"timestamp":1554066374,"path_taken":["M","M","M","M","?","R","M","?","T","?","M","R","M","$","R","BOSS","M","M","M","M","?","R","?","R","T","?","M","$","?","?","R","BOSS"],"build_version":"2019-01-23","purchased_purges":1,"victory":false,"max_hp_per_floor":[70,70,70,70,70,70,70,75,75,75,75,75,75,75,75,75,75,75,75,75,75,80,80,80,80,80,80,80,80,80,80,80,80],"card_choices":[{"not_picked":["Deflect","Terror"],"picked":"Backflip","floor":1},{"not_picked":["Dagger Throw","Underhanded Strike"],"picked":"Dagger Spray","floor":2},{"not_picked":["Sucker Punch","Outmaneuver"],"picked":"Crippling Poison","floor":3},{"not_picked":["PiercingWail","Acrobatics"],"picked":"Caltrops","floor":4},{"not_picked":["Backflip","Backstab"],"picked":"Corpse Explosion","floor":7},{"not_picked":["Sucker Punch","Choke","Concentrate"],"picked":"SKIP","floor":11},{"not_picked":["Quick Slash","Cloak And Dagger","Deflect"],"picked":"SKIP","floor":13},{"not_picked":["A Thousand Cuts","Venomology"],"picked":"After Image","floor":16},{"not_picked":["Quick Slash","Flechettes"],"picked":"Escape Plan","floor":18},{"not_picked":["Deadly Poison","Poisoned Stab","Reflex"],"picked":"SKIP","floor":19},{"not_picked":["Distraction","Sucker Punch+1"],"picked":"Backstab","floor":20},{"not_picked":["Underhanded Strike","Acrobatics","Slice"],"picked":"SKIP","floor":21},{"not_picked":["Footwork","Dagger Spray+1"],"picked":"Backflip+1","floor":28},{"not_picked":["Phantasmal Killer","All Out Attack"],"picked":"Footwork+1","floor":31}],"player_experience":355822,"relics_obtained":[{"floor":9,"key":"Bottled Tornado"},{"floor":26,"key":"Kunai"}],"event_choices":[{"damage_healed":0,"gold_gain":175,"player_choice":"AGREE","damage_taken":0,"max_hp_gain":0,"max_hp_loss":0,"event_name":"Liars Game","floor":5,"gold_loss":0,"cards_obtained":["Doubt"]},{"damage_healed":0,"gold_gain":0,"player_choice":"Donut","damage_taken":0,"max_hp_gain":5,"max_hp_loss":0,"event_name":"Big Fish","floor":8,"gold_loss":0},{"damage_healed":0,"gold_gain":0,"player_choice":"Success","damage_taken":3,"relics_obtained":["Turnip"],"max_hp_gain":0,"max_hp_loss":0,"event_name":"Scrap Ooze","floor":10,"gold_loss":0},{"damage_healed":0,"gold_gain":0,"player_choice":"Shed Blood","damage_taken":19,"max_hp_gain":5,"max_hp_loss":0,"event_name":"Forgotten Altar","floor":22,"gold_loss":0},{"cards_removed":["Doubt"],"damage_healed":0,"gold_gain":0,"player_choice":"Gave Gold","damage_taken":0,"max_hp_gain":0,"max_hp_loss":0,"event_name":"Beggar","floor":24,"gold_loss":75},{"damage_healed":0,"gold_gain":0,"player_choice":"Ignored","damage_taken":0,"max_hp_gain":0,"max_hp_loss":0,"event_name":"N\u0027loth","floor":30,"gold_loss":0}],"is_beta":false,"boss_relics":[{"not_picked":["Black Star","WristBlade"],"picked":"Sozu"}],"items_purged_floors":[14],"is_endless":false,"potions_floor_spawned":[7,11,13,19,20],"killed_by":"Collector","ascension_level":10}