{"gold_per_floor":[10,10,10,10,23,48,59,59,59,36,48,48,60,87,87,161,161,173,67,117,128,146,175,175,210,265,278,312,324,374,409,409,482,482,492,506,506,517,534,579,608,608,608,635,9,22,22,34,34,34],"floor_reached":51,"playtime":6195,"items_purged":["Eviscerate"],"score":1994,"play_id":"43a5fa6b-3613-45cb-b66f-df7c3460a0b4","local_time":"20190614124145","is_ascension_mode":true,"campfire_choices":[{"floor":8.0,"key":"REST"},{"data":"Deadly Poison","floor":12.0,"key":"SMITH"},{"data":"Poisoned Stab","floor":15.0,"key":"SMITH"},{"data":"Adrenaline","floor":24.0,"key":"SMITH"},{"data":"Well Laid Plans","floor":32.0,"key":"SMITH"},{"data":"Burst","floor":47,"key":"SMITH"},{"floor":49,"key":"REST"}],"neow_cost":"NO_GOLD","seed_source_timestamp":0,"circlet_count":0,"master_deck":["AscendersBane","Survivor","Neutralize","Deadly Poison+1","Cloak And Dagger","Leg Sweep","Cloak And Dagger","Poisoned Stab+1","Acrobatics","Adrenaline+1","Tools of the Trade","Sucker Punch","Endless Agony+1","Blur","Adrenaline","Tools of the Trade","Glass Knife+1","Acrobatics","Slice","Well Laid Plans+1","PiercingWail","PiercingWail","After Image","Noxious Fumes","Master of Strategy","Escape Plan","Normality","Burst+1","Prepared+1"],"special_seed":0,"relics":["Ring of the Snake","FossilizedHelix","The Courier","Orichalcum","Letter Opener","Thread and Needle","Pandora\u0027s Box","Whetstone","Ginger","Tiny Chest","Regal Pillow","Lantern","PreservedInsect","Cursed Key","StoneCalendar","Happy Flower","Omamori","Shuriken","Membership Card","Bottled Tornado","Snake Skull","Pear","Oddly Smooth Stone","Art of War","Ancient Tea Set"],"potions_floor_usage":[41,50],"damage_taken":[{"damage":0.0,"enemies":"Cultist","floor":1.0,"turns":4.0},{"damage":28.0,"enemies":"Jaw Worm","floor":5.0,"turns":10.0},{"damage":15.0,"enemies":"3 Sentries","floor":6.0,"turns":15.0},{"damage":0.0,"enemies":"2 Louse","floor":7.0,"turns":3.0},{"damage":0.0,"enemies":"Red Slaver","floor":11.0,"turns":5.0},{"damage":0.0,"enemies":"Blue Slaver","floor":13.0,"turns":4.0},{"damage":0.0,"enemies":"Lagavulin","floor":14.0,"turns":6.0},{"damage":0.0,"enemies":"The Guardian","floor":16.0,"turns":10.0},{"damage":0.0,"enemies":"3 Byrds","floor":18.0,"turns":4.0},{"damage":0.0,"enemies":"2 Thieves","floor":21.0,"turns":2.0},{"damage":0.0,"enemies":"Centurion and Healer","floor":22.0,"turns":6.0},{"damage":17.0,"enemies":"Gremlin Leader","floor":23.0,"turns":6.0},{"damage":0.0,"enemies":"Slavers","floor":25.0,"turns":6.0},{"damage":0.0,"enemies":"Chosen and Byrds","floor":27.0,"turns":4.0},{"damage":0.0,"enemies":"Gremlin Leader","floor":28.0,"turns":6.0},{"damage":0.0,"enemies":"Snake Plant","floor":29.0,"turns":3.0},{"damage":0.0,"enemies":"Slavers","floor":31.0,"turns":5.0},{"damage":13.0,"enemies":"Automaton","floor":33.0,"turns":10.0},{"damage":0.0,"enemies":"Orb Walker","floor":35.0,"turns":3.0},{"damage":0.0,"enemies":"3 Shapes","floor":36.0,"turns":4.0},{"damage":0.0,"enemies":"3 Darklings","floor":38.0,"turns":4.0},{"damage":0.0,"enemies":"Jaw Worm Horde","floor":39.0,"turns":5.0},{"damage":35.0,"enemies":"2 Orb Walkers","floor":40.0,"turns":6.0},{"damage":13,"enemies":"Reptomancer","floor":41,"turns":4},{"damage":0,"enemies":"Nemesis","floor":44,"turns":5},{"damage":0,"enemies":"Spire Growth","floor":46,"turns":4},{"damage":0,"enemies":"Writhing Mass","floor":48,"turns":5},{"damage":0,"enemies":"Awakened One","floor":50,"turns":13}],"seed_played":"-3999901651046300517","potions_obtained":[{"floor":1.0,"key":"SkillPotion"},{"floor":5.0,"key":"Dexterity Potion"},{"floor":7.0,"key":"Poison Potion"},{"floor":14.0,"key":"LiquidBronze"},{"floor":21.0,"key":"LiquidBronze"},{"floor":23.0,"key":"Swift Potion"},{"floor":27.0,"key":"PowerPotion"},{"floor":33.0,"key":"Strength Potion"},{"floor":38.0,"key":"Dexterity Potion"},{"floor":40,"key":"Regen Potion"},{"floor":44,"key":"Strength Potion"},{"floor":48,"key":"GamblersBrew"}],"is_trial":false,"path_per_floor":["M","$","?","?","M","E","M","R","T","$","M","R","M","E","R","B",null,"M","$","?","M","M","E","R","E","T","M","E","M","T","E","R","B",null,"M","M","?","M","M","?","E","?","T","E","$","M","R","M","R","B",null],"character_chosen":"THE_SILENT","items_purchased":["Cloak And Dagger","PowerPotion","Membership Card","Bottled Tornado","Snake Skull","Pear","Oddly Smooth Stone","Art of War","Ancient Tea Set"],"campfire_rested":2,"item_purchase_floors":[10,19,45,45,45,45,45,45,45],"current_hp_per_floor":[59,59,59,59,31,16,16,35,35,35,35,35,35,35,35,35,58,58,58,58,58,58,41,41,41,41,41,41,41,41,41,41,28,57,57,57,47,47,47,12,13,13,13,13,23,23,23,23,60,60],"gold":34,"neow_bonus":"ONE_RARE_RELIC","is_prod":false,"is_daily":false,"chose_seed":false,"campfire_upgraded":5,"win_rate":0,"timestamp":1560508905,"path_taken":["M","?","?","?","M","E","M","R","T","$","?","R","M","E","R","BOSS","M","$","?","?","M","E","R","E","T","M","E","M","?","E","R","BOSS","M","M","?","M","M","?","E","?","T","E","$","M","R","M","R","BOSS"],"build_version":"2019-01-23","purchased_purges":1,"victory":true,"max_hp_per_floor":[66,66,66,66,66,66,66,66,66,66,66,66,66,66,66,66,66,66,66,66,66,66,66,66,66,66,66,66,66,66,66,66,66,66,66,66,66,66,66,66,66,66,66,66,76,76,76,76,76,76],"card_choices":[{"not_picked":["Tactician","Acrobatics","Blade Dance"],"picked":"SKIP","floor":1.0},{"not_picked":["Caltrops","Calculated Gamble"],"picked":"Deadly Poison","floor":5.0},{"not_picked":["Blade Dance","Quick Slash"],"picked":"Cloak And Dagger","floor":6.0},{"not_picked":["Acrobatics","Backflip"],"picked":"Leg Sweep","floor":7.0},{"not_picked":["Accuracy","Predator"],"picked":"Poisoned Stab","floor":11.0},{"not_picked":["Sucker Punch","Grand Finale"],"picked":"Acrobatics","floor":13.0},{"not_picked":["Bane","Tactician","Flechettes"],"picked":"SKIP","floor":14.0},{"not_picked":["Grand Finale","Wraith Form v2"],"picked":"Adrenaline","floor":16.0},{"not_picked":["Terror","Infinite Blades","Setup"],"picked":"SKIP","floor":18.0},{"not_picked":["Quick Slash","Underhanded Strike"],"picked":"Well Laid Plans","floor":21.0},{"not_picked":["Choke","Tactician","Endless Agony"],"picked":"SKIP","floor":22.0},{"not_picked":["Caltrops","Bane+1","Blur"],"picked":"SKIP","floor":23.0},{"not_picked":["Deflect","Deadly Poison"],"picked":"PiercingWail","floor":25.0},{"not_picked":["Outmaneuver","Blur","Terror"],"picked":"SKIP","floor":27.0},{"not_picked":["Quick Slash","Acrobatics"],"picked":"PiercingWail","floor":28.0},{"not_picked":["PiercingWail","All Out Attack","Dodge and Roll"],"picked":"SKIP","floor":29.0},{"not_picked":["Terror","Deflect","Acrobatics"],"picked":"SKIP","floor":31.0},{"not_picked":["Doppelganger","Die Die Die"],"picked":"After Image","floor":33.0},{"not_picked":["Bane","Dodge and Roll","Acrobatics"],"picked":"SKIP","floor":35.0},{"not_picked":["Infinite Blades+1","PiercingWail"],"picked":"Noxious Fumes","floor":36.0},{"not_picked":["Discovery","Purity"],"picked":"Master of Strategy","floor":37.0},{"not_picked":["Poisoned Stab","Outmaneuver","Slice"],"picked":"SKIP","floor":38.0},{"not_picked":["Acrobatics","Slice"],"picked":"Escape Plan","floor":39.0},{"not_picked":["Expertise","Dagger Spray","Underhanded Strike"],"picked":"SKIP","floor":41},{"not_picked":["PiercingWail+1","Setup+1","Acrobatics"],"picked":"SKIP","floor":44},{"not_picked":["Acrobatics","Prepared"],"picked":"Burst","floor":46},{"not_picked":["Deadly Poison","Reflex"],"picked":"Prepared+1","floor":48}],"player_experience":867353,"relics_obtained":[{"floor":4.0,"key":"The Courier"},{"floor":6.0,"key":"Orichalcum"},{"floor":9.0,"key":"Letter Opener"},{"floor":14.0,"key":"Thread and Needle"},{"floor":23.0,"key":"Whetstone"},{"floor":25.0,"key":"Ginger"},{"floor":26.0,"key":"Tiny Chest"},{"floor":28.0,"key":"Regal Pillow"},{"floor":30.0,"key":"Lantern"},{"floor":31.0,"key":"PreservedInsect"},{"floor":40,"key":"StoneCalendar"},{"floor":41,"key":"Happy Flower"},{"floor":43,"key":"Omamori"},{"floor":44,"key":"Shuriken"}],"event_choices":[{"damage_healed":0.0,"max_hp_gain":0.0,"max_hp_loss":0.0,"gold_gain":0.0,"event_name":"The Cleric","player_choice":"Leave","floor":3.0,"gold_loss":0.0,"damage_taken":0.0},{"damage_healed":0.0,"max_hp_gain":0.0,"max_hp_loss":0.0,"gold_gain":0.0,"event_name":"Wheel of Change","player_choice":"Relic","floor":4.0,"gold_loss":0.0,"damage_taken":0.0},{"damage_healed":0.0,"max_hp_gain":0.0,"max_hp_loss":0.0,"gold_gain":100.0,"event_name":"The Joust","player_choice":"Bet on Murderer","floor":20.0,"gold_loss":50.0,"damage_taken":0.0},{"damage_healed":0.0,"max_hp_gain":0.0,"max_hp_loss":0.0,"gold_gain":0.0,"event_name":"SensoryStone","player_choice":"Memory 3","floor":37.0,"gold_loss":0.0,"damage_taken":10.0},{"damage_healed":0.0,"max_hp_gain":0.0,"max_hp_loss":0.0,"gold_gain":0.0,"event_name":"Mysterious Sphere","player_choice":"Fight","floor":40.0,"gold_loss":0.0,"damage_taken":0.0},{"damage_healed":0,"gold_gain":0,"player_choice":"Ignored","damage_taken":0,"max_hp_gain":0,"max_hp_loss":0,"event_name":"Tomb of Lord Red Mask","floor":42,"gold_loss":0}],"is_beta":false,"boss_relics":[{"not_picked":["HoveringKite","Orrery"],"picked":"Pandora\u0027s Box"},{"not_picked":["Snecko Eye","Lizard Tail"],"picked":"Cursed Key"}],"items_purged_floors":[19],"is_endless":false,"potions_floor_spawned":[1,5,7,14,21,23,27,29,31,33,38,40,44,48],"ascension_level":19}