{"gold_per_floor":[111,111,126,144,164,164,191,191,191,210,210,221,221,221,221,319,319,338,338,338,348,348,348,374,374,374,404,422,447,116,130,130,227,227,237,582,582,582,43,43,59,93,118,18,32,61,74,89,89,89,89,89,15,43,43],"floor_reached":56,"playtime":14030,"items_purged":["Strike_G+1","Strike_G+1"],"score":1746,"play_id":"d4544cce-6dd9-4ad2-b737-3a42f3ad58e5","local_time":"20190107210849","is_ascension_mode":true,"campfire_choices":[{"data":"Leg Sweep","floor":6.0,"key":"SMITH"},{"floor":8,"key":"REST"},{"floor":13,"key":"REST"},{"floor":15,"key":"REST"},{"data":"Infinite Blades","floor":23,"key":"SMITH"},{"data":"Cloak And Dagger","floor":25,"key":"SMITH"},{"data":"Infinite Blades","floor":32,"key":"SMITH"},{"floor":40,"key":"RECALL"},{"data":"Malaise","floor":49,"key":"SMITH"},{"floor":52,"key":"REST"}],"neow_cost":"NONE","seed_source_timestamp":2235767671243326,"circlet_count":0,"master_deck":["Defend_G+1","Defend_G+1","Defend_G+1","Defend_G+1","Defend_G+1","Strike_G+1","Strike_G+1","Strike_G+1","Survivor","Neutralize","PiercingWail","Dodge and Roll","Leg Sweep+1","Distraction+1","Dagger Throw","Malaise+1","Well Laid Plans","Noxious Fumes+1","Infinite Blades+1","Cloak And Dagger+1","Backflip","Backstab","Backstab+1","A Thousand Cuts","Infinite Blades+1","Crippling Poison+1","Cloak And Dagger+1","Panache","Bandage Up+1","Phantasmal Killer+1","Backflip+1","Doppelganger+1","Dramatic Entrance","Leg Sweep+1","Cloak And Dagger+1","Corpse Explosion+1","Blur+1","Backflip+1","Distraction+1","Backflip+1","Parasite","Cloak And Dagger+1","Glass Knife","Noxious Fumes+1"],"special_seed":0,"relics":["Ring of the Snake","CultistMask","FossilizedHelix","Shuriken","Orrery","Unceasing Top","Bottled Flame","Toxic Egg 2","Prayer Wheel","Paper Crane","WristBlade","Old Coin","Torii","Lee\u0027s Waffle","Bird Faced Urn","Lantern","Dodecahedron"],"potions_floor_usage":[24,27,29,36,55,55,55],"damage_taken":[{"damage":0.0,"enemies":"Small Slimes","floor":1.0,"turns":4.0},{"damage":3.0,"enemies":"Cultist","floor":3.0,"turns":5.0},{"damage":11.0,"enemies":"Jaw Worm","floor":4.0,"turns":8.0},{"damage":1.0,"enemies":"2 Fungi Beasts","floor":5.0,"turns":5.0},{"damage":41,"enemies":"3 Sentries","floor":7,"turns":28},{"damage":18,"enemies":"Exordium Thugs","floor":10,"turns":10},{"damage":1,"enemies":"Large Slime","floor":12,"turns":8},{"damage":19,"enemies":"The Guardian","floor":16,"turns":19},{"damage":2,"enemies":"3 Byrds","floor":18,"turns":6},{"damage":2,"enemies":"Chosen","floor":21,"turns":8},{"damage":0,"enemies":"Book of Stabbing","floor":24,"turns":8},{"damage":3,"enemies":"Slavers","floor":27,"turns":9},{"damage":11,"enemies":"Sentry and Sphere","floor":28,"turns":6},{"damage":6,"enemies":"Book of Stabbing","floor":29,"turns":8},{"damage":0,"enemies":"Snake Plant","floor":31,"turns":5},{"damage":31,"enemies":"Collector","floor":33,"turns":8},{"damage":0,"enemies":"Orb Walker","floor":35,"turns":3},{"damage":5,"enemies":"2 Orb Walkers","floor":36,"turns":4},{"damage":0,"enemies":"3 Darklings","floor":41,"turns":4},{"damage":14,"enemies":"Giant Head","floor":42,"turns":7},{"damage":0,"enemies":"4 Shapes","floor":45,"turns":6},{"damage":0,"enemies":"Nemesis","floor":46,"turns":5},{"damage":9,"enemies":"Maw","floor":47,"turns":6},{"damage":1,"enemies":"Writhing Mass","floor":48,"turns":6},{"damage":55,"enemies":"Time Eater","floor":50,"turns":11},{"damage":42,"enemies":"Shield and Spear","floor":54,"turns":4},{"damage":33,"enemies":"The Heart","floor":55,"turns":11}],"seed_played":"-6171752733409014597","potions_obtained":[{"floor":1.0,"key":"GhostInAJar"},{"floor":7,"key":"Ancient Potion"},{"floor":16,"key":"Fire Potion"},{"floor":18,"key":"EssenceOfSteel"},{"floor":24,"key":"AttackPotion"},{"floor":27,"key":"GamblersBrew"},{"floor":31,"key":"GhostInAJar"},{"floor":36,"key":"Dexterity Potion"}],"is_trial":false,"path_per_floor":["M","?","M","M","M","R","E","R","T","M","?","M","R","?","R","B",null,"M","?","?","M","T","R","E","R","T","E","M","E","$","M","R","B",null,"M","?","?","?","$","R","M","E","T","$","M","E","M","M","R","B",null,"R","$","E","B",null],"character_chosen":"THE_SILENT","items_purchased":["Panache","Bandage Up+1","Torii","Lee\u0027s Waffle","Cloak And Dagger+1","LiquidBronze"],"campfire_rested":4,"item_purchase_floors":[30,30,39,39,39,53],"current_hp_per_floor":[70,70,67,56,55,55,14,37,37,19,19,18,41,41,64,45,69,67,67,67,65,65,65,65,65,65,62,51,45,45,51,51,26,64,64,59,59,59,84,84,84,71,71,71,83,84,81,84,84,41,73,84,84,42,27],"gold":43,"neow_bonus":"TEN_PERCENT_HP_BONUS","is_prod":false,"is_daily":false,"chose_seed":false,"campfire_upgraded":5,"win_rate":0,"timestamp":1546913329,"path_taken":["M","?","M","M","M","R","E","R","T","?","?","M","R","?","R","BOSS","M","?","?","?","?","R","E","R","T","E","M","E","$","M","R","BOSS","M","?","?","?","$","R","M","E","T","$","M","E","?","M","R","BOSS","R","$","E","BOSS"],"build_version":"2019-01-03v4","purchased_purges":2,"victory":true,"max_hp_per_floor":[77,77,77,77,77,77,77,77,77,77,77,77,77,77,77,77,77,77,77,77,77,77,77,77,77,77,77,77,77,77,77,77,77,77,77,77,77,77,84,84,84,84,84,84,84,84,84,84,84,84,84,84,84,84,84],"card_choices":[{"not_picked":["Choke","Sucker Punch"],"picked":"PiercingWail","floor":1.0},{"not_picked":["Dagger Spray","Sucker Punch"],"picked":"Dodge and Roll","floor":3.0},{"not_picked":["Skewer","PiercingWail"],"picked":"Leg Sweep","floor":4.0},{"not_picked":["Choke","Accuracy","Tactician"],"picked":"SKIP","floor":5.0},{"not_picked":["Flying Knee","Slice","Reflex"],"picked":"SKIP","floor":7},{"not_picked":["Finisher","Blade Dance"],"picked":"Distraction","floor":10},{"not_picked":["Slice","Deflect"],"picked":"Dagger Throw","floor":12},{"not_picked":["Die Die Die","Unload"],"picked":"Malaise","floor":16},{"not_picked":["Setup","Bane"],"picked":"Well Laid Plans","floor":17},{"not_picked":["Deadly Poison","Predator"],"picked":"Noxious Fumes","floor":17},{"not_picked":["Slice","Poisoned Stab"],"picked":"Infinite Blades","floor":17},{"not_picked":["Backflip","Acrobatics"],"picked":"Cloak And Dagger","floor":17},{"not_picked":["PiercingWail","Dagger Throw+1"],"picked":"Backflip","floor":18},{"not_picked":["Dagger Spray","Outmaneuver"],"picked":"Backstab","floor":21},{"not_picked":["Outmaneuver+1","Blade Dance"],"picked":"Backstab+1","floor":24},{"not_picked":["Dodge and Roll+1","Sucker Punch"],"picked":"A Thousand Cuts","floor":27},{"not_picked":["Outmaneuver+1","Dagger Spray"],"picked":"Infinite Blades","floor":28},{"not_picked":["Dagger Throw+1","Terror+1"],"picked":"Crippling Poison+1","floor":28},{"not_picked":["Sucker Punch+1","PiercingWail+1"],"picked":"Cloak And Dagger+1","floor":29},{"not_picked":["Backflip+1","Poisoned Stab"],"picked":"Phantasmal Killer+1","floor":31},{"not_picked":["Predator","Finisher"],"picked":"Backflip+1","floor":31},{"not_picked":["Venomology+1","Night Terror+1"],"picked":"Doppelganger+1","floor":33},{"not_picked":["Dagger Spray+1","Well Laid Plans","Predator"],"picked":"SKIP","floor":35},{"not_picked":["PiercingWail+1","Dagger Throw+1","Masterful Stab+1"],"picked":"SKIP","floor":35},{"not_picked":["Eviscerate+1","Setup+1"],"picked":"Corpse Explosion+1","floor":41},{"not_picked":["Dagger Throw","Deadly Poison+1"],"picked":"Blur+1","floor":41},{"not_picked":["Calculated Gamble+1","Dagger Throw"],"picked":"Backflip+1","floor":42},{"not_picked":["Deflect+1","Choke+1","Sucker Punch"],"picked":"SKIP","floor":45},{"not_picked":["Reflex+1","Choke","Dagger Throw"],"picked":"SKIP","floor":45},{"not_picked":["Endless Agony+1","Heel Hook+1"],"picked":"Distraction+1","floor":46},{"not_picked":["Quick Slash","Sucker Punch"],"picked":"Backflip+1","floor":47},{"not_picked":["Flying Knee","Eviscerate+1","Acrobatics+1"],"picked":"SKIP","floor":47},{"not_picked":["Blade Dance+1","Outmaneuver+1"],"picked":"Cloak And Dagger+1","floor":48},{"not_picked":["Underhanded Strike+1","Slice+1"],"picked":"Glass Knife","floor":48},{"not_picked":["Sucker Punch+1","Bane+1"],"picked":"Noxious Fumes+1","floor":54}],"player_experience":572972,"relics_obtained":[{"floor":7,"key":"FossilizedHelix"},{"floor":9,"key":"Shuriken"},{"floor":22,"key":"Unceasing Top"},{"floor":24,"key":"Bottled Flame"},{"floor":26,"key":"Toxic Egg 2"},{"floor":27,"key":"Prayer Wheel"},{"floor":29,"key":"Paper Crane"},{"floor":36,"key":"Old Coin"},{"floor":42,"key":"Bird Faced Urn"},{"floor":46,"key":"Lantern"},{"floor":54,"key":"Dodecahedron"}],"event_choices":[{"damage_healed":0.0,"max_hp_gain":0.0,"max_hp_loss":0.0,"gold_gain":0.0,"event_name":"FaceTrader","player_choice":"Trade","floor":2.0,"gold_loss":0.0,"damage_taken":0.0,"relics_obtained":["CultistMask"]},{"damage_healed":0,"gold_gain":0,"player_choice":"Searched \u00270\u0027 times","damage_taken":0,"max_hp_gain":0,"max_hp_loss":0,"event_name":"Dead Adventurer","floor":11,"gold_loss":0},{"damage_healed":0,"gold_gain":0,"player_choice":"Forge","damage_taken":0,"max_hp_gain":0,"max_hp_loss":0,"event_name":"Accursed Blacksmith","floor":14,"gold_loss":0,"cards_upgraded":["Distraction"]},{"damage_healed":0,"gold_gain":0,"player_choice":"Simplicity","damage_taken":0,"max_hp_gain":0,"max_hp_loss":0,"event_name":"Back to Basics","floor":19,"gold_loss":0,"cards_upgraded":["Defend_G","Defend_G","Defend_G","Defend_G","Defend_G","Strike_G","Strike_G","Strike_G","Strike_G","Strike_G"]},{"damage_healed":0,"gold_gain":0,"player_choice":"Upgraded","damage_taken":0,"max_hp_gain":0,"max_hp_loss":0,"event_name":"Upgrade Shrine","floor":20,"gold_loss":0,"cards_upgraded":["Noxious Fumes"]},{"damage_healed":0,"gold_gain":0,"player_choice":"Fight","damage_taken":0,"max_hp_gain":0,"max_hp_loss":0,"event_name":"Mysterious Sphere","floor":36,"gold_loss":0},{"damage_healed":0,"gold_gain":0,"player_choice":"Ignored","damage_taken":0,"max_hp_gain":0,"max_hp_loss":0,"event_name":"Tomb of Lord Red Mask","floor":37,"gold_loss":0},{"damage_healed":0,"gold_gain":0,"player_choice":"2 cards matched","damage_taken":0,"max_hp_gain":0,"max_hp_loss":0,"event_name":"Match and Keep!","floor":38,"gold_loss":0,"cards_obtained":["Dramatic Entrance","Leg Sweep"]}],"is_beta":false,"boss_relics":[{"not_picked":["Coffee Dripper","Lizard Tail"],"picked":"Orrery"},{"not_picked":["Calling Bell","Empty Cage"],"picked":"WristBlade"}],"items_purged_floors":[30,44],"is_endless":false,"potions_floor_spawned":[1,7,16,18,24,27,31,35,36,41,48,54],"ascension_level":8}