{"gold_per_floor":[11,27,27,27,38,72,72,100,179,146,146,146,166,184,184,285,285,303,316,335,335,350,380,391,391,416,416,416,416,436,454,454,551,551,562,575,594,594,610,610,635,635,661,681,698,718,718,718,718,718],"floor_reached":51,"playtime":6452,"items_purged":[],"score":953,"play_id":"0a89998b-0082-4f1d-8901-d9ddf042e426","local_time":"20180709162228","is_ascension_mode":false,"campfire_choices":[{"data":"Regret","floor":7.0,"key":"PURGE"},{"floor":12,"key":"REST"},{"floor":15,"key":"REST"},{"floor":29,"key":"REST"},{"floor":32,"key":"REST"},{"floor":40,"key":"REST"},{"floor":42,"key":"REST"},{"floor":47,"key":"REST"},{"floor":49,"key":"REST"}],"neow_cost":"NO_GOLD","seed_source_timestamp":0,"circlet_count":0,"master_deck":["Defend_G+1","Defend_G+1","Defend_G+1","Defend_G+1","Defend_G+1","Strike_G+1","Strike_G+1","Strike_G+1","Strike_G+1","Strike_G+1","Survivor","Neutralize","Poisoned Stab","Dagger Spray","Bouncing Flask","Adrenaline","Noxious Fumes+1","All Out Attack","Bane","Dash","Corpse Explosion","Sucker Punch","Footwork","Flying Knee","Skewer+1","Leg Sweep","All Out Attack+1","Bane","Predator","Distraction","Quick Slash+1","Doppelganger","Predator+1","Acrobatics+1","Catalyst+1","Madness","Madness","Crippling Poison+1","Flying Knee+1","Prepared+1","Backflip","Flechettes+1","Backflip","Backflip","Backflip+1","Phantasmal Killer","Backstab+1"],"special_seed":17721,"relics":["Ring of the Snake","Incense Burner","Anchor","Peace Pipe","Odd Mushroom","Pear","Sozu","Bronze Scales","Dream Catcher","Fusion Hammer","Happy Flower","Pen Nib","Thread and Needle"],"potions_floor_usage":[16],"damage_taken":[{"damage":2.0,"enemies":"Small Slimes","floor":1.0,"turns":3.0},{"damage":1.0,"enemies":"Jaw Worm","floor":2.0,"turns":5.0},{"damage":0.0,"enemies":"2 Louse","floor":5.0,"turns":2.0},{"damage":38.0,"enemies":"3 Sentries","floor":6.0,"turns":10.0},{"damage":8.0,"floor":8.0,"turns":4.0},{"damage":0,"enemies":"Large Slime","floor":13,"turns":5},{"damage":2,"enemies":"Exordium Thugs","floor":14,"turns":4},{"damage":34,"enemies":"Hexaghost","floor":16,"turns":10},{"damage":0,"enemies":"2 Thieves","floor":18,"turns":3},{"damage":2,"enemies":"Spheric Guardian","floor":19,"turns":5},{"damage":15,"enemies":"Snake Plant","floor":20,"turns":5},{"damage":18,"enemies":"Slaver and Parasite","floor":22,"turns":6},{"damage":31,"enemies":"Slavers","floor":23,"turns":4},{"damage":0,"enemies":"Snecko","floor":24,"turns":5},{"damage":7,"enemies":"Sentry and Sphere","floor":30,"turns":3},{"damage":4,"enemies":"3 Cultists","floor":31,"turns":3},{"damage":51,"enemies":"Automaton","floor":33,"turns":9},{"damage":0,"enemies":"3 Shapes","floor":35,"turns":1},{"damage":0,"enemies":"Orb Walker","floor":36,"turns":2},{"damage":34,"enemies":"Sphere and 2 Shapes","floor":37,"turns":4},{"damage":31,"enemies":"Maw","floor":39,"turns":7},{"damage":23,"enemies":"2 Orb Walkers","floor":41,"turns":5},{"damage":7,"enemies":"3 Darklings","floor":44,"turns":4},{"damage":0,"enemies":"Sphere and 2 Shapes","floor":45,"turns":1},{"damage":0,"enemies":"4 Shapes","floor":46,"turns":3},{"damage":0,"floor":48,"turns":4},{"damage":18,"enemies":"Awakened One","floor":50,"turns":13}],"seed_played":"2365577451791200373","potions_obtained":[{"floor":1.0,"key":"Block Potion"},{"floor":2.0,"key":"FairyPotion"},{"floor":5.0,"key":"Energy Potion"}],"is_trial":false,"path_per_floor":["M","M","?","$","M","E","R","?","T","$","?","R","M","M","R","B",null,"M","M","M","$","M","E","M","?","T","?","?","R","M","M","R","B",null,"M","M","M","?","M","R","E","R","T","M","M","M","R","?","R","B"],"character_chosen":"THE_SILENT","items_purchased":["All Out Attack"],"campfire_rested":8,"item_purchase_floors":[10],"current_hp_per_floor":[68,67,67,67,67,29,29,21,31,31,15,39,39,37,61,27,80,80,78,63,63,45,14,14,14,14,14,14,38,31,27,51,8,80,80,80,46,36,5,29,6,30,30,23,23,23,47,47,71,53],"gold":718,"neow_bonus":"ONE_RARE_RELIC","is_prod":false,"is_daily":false,"chose_seed":false,"campfire_upgraded":0,"win_rate":0.0,"timestamp":1531167748,"path_taken":["M","M","?","$","M","E","R","?","T","$","?","R","?","M","R","BOSS","M","M","?","$","M","E","M","?","T","?","?","R","M","M","R","BOSS","M","M","M","?","?","R","E","R","T","?","M","M","R","?","R","BOSS"],"build_version":"2018-07-05","purchased_purges":0,"victory":true,"max_hp_per_floor":[70,70,70,70,70,70,70,70,80,80,80,80,80,80,80,80,80,80,80,80,80,80,80,80,80,80,80,80,80,80,80,80,80,80,80,80,80,80,80,80,80,80,80,80,80,80,80,80,80,80],"card_choices":[{"not_picked":["Flechettes","Outmaneuver"],"picked":"Poisoned Stab","floor":1.0},{"not_picked":["Reflex","Acrobatics"],"picked":"Dagger Spray","floor":2.0},{"not_picked":["PiercingWail","Deflect"],"picked":"Bouncing Flask","floor":5.0},{"not_picked":["Backflip","Dagger Spray"],"picked":"Adrenaline","floor":6.0},{"not_picked":["Underhanded Strike","Blade Dance"],"picked":"Noxious Fumes","floor":8.0},{"not_picked":["Dagger Spray","Slice"],"picked":"Bane","floor":13},{"not_picked":["Deadly Poison","Prepared"],"picked":"Dash","floor":14},{"not_picked":["Phantasmal Killer","Unload"],"picked":"Corpse Explosion","floor":16},{"not_picked":["Deadly Poison","PiercingWail"],"picked":"Sucker Punch","floor":18},{"not_picked":["Caltrops","Escape Plan"],"picked":"Footwork","floor":19},{"not_picked":["Underhanded Strike+1","Dagger Throw"],"picked":"Flying Knee","floor":20},{"not_picked":["Quick Slash","Well Laid Plans"],"picked":"Skewer","floor":22},{"not_picked":["After Image","Prepared+1"],"picked":"Leg Sweep","floor":23},{"not_picked":["Prepared","Flying Knee"],"picked":"All Out Attack+1","floor":24},{"not_picked":["Dodge and Roll","Backflip"],"picked":"Bane","floor":29},{"not_picked":["Flechettes","Deadly Poison"],"picked":"Predator","floor":30},{"not_picked":["Deflect","Heel Hook"],"picked":"Distraction","floor":31},{"not_picked":["Masterful Stab","Underhanded Strike"],"picked":"Quick Slash+1","floor":32},{"not_picked":["Envenom","Tools of the Trade"],"picked":"Doppelganger","floor":33},{"not_picked":["Dodge and Roll+1","Masterful Stab"],"picked":"Predator+1","floor":35},{"not_picked":["Poisoned Stab+1","Dodge and Roll"],"picked":"Acrobatics+1","floor":36},{"not_picked":["Dash+1","Flying Knee"],"picked":"Catalyst+1","floor":37},{"not_picked":["Sucker Punch","PiercingWail"],"picked":"Crippling Poison+1","floor":39},{"not_picked":["Masterful Stab+1","Infinite Blades"],"picked":"Flying Knee+1","floor":40},{"not_picked":["Night Terror","Escape Plan"],"picked":"Prepared+1","floor":41},{"not_picked":["Blade Dance+1","Reflex+1"],"picked":"Backflip","floor":42},{"not_picked":["Underhanded Strike","PiercingWail"],"picked":"Flechettes+1","floor":44},{"not_picked":["Sucker Punch+1","Acrobatics+1"],"picked":"Backflip","floor":45},{"not_picked":["Expertise","Prepared+1"],"picked":"Backflip","floor":46},{"not_picked":["Dagger Throw+1","Dodge and Roll+1"],"picked":"Backflip+1","floor":47},{"not_picked":["Dagger Spray+1","Masterful Stab+1"],"picked":"Phantasmal Killer","floor":48},{"not_picked":["Endless Agony+1","Backflip"],"picked":"Backstab+1","floor":49}],"player_experience":8699,"relics_obtained":[{"floor":6.0,"key":"Peace Pipe"},{"floor":8.0,"key":"Odd Mushroom"},{"floor":9.0,"key":"Pear"},{"floor":23,"key":"Bronze Scales"},{"floor":26,"key":"Dream Catcher"},{"floor":41,"key":"Happy Flower"},{"floor":43,"key":"Pen Nib"},{"floor":48,"key":"Thread and Needle"}],"event_choices":[{"event_name":"Big Fish","player_choice":"Box","floor":3.0,"damage_taken":0.0},{"event_name":"Mushrooms","player_choice":"Fought Mushrooms","floor":8.0,"damage_taken":0.0},{"event_name":"Shining Light","player_choice":"Entered Light","floor":11,"damage_taken":0},{"event_name":"Back to Basics","player_choice":"Simplicity","floor":25,"damage_taken":0},{"event_name":"Upgrade Shrine","player_choice":"Upgraded","floor":27,"damage_taken":0},{"event_name":"Beggar","player_choice":"Ignored","floor":28,"damage_taken":0},{"event_name":"Winding Halls","player_choice":"Embrace Madness","floor":38,"damage_taken":0},{"event_name":"MindBloom","player_choice":"Fight","floor":48,"damage_taken":0}],"boss_relics":[{"not_picked":["Coffee Dripper","Orrery"],"picked":"Sozu"},{"not_picked":["Snecko Eye","Cursed Key"],"picked":"Fusion Hammer"}],"items_purged_floors":[],"is_endless":false,"potions_floor_spawned":[1,2,5,13,19,22,23,33,36,37,39,46],"ascension_level":0}