{"gold_per_floor":[112,287,303,303,69,69,84,99,154,154,183,46,46,79,79,152,152,163,163,38,48,48,75,75,75,127,139,170,182,293,305],"floor_reached":31,"playtime":1151,"items_purged":["Doubt","Strike_R","Strike_R"],"score":440,"play_id":"a30907b7-d7ea-4dfb-9be0-7fb83b3aaf9f","local_time":"20190428182506","is_ascension_mode":true,"campfire_choices":[{"data":"Spot Weakness","floor":6,"key":"SMITH"},{"data":"Uppercut","floor":10,"key":"SMITH"},{"data":"Blind","floor":13,"key":"SMITH"},{"floor":15,"key":"REST"},{"floor":24,"key":"REST"},{"data":"Limit Break","floor":27,"key":"SMITH"}],"neow_cost":"TEN_PERCENT_HP_LOSS","seed_source_timestamp":373435291851500,"circlet_count":0,"master_deck":["AscendersBane","Strike_R","Strike_R","Strike_R","Defend_R","Defend_R","Defend_R","Defend_R","Bash","Dramatic Entrance","Blind+1","Armaments+1","Spot Weakness+1","Uppercut+1","Impervious","Ghostly Armor","Inflame","Flame Barrier","Limit Break+1","Limit Break","Dropkick+1","Cleave","J.A.X.","True Grit"],"relics":["Burning Blood","Potion Belt","Omamori","Darkstone Periapt","Runic Pyramid","Dodecahedron","MawBank"],"potions_floor_usage":[16,23,28,31,31],"damage_taken":[{"damage":4,"enemies":"Small Slimes","floor":1,"turns":3},{"damage":8,"enemies":"2 Louse","floor":3,"turns":3},{"damage":2,"enemies":"Cultist","floor":7,"turns":4},{"damage":9,"enemies":"Large Slime","floor":8,"turns":8},{"damage":22,"enemies":"Gremlin Nob","floor":11,"turns":5},{"damage":26,"enemies":"Lagavulin","floor":14,"turns":9},{"damage":45,"enemies":"Hexaghost","floor":16,"turns":12},{"damage":19,"enemies":"3 Byrds","floor":18,"turns":4},{"damage":10,"enemies":"Shell Parasite","floor":21,"turns":5},{"damage":33,"enemies":"Book of Stabbing","floor":23,"turns":6},{"damage":17,"enemies":"Snake Plant","floor":28,"turns":5},{"damage":44,"enemies":"Snecko","floor":31,"turns":6}],"seed_played":"3174235894359931981","potions_obtained":[{"floor":1,"key":"Poison Potion"},{"floor":7,"key":"SteroidPotion"},{"floor":8,"key":"Strength Potion"},{"floor":18,"key":"LiquidBronze"},{"floor":21,"key":"PowerPotion"},{"floor":23,"key":"Swift Potion"}],"is_trial":false,"path_per_floor":["M","?","M","?","$","R","M","M","T","R","E","$","R","E","R","B",null,"M","?","$","M","$","E","R","?","T","R","M","?","?","M"],"character_chosen":"IRONCLAD","items_purchased":["Spot Weakness","Uppercut","Inflame"],"campfire_rested":2,"item_purchase_floors":[5,5,12],"current_hp_per_floor":[68,68,66,66,66,66,68,65,65,65,49,49,49,29,49,10,54,41,41,41,37,37,10,30,30,30,30,19,41,41,0],"gold":305,"neow_bonus":"RANDOM_COLORLESS_2","is_prod":false,"is_daily":false,"chose_seed":false,"campfire_upgraded":4,"win_rate":0,"timestamp":1556490306,"path_taken":["M","?","M","?","$","R","M","M","T","R","E","$","R","E","R","BOSS","M","?","$","?","$","E","R","?","T","R","M","?","?","M"],"build_version":"2019-01-23","purchased_purges":3,"victory":false,"max_hp_per_floor":[68,68,68,68,68,68,68,68,68,68,68,68,68,68,68,68,68,68,68,68,68,68,68,68,68,68,68,68,68,68,68],"card_choices":[{"not_picked":["Body Slam","Clash"],"picked":"Armaments","floor":1},{"not_picked":["Bloodletting","Havoc","Wild Strike"],"picked":"SKIP","floor":3},{"not_picked":["Hemokinesis","Second Wind"],"picked":"Impervious","floor":7},{"not_picked":["Sword Boomerang","Dual Wield"],"picked":"Ghostly Armor","floor":8},{"not_picked":["Searing Blow","Clash","Clothesline"],"picked":"SKIP","floor":11},{"not_picked":["Perfected Strike","Barricade"],"picked":"Flame Barrier","floor":14},{"not_picked":["Offering","Bludgeon"],"picked":"Limit Break","floor":16},{"not_picked":["Iron Wave","Flex","Second Wind"],"picked":"SKIP","floor":18},{"not_picked":["Body Slam","Twin Strike"],"picked":"Dropkick+1","floor":21},{"not_picked":["Feed","Clothesline"],"picked":"Cleave","floor":23},{"not_picked":["Headbutt","Wild Strike"],"picked":"True Grit","floor":28}],"player_experience":401465,"relics_obtained":[{"floor":9,"key":"Potion Belt"},{"floor":11,"key":"Omamori"},{"floor":14,"key":"Darkstone Periapt"},{"floor":23,"key":"Dodecahedron"},{"floor":26,"key":"MawBank"}],"event_choices":[{"damage_healed":0,"gold_gain":175,"player_choice":"AGREE","damage_taken":0,"max_hp_gain":0,"max_hp_loss":0,"event_name":"Liars Game","floor":2,"gold_loss":0,"cards_obtained":["Doubt"]},{"damage_healed":0,"gold_gain":0,"player_choice":"Grow","damage_taken":0,"max_hp_gain":0,"max_hp_loss":0,"event_name":"Living Wall","floor":4,"gold_loss":0,"cards_upgraded":["Armaments"]},{"damage_healed":0,"gold_gain":0,"player_choice":"Copied","damage_taken":0,"max_hp_gain":0,"max_hp_loss":0,"event_name":"Duplicator","floor":19,"gold_loss":0,"cards_obtained":["Limit Break"]},{"damage_healed":0,"gold_gain":0,"player_choice":"Obtain J.A.X.","damage_taken":0,"max_hp_gain":0,"max_hp_loss":0,"event_name":"Drug Dealer","floor":25,"gold_loss":0,"cards_obtained":["J.A.X."]},{"damage_healed":22,"gold_gain":0,"player_choice":"Heal","damage_taken":0,"max_hp_gain":0,"max_hp_loss":0,"event_name":"The Library","floor":29,"gold_loss":0},{"damage_healed":0,"gold_gain":99,"player_choice":"Stole From Cult","damage_taken":0,"max_hp_gain":0,"max_hp_loss":0,"event_name":"Nest","floor":30,"gold_loss":0}],"is_beta":false,"boss_relics":[{"not_picked":["Ectoplasm","Black Blood"],"picked":"Runic Pyramid"}],"items_purged_floors":[5,12,20],"is_endless":false,"potions_floor_spawned":[1,7,8,18,21,23],"killed_by":"Snecko","ascension_level":14}