{"gold_per_floor":[116,133,152,163,2,2,36,55,100,25,25,25,37,50,50,50],"floor_reached":16,"playtime":755,"items_purged":["Strike_B"],"score":208,"play_id":"7c144935-084f-492a-9851-acc0322b864a","local_time":"20180929223105","is_ascension_mode":true,"campfire_choices":[{"floor":6.0,"key":"REST"},{"floor":12.0,"key":"REST"},{"floor":15,"key":"REST"}],"neow_cost":"PERCENT_DAMAGE","seed_source_timestamp":37153558455775,"circlet_count":0,"master_deck":["Strike_B","Defend_B","Defend_B","Defend_B","Defend_B","Zap","Dualcast","AscendersBane","Thunder Strike","Cold Snap","Capacitor","Hologram","Leap","Storm","Heatsinks","Capacitor","BootSequence"],"special_seed":0,"relics":["Cracked Core","StoneCalendar","Oddly Smooth Stone"],"potions_floor_usage":[16],"damage_taken":[{"damage":0.0,"enemies":"Cultist","floor":1.0,"turns":3.0},{"damage":2.0,"enemies":"Small Slimes","floor":2.0,"turns":3.0},{"damage":10.0,"enemies":"2 Louse","floor":3.0,"turns":2.0},{"damage":10.0,"enemies":"Exordium Thugs","floor":4.0,"turns":4.0},{"damage":23.0,"enemies":"Lagavulin","floor":7.0,"turns":8.0},{"damage":9.0,"enemies":"Looter","floor":8.0,"turns":4.0},{"damage":7.0,"enemies":"Blue Slaver","floor":13.0,"turns":4.0},{"damage":19,"enemies":"Gremlin Gang","floor":14,"turns":7},{"damage":15,"enemies":"Hexaghost","floor":16,"turns":9}],"seed_played":"-6316778090833467420","potions_obtained":[{"floor":4.0,"key":"SteroidPotion"},{"floor":8.0,"key":"Weak Potion"}],"is_trial":false,"path_per_floor":["M","M","M","M","$","R","E","M","T","?","?","R","M","M","R"],"character_chosen":"DEFECT","items_purchased":["Storm"],"campfire_rested":3,"item_purchase_floors":[5],"current_hp_per_floor":[46,44,34,24,24,45,22,13,13,13,6,27,20,1,22,7],"gold":50,"neow_bonus":"THREE_RARE_CARDS","is_prod":false,"is_daily":false,"chose_seed":false,"campfire_upgraded":0,"win_rate":0,"timestamp":1538253065,"path_taken":["M","M","M","M","?","R","E","M","T","?","?","R","M","M","R","BOSS"],"build_version":"2018-09-27","purchased_purges":1,"victory":false,"max_hp_per_floor":[71,71,71,71,71,71,71,71,71,71,71,71,71,71,71,71],"card_choices":[{"not_picked":["Multi-Cast","Machine Learning"],"picked":"Thunder Strike","floor":0.0},{"not_picked":["Beam Cell","Double Energy"],"picked":"Cold Snap","floor":1.0},{"not_picked":["Skim","Compile Driver"],"picked":"Capacitor","floor":2.0},{"not_picked":["Blizzard","Aggregate"],"picked":"Hologram","floor":3.0},{"not_picked":["Beam Cell","Hologram"],"picked":"Leap","floor":4.0},{"not_picked":["Doom and Gloom","Go for the Eyes"],"picked":"Heatsinks","floor":7.0},{"not_picked":["Barrage","Aggregate"],"picked":"Capacitor","floor":8.0},{"not_picked":["Scrape","Fusion","Streamline"],"picked":"SKIP","floor":13.0},{"not_picked":["Reinforced Body","FTL"],"picked":"BootSequence","floor":14}],"player_experience":982717,"relics_obtained":[{"floor":7.0,"key":"StoneCalendar"},{"floor":9.0,"key":"Oddly Smooth Stone"}],"event_choices":[{"event_name":"The Cleric","player_choice":"Card Removal","floor":10.0,"damage_taken":0.0},{"event_name":"Golden Wing","player_choice":"Card Removal","floor":11.0,"damage_taken":0.0}],"is_beta":true,"boss_relics":[],"items_purged_floors":[5],"is_endless":false,"potions_floor_spawned":[4,8],"killed_by":"Hexaghost","ascension_level":20}