{"gold_per_floor":[115,132,151,326,76,105,116,116,177,216,228,258,270,300,312,449,461,492,519,545,576,588,600,627,639],"floor_reached":25,"playtime":2090,"items_purged":["Doubt"],"score":217,"play_id":"279e088a-4253-4a64-86bc-04020fba816e","local_time":"20180723111404","is_ascension_mode":false,"campfire_choices":[{"floor":13,"key":"REST"},{"floor":15,"key":"REST"},{"floor":23,"key":"REST"}],"neow_cost":"NONE","seed_source_timestamp":243045681850453,"circlet_count":0,"master_deck":["Defend_G","Defend_G","Defend_G","Defend_G","Defend_G","Strike_G","Strike_G","Survivor","Neutralize","Deadly Poison","Backstab","Bane","Caltrops","Backflip","Quick Slash","Blur","Riddle With Holes+1","Terror","Heel Hook+1","Envenom","Glass Knife+1","Backflip+1","Tactician+1","All Out Attack+1","Dodge and Roll+1","Noxious Fumes+1","Deadly Poison+1","PiercingWail","Distraction"],"relics":["Ring of the Snake","Boot","Molten Egg 2","MawBank","Anchor","Tough Bandages","Golden Idol","Astrolabe"],"potions_floor_usage":[10,15,16,16,20,24,24,25],"damage_taken":[{"damage":0,"enemies":"Jaw Worm","floor":1,"turns":6},{"damage":0,"enemies":"2 Louse","floor":2,"turns":3},{"damage":4,"enemies":"Cultist","floor":3,"turns":3},{"damage":17,"enemies":"3 Sentries","floor":6,"turns":8},{"damage":11,"enemies":"Large Slime","floor":7,"turns":4},{"damage":22,"enemies":"Lagavulin","floor":10,"turns":8},{"damage":0,"enemies":"Looter","floor":12,"turns":2},{"damage":0,"enemies":"2 Fungi Beasts","floor":14,"turns":2},{"damage":46,"enemies":"Hexaghost","floor":16,"turns":9},{"damage":33,"enemies":"Spheric Guardian","floor":18,"turns":7},{"damage":7,"enemies":"Shell Parasite","floor":19,"turns":4},{"damage":11,"enemies":"Snake Plant","floor":20,"turns":3},{"damage":22,"enemies":"Centurion and Healer","floor":21,"turns":7},{"damage":21,"enemies":"Sentry and Sphere","floor":24,"turns":7},{"damage":7,"enemies":"3 Cultists","floor":25,"turns":2}],"seed_played":"-7710924911034625717","potions_obtained":[{"floor":3,"key":"FearPotion"},{"floor":10,"key":"FearPotion"},{"floor":12,"key":"Swift Potion"},{"floor":14,"key":"Fruit Juice"},{"floor":16,"key":"Strength Potion"},{"floor":18,"key":"GamblersBrew"},{"floor":19,"key":"Poison Potion"},{"floor":21,"key":"Weak Potion"}],"is_trial":false,"path_per_floor":["M","M","M","?","$","E","M","?","T","E","?","M","R","M","R","B",null,"M","M","M","M","?","R","M"],"character_chosen":"THE_SILENT","items_purchased":["Caltrops","Backflip","Quick Slash"],"campfire_rested":3,"item_purchase_floors":[5,5,5],"current_hp_per_floor":[70,70,66,66,66,49,38,31,31,9,9,9,30,30,56,10,75,42,35,24,2,2,24,3,0],"gold":639,"neow_bonus":"RANDOM_COMMON_RELIC","is_prod":false,"is_daily":false,"chose_seed":false,"campfire_upgraded":0,"win_rate":0,"timestamp":1532358844,"path_taken":["M","M","M","?","$","E","M","?","T","E","?","?","R","M","R","BOSS","M","M","M","M","?","R","M","M"],"build_version":"2018-07-19v2","purchased_purges":1,"victory":false,"max_hp_per_floor":[70,70,70,70,70,70,70,70,70,70,70,70,70,70,75,75,75,75,75,75,75,75,75,75,75],"card_choices":[{"not_picked":["Sucker Punch","Underhanded Strike"],"picked":"Deadly Poison","floor":1},{"not_picked":["Sucker Punch","Prepared"],"picked":"Backstab","floor":2},{"not_picked":["Blade Dance","Flying Knee"],"picked":"Bane","floor":3},{"not_picked":["Bane","Cloak And Dagger"],"picked":"Blur","floor":6},{"not_picked":["Sucker Punch+1","Dagger Spray+1"],"picked":"Riddle With Holes+1","floor":7},{"not_picked":["Well Laid Plans","Concentrate"],"picked":"Terror","floor":10},{"not_picked":["Dodge and Roll","Underhanded Strike+1"],"picked":"Heel Hook+1","floor":12},{"not_picked":["Outmaneuver","Dagger Spray+1"],"picked":"Envenom","floor":14},{"not_picked":["Die Die Die+1","Grand Finale+1"],"picked":"Glass Knife+1","floor":16},{"not_picked":["Prepared","Heel Hook+1"],"picked":"Dodge and Roll+1","floor":18},{"not_picked":["Riddle With Holes+1","Eviscerate+1"],"picked":"Noxious Fumes+1","floor":19},{"not_picked":["Masterful Stab+1","Bane+1"],"picked":"Deadly Poison+1","floor":20},{"not_picked":["Tactician","Backflip"],"picked":"PiercingWail","floor":21},{"not_picked":["Heel Hook+1","Blade Dance"],"picked":"Distraction","floor":24}],"player_experience":60180,"relics_obtained":[{"floor":6,"key":"Molten Egg 2"},{"floor":9,"key":"Anchor"},{"floor":10,"key":"Tough Bandages"}],"event_choices":[{"event_name":"Liars Game","player_choice":"agreed","floor":4,"damage_taken":0},{"event_name":"Scrap Ooze","player_choice":"success","floor":8,"damage_taken":7},{"event_name":"Golden Idol","player_choice":"Take Wound","floor":11,"damage_taken":0},{"event_name":"Purifier","player_choice":"One Purge","floor":22,"damage_taken":0}],"is_beta":false,"boss_relics":[{"not_picked":["Lizard Tail","Philosopher\u0027s Stone"],"picked":"Astrolabe"}],"items_purged_floors":[5],"is_endless":false,"potions_floor_spawned":[3,10,12,14,16,18,19,21],"killed_by":"3 Cultists","ascension_level":0}