{"gold_per_floor":[110,123,123,398,473,490,517,517,543,558,578,578,82,98,98,195,195,211,211,229,229,229,257,257,274,300,300,311,330,330,430,430,532,532,550,561,612,612,612,612,612,629,629,629,40,58,69,85,85,85],"floor_reached":50,"playtime":2587,"items_purged":["Regret"],"score":609,"play_id":"90804f97-fce1-47c8-8f1e-749490a53be6","local_time":"20180830152305","is_ascension_mode":true,"campfire_choices":[{"floor":8,"key":"REST"},{"floor":12,"key":"REST"},{"floor":15,"key":"REST"},{"floor":24,"key":"REST"},{"floor":27,"key":"REST"},{"floor":30,"key":"REST"},{"floor":32,"key":"REST"},{"floor":40,"key":"REST"},{"floor":44,"key":"REST"},{"floor":49,"key":"REST"}],"neow_cost":"NONE","seed_source_timestamp":1330037562529563,"circlet_count":0,"master_deck":["Defend_G+1","Defend_G+1","Defend_G+1","Defend_G+1","Defend_G+1","Strike_G+1","Strike_G+1","Strike_G+1","Strike_G+1","Strike_G+1","Survivor","Neutralize+1","Infinite Blades","Riddle With Holes","Expertise","Noxious Fumes","Dagger Throw","PiercingWail","Finisher","After Image","Catalyst","Corpse Explosion","After Image","Accuracy","Dagger Spray+1","Envenom","Footwork","Backstab+1","Cloak And Dagger","After Image","Accuracy+1","Dagger Spray+1","Bouncing Flask+1","Poisoned Stab+1","Terror","Sadistic Nature","Blade Dance","Accuracy","Terror+1","Leg Sweep","Blade Dance+1"],"relics":["Ring of the Snake","Potion Belt","Omamori","Mercury Hourglass","Lizard Tail","Gremlin Horn","Juzu Bracelet","White Beast Statue","Torii","Matryoshka","Shuriken"],"potions_floor_usage":[7,16,16,23,23,28,28,29,33,41,41,41,46,47,50,50],"damage_taken":[{"damage":0,"enemies":"Jaw Worm","floor":1,"turns":6},{"damage":0,"enemies":"Small Slimes","floor":2,"turns":3},{"damage":6,"enemies":"2 Louse","floor":6,"turns":2},{"damage":32,"enemies":"Lagavulin","floor":7,"turns":9},{"damage":10,"enemies":"Red Slaver","floor":10,"turns":3},{"damage":18,"enemies":"Blue Slaver","floor":11,"turns":5},{"damage":9,"enemies":"Large Slime","floor":14,"turns":5},{"damage":21,"enemies":"Hexaghost","floor":16,"turns":9},{"damage":12,"enemies":"Chosen","floor":18,"turns":6},{"damage":11,"enemies":"Shell Parasite","floor":20,"turns":8},{"damage":40,"enemies":"Slavers","floor":23,"turns":3},{"damage":36,"enemies":"Sentry and Sphere","floor":25,"turns":8},{"damage":9,"enemies":"Cultist and Chosen","floor":28,"turns":7},{"damage":7,"enemies":"Centurion and Healer","floor":29,"turns":5},{"damage":58,"enemies":"Champ","floor":33,"turns":12},{"damage":10,"enemies":"3 Shapes","floor":35,"turns":2},{"damage":27,"enemies":"Orb Walker","floor":36,"turns":4},{"damage":23,"enemies":"Mysterious Sphere","floor":37,"turns":5},{"damage":40,"enemies":"Spire Growth","floor":41,"turns":5},{"damage":17,"enemies":"Flame Bruiser 2 Orb","floor":42,"turns":8},{"damage":16,"enemies":"4 Shapes","floor":46,"turns":5},{"damage":44,"enemies":"Spire Growth","floor":47,"turns":6},{"damage":11,"enemies":"3 Darklings","floor":48,"turns":2},{"damage":35,"enemies":"Donu and Deca","floor":50,"turns":3}],"seed_played":"-2193381712917643511","potions_obtained":[{"floor":1,"key":"Explosive Potion"},{"floor":2,"key":"EssenceOfSteel"},{"floor":6,"key":"LiquidBronze"},{"floor":11,"key":"EssenceOfSteel"},{"floor":19,"key":"PowerPotion"},{"floor":19,"key":"Explosive Potion"},{"floor":19,"key":"SmokeBomb"},{"floor":20,"key":"LiquidBronze"},{"floor":25,"key":"SpeedPotion"},{"floor":29,"key":"PowerPotion"},{"floor":35,"key":"FairyPotion"},{"floor":36,"key":"Energy Potion"},{"floor":37,"key":"PowerPotion"},{"floor":42,"key":"Weak Potion"},{"floor":46,"key":"GhostInAJar"},{"floor":47,"key":"PowerPotion"},{"floor":48,"key":"SpeedPotion"}],"is_trial":false,"path_per_floor":["M","M","?","?","?","M","E","R","T","M","M","R","$","M","R","B",null,"M","?","M","?","?","E","R","M","T","R","M","M","R","?","R","B",null,"M","M","?","?","?","R","M","M","T","R","$","M","M","M","R"],"character_chosen":"THE_SILENT","items_purchased":["After Image","Mercury Hourglass","Catalyst","Terror","Shuriken","Sadistic Nature","Blade Dance","Accuracy"],"campfire_rested":10,"item_purchase_floors":[13,13,13,45,45,45,45,45],"current_hp_per_floor":[70,70,70,70,59,53,21,42,42,32,14,35,35,26,47,26,70,58,58,47,70,70,30,51,15,15,36,27,20,41,41,62,4,70,60,33,10,28,28,49,9,7,7,28,28,12,15,4,25,0],"gold":85,"neow_bonus":"THREE_CARDS","is_prod":false,"is_daily":false,"chose_seed":false,"campfire_upgraded":0,"win_rate":0,"timestamp":1535656985,"path_taken":["M","M","?","?","?","?","E","R","T","?","M","R","?","M","R","BOSS","M","?","M","?","?","E","R","M","T","R","M","M","R","?","R","BOSS","M","M","?","?","?","R","M","M","T","R","?","M","M","M","R","BOSS"],"build_version":"2018-08-23v2","purchased_purges":1,"victory":false,"max_hp_per_floor":[70,70,70,70,70,70,70,70,70,70,70,70,70,70,70,70,70,70,70,70,70,70,70,70,70,70,70,70,70,70,70,70,70,70,70,70,70,70,70,70,70,70,70,70,70,70,70,70,70,70],"card_choices":[{"not_picked":["Blade Dance","Quick Slash"],"picked":"Infinite Blades","floor":0},{"not_picked":["Concentrate","Underhanded Strike"],"picked":"Riddle With Holes","floor":1},{"not_picked":["Prepared","Underhanded Strike"],"picked":"Expertise","floor":2},{"not_picked":["Leg Sweep","Terror"],"picked":"Noxious Fumes","floor":6},{"not_picked":["Choke","Tactician"],"picked":"Dagger Throw","floor":7},{"not_picked":["Flying Knee","All Out Attack"],"picked":"PiercingWail","floor":10},{"not_picked":["Prepared","Underhanded Strike"],"picked":"Finisher","floor":11},{"not_picked":["Slice","Dagger Spray"],"picked":"Corpse Explosion","floor":14},{"not_picked":["Adrenaline","Doppelganger"],"picked":"After Image","floor":16},{"not_picked":["Riddle With Holes","Cloak And Dagger+1"],"picked":"Accuracy","floor":18},{"not_picked":["Prepared","Dagger Throw"],"picked":"Dagger Spray+1","floor":20},{"not_picked":["Dodge and Roll+1","Leg Sweep"],"picked":"Envenom","floor":23},{"not_picked":["Deflect+1","Deadly Poison"],"picked":"Footwork","floor":25},{"not_picked":["Prepared","Slice"],"picked":"Backstab+1","floor":28},{"not_picked":["Dagger Throw+1","Riddle With Holes"],"picked":"Cloak And Dagger","floor":29},{"not_picked":["Night Terror","Doppelganger"],"picked":"After Image","floor":33},{"not_picked":["Well Laid Plans+1","Outmaneuver"],"picked":"Accuracy+1","floor":35},{"not_picked":["Acrobatics","Deflect+1"],"picked":"Dagger Spray+1","floor":36},{"not_picked":["Setup+1","Dagger Spray+1"],"picked":"Bouncing Flask+1","floor":37},{"not_picked":["Slice","Deflect"],"picked":"Poisoned Stab+1","floor":42},{"not_picked":["All Out Attack","Expertise+1"],"picked":"Terror+1","floor":46},{"not_picked":["Choke+1","Sucker Punch"],"picked":"Leg Sweep","floor":47},{"not_picked":["Poisoned Stab","Riddle With Holes"],"picked":"Blade Dance+1","floor":48}],"player_experience":119160,"relics_obtained":[{"floor":7,"key":"Potion Belt"},{"floor":9,"key":"Omamori"},{"floor":23,"key":"Gremlin Horn"},{"floor":26,"key":"Juzu Bracelet"},{"floor":37,"key":"Torii"},{"floor":43,"key":"Matryoshka"}],"event_choices":[{"event_name":"Living Wall","player_choice":"Grow","floor":3,"damage_taken":0},{"event_name":"Golden Shrine","player_choice":"Desecrate","floor":4,"damage_taken":0},{"event_name":"World of Goop","player_choice":"Gather Gold","floor":5,"damage_taken":0},{"event_name":"The Lab","player_choice":"Got Potions","floor":19,"damage_taken":0},{"event_name":"The Library","player_choice":"Heal","floor":21,"damage_taken":0},{"event_name":"Back to Basics","player_choice":"Simplicity","floor":22,"damage_taken":0},{"event_name":"Golden Shrine","player_choice":"Pray","floor":31,"damage_taken":0},{"event_name":"Mysterious Sphere","player_choice":"Fight","floor":37,"damage_taken":0},{"event_name":"Winding Halls","player_choice":"Writhe","floor":38,"damage_taken":0},{"event_name":"Tomb of Lord Red Mask","player_choice":"Ignored","floor":39,"damage_taken":0}],"is_beta":false,"boss_relics":[{"not_picked":["Orrery","Tiny House"],"picked":"Lizard Tail"},{"not_picked":["Snecko Eye","Astrolabe"],"picked":"White Beast Statue"}],"items_purged_floors":[13],"is_endless":false,"potions_floor_spawned":[1,2,6,11,20,25,29,35,36,37,41,42,46,47,48],"killed_by":"Donu and Deca","ascension_level":4}