{"gold_per_floor":[111,186,236,236,90,90,105,105,105,140,140,160,160,185,185,284,284,300,315,315,3,15,15,42,42,67,81,81,106,118,146,146,245,245,261,308,321,543,562,562,562,117,143,154,188,198,198,215,215,215,215,215,13,47,47],"floor_reached":56,"playtime":9232,"items_purged":[],"score":1571,"play_id":"5ba08e22-7c1c-4cab-a4b6-772a1f9cb438","local_time":"20181231171215","is_ascension_mode":true,"campfire_choices":[{"floor":6.0,"key":"REST"},{"data":"Leg Sweep","floor":8.0,"key":"SMITH"},{"data":"Caltrops","floor":11.0,"key":"SMITH"},{"data":"Noxious Fumes","floor":15.0,"key":"SMITH"},{"floor":23.0,"key":"REST"},{"data":"After Image","floor":25.0,"key":"SMITH"},{"data":"Footwork","floor":32.0,"key":"SMITH"},{"floor":41.0,"key":"RECALL"},{"data":"Tools of the Trade","floor":47.0,"key":"SMITH"},{"data":"Noxious Fumes","floor":49.0,"key":"SMITH"},{"data":"Leg Sweep","floor":52.0,"key":"SMITH"}],"neow_cost":"NONE","seed_source_timestamp":1607454163058237,"circlet_count":0,"master_deck":["Defend_G+1","Defend_G+1","Defend_G+1","Defend_G+1","Defend_G+1","Strike_G+1","Strike_G+1","Strike_G+1","Survivor","Neutralize","Deflect","Leg Sweep+1","Caltrops+1","Cloak And Dagger","Predator+1","Dagger Spray+1","Noxious Fumes+1","After Image+1","Parasite","Decay","Decay","Well Laid Plans","Leg Sweep+1","Acrobatics","Tools of the Trade+1","Footwork+1","Burst","Blur+1","Catalyst+1","Backstab+1","Noxious Fumes+1","Crippling Poison","Master of Strategy","Cloak And Dagger+1","Cloak And Dagger","Prepared","Infinite Blades+1"],"special_seed":0,"relics":["Ring of the Serpent","Orichalcum","Thread and Needle","Molten Egg 2","Du-Vu Doll","Calling Bell","Vajra","Dodecahedron","Tough Bandages","Calipers","Bag of Marbles","Oddly Smooth Stone","Bird Faced Urn","Red Mask","StoneCalendar","TwistedFunnel","Art of War","Snake Skull","Blood Vial"],"potions_floor_usage":[55,55],"damage_taken":[{"damage":0.0,"enemies":"Cultist","floor":1.0,"turns":4.0},{"damage":0.0,"enemies":"Jaw Worm","floor":7.0,"turns":7.0},{"damage":14.0,"enemies":"3 Sentries","floor":10.0,"turns":14.0},{"damage":0.0,"enemies":"2 Louse","floor":12.0,"turns":2.0},{"damage":8.0,"enemies":"Lagavulin","floor":14.0,"turns":9.0},{"damage":28.0,"enemies":"Hexaghost","floor":16.0,"turns":9.0},{"damage":12.0,"enemies":"Spheric Guardian","floor":18.0,"turns":5.0},{"damage":0.0,"enemies":"2 Thieves","floor":19.0,"turns":4.0},{"damage":0.0,"enemies":"Snake Plant","floor":22.0,"turns":5.0},{"damage":11.0,"enemies":"Slavers","floor":24.0,"turns":5.0},{"damage":1.0,"enemies":"3 Cultists","floor":27.0,"turns":5.0},{"damage":7.0,"enemies":"Colosseum Slavers","floor":28.0,"turns":7.0},{"damage":9.0,"enemies":"Book of Stabbing","floor":29.0,"turns":7.0},{"damage":0.0,"enemies":"Cultist and Chosen","floor":30.0,"turns":7.0},{"damage":1.0,"enemies":"Masked Bandits","floor":31.0,"turns":5.0},{"damage":4.0,"enemies":"Automaton","floor":33.0,"turns":11.0},{"damage":0.0,"enemies":"Orb Walker","floor":35.0,"turns":5.0},{"damage":16.0,"enemies":"2 Orb Walkers","floor":36.0,"turns":6.0},{"damage":19.0,"enemies":"3 Darklings","floor":37.0,"turns":7.0},{"damage":7.0,"enemies":"Jaw Worm Horde","floor":39.0,"turns":7.0},{"damage":0.0,"enemies":"Maw","floor":44.0,"turns":9.0},{"damage":0.0,"enemies":"Nemesis","floor":45.0,"turns":7.0},{"damage":0.0,"enemies":"Transient","floor":46.0,"turns":5.0},{"damage":0.0,"enemies":"Sphere and 2 Shapes","floor":48.0,"turns":6.0},{"damage":9.0,"enemies":"Time Eater","floor":50.0,"turns":10.0},{"damage":41.0,"enemies":"Shield and Spear","floor":54.0,"turns":6.0},{"damage":49,"enemies":"The Heart","floor":55,"turns":9}],"seed_played":"-1997140004360935253","potions_obtained":[{"floor":10.0,"key":"Energy Potion"},{"floor":12.0,"key":"GhostInAJar"},{"floor":16.0,"key":"Fire Potion"},{"floor":30.0,"key":"Dexterity Potion"},{"floor":35.0,"key":"GhostInAJar"},{"floor":36.0,"key":"Swift Potion"},{"floor":44.0,"key":"Energy Potion"},{"floor":48.0,"key":"Strength Potion"}],"is_trial":false,"path_per_floor":["M","?","T","?","$","R","M","R","T","E","R","M","?","E","R","B",null,"M","M","?","$","M","R","E","R","T","M","?","E","M","?","R","B",null,"M","?","M","?","M","?","R","$","T","M","E","M","R","M","R","B",null,"R","$","E","B",null],"character_chosen":"THE_SILENT","items_purchased":["Leg Sweep","Caltrops","Calipers","TwistedFunnel","Crippling Poison","Master of Strategy","Snake Skull","Poison Potion"],"campfire_rested":2,"item_purchase_floors":[5,5,21,42,42,42,53,53],"current_hp_per_floor":[70,59,59,52,52,75,75,75,75,61,61,61,61,53,53,25,64,52,52,52,52,52,75,64,64,64,63,56,47,55,64,64,72,76,77,61,54,54,55,55,55,55,55,69,77,77,77,77,77,74,76,76,76,46,15],"gold":47,"neow_bonus":"TEN_PERCENT_HP_BONUS","is_prod":false,"is_daily":false,"chose_seed":false,"campfire_upgraded":8,"win_rate":0,"timestamp":1546294335,"path_taken":["M","?","?","?","?","R","?","R","T","E","R","M","?","E","R","BOSS","M","M","?","$","M","R","E","R","T","M","?","E","M","?","R","BOSS","M","?","M","?","M","?","R","$","T","M","E","M","R","M","R","BOSS","R","$","E","BOSS"],"build_version":"2018-12-20","purchased_purges":0,"victory":true,"max_hp_per_floor":[77,77,77,77,77,77,77,77,77,77,77,77,77,77,77,77,77,77,77,77,77,77,77,77,77,77,77,77,77,77,77,77,77,77,77,77,77,77,77,77,77,77,77,77,77,77,77,77,77,77,77,77,77,77,77],"card_choices":[{"not_picked":["Flying Knee","Eviscerate"],"picked":"Deflect","floor":1.0},{"not_picked":["Endless Agony","Deadly Poison"],"picked":"Cloak And Dagger","floor":7.0},{"not_picked":["All Out Attack","Tactician"],"picked":"Predator","floor":10.0},{"not_picked":["Prepared","Poisoned Stab+1"],"picked":"Dagger Spray+1","floor":12.0},{"not_picked":["Dodge and Roll","Catalyst"],"picked":"Noxious Fumes","floor":14.0},{"not_picked":["Grand Finale+1","Tools of the Trade"],"picked":"After Image","floor":16.0},{"not_picked":["Dagger Throw+1","Expertise+1","Flechettes+1"],"picked":"SKIP","floor":18.0},{"not_picked":["Bouncing Flask+1","Cloak And Dagger"],"picked":"Well Laid Plans","floor":19.0},{"not_picked":["Slice+1","Dagger Throw+1","Flying Knee+1"],"picked":"SKIP","floor":22.0},{"not_picked":["Cloak And Dagger","Crippling Poison"],"picked":"Leg Sweep","floor":24.0},{"not_picked":["Poisoned Stab+1","Deadly Poison"],"picked":"Acrobatics","floor":27.0},{"not_picked":["Eviscerate+1","Setup+1","Acrobatics"],"picked":"SKIP","floor":29.0},{"not_picked":["Reflex","Poisoned Stab+1"],"picked":"Tools of the Trade","floor":30.0},{"not_picked":["Skewer+1","Backflip"],"picked":"Footwork","floor":31.0},{"not_picked":["Unload+1","Wraith Form v2"],"picked":"Burst","floor":33.0},{"not_picked":["Quick Slash+1","PiercingWail+1"],"picked":"Blur+1","floor":35.0},{"not_picked":["Dagger Throw+1","PiercingWail+1"],"picked":"Catalyst+1","floor":36.0},{"not_picked":["Distraction+1","Poisoned Stab+1"],"picked":"Backstab+1","floor":37.0},{"not_picked":["Bane+1","Deadly Poison"],"picked":"Noxious Fumes","floor":39.0},{"not_picked":["Acrobatics","Flying Knee+1"],"picked":"Cloak And Dagger+1","floor":44.0},{"not_picked":["Deflect","Grand Finale+1"],"picked":"Cloak And Dagger","floor":45.0},{"not_picked":["Deadly Poison+1","Acrobatics+1"],"picked":"Prepared","floor":46.0},{"not_picked":["Cloak And Dagger+1","All Out Attack+1"],"picked":"Infinite Blades+1","floor":48.0},{"not_picked":["Sucker Punch+1","Outmaneuver","Endless Agony+1"],"picked":"SKIP","floor":54.0}],"player_experience":498575,"relics_obtained":[{"floor":3.0,"key":"Orichalcum"},{"floor":9.0,"key":"Thread and Needle"},{"floor":10.0,"key":"Molten Egg 2"},{"floor":14.0,"key":"Du-Vu Doll"},{"floor":17.0,"key":"Vajra"},{"floor":17.0,"key":"Dodecahedron"},{"floor":17.0,"key":"Tough Bandages"},{"floor":24.0,"key":"Bag of Marbles"},{"floor":26.0,"key":"Oddly Smooth Stone"},{"floor":29.0,"key":"Bird Faced Urn"},{"floor":31.0,"key":"Red Mask"},{"floor":36.0,"key":"StoneCalendar"},{"floor":45.0,"key":"Art of War"},{"floor":54.0,"key":"Blood Vial"}],"event_choices":[{"damage_healed":0.0,"max_hp_gain":0.0,"max_hp_loss":0.0,"gold_gain":75.0,"event_name":"World of Goop","player_choice":"Gather Gold","floor":2.0,"gold_loss":0.0,"damage_taken":11.0},{"cards_removed":["Strike_G"],"damage_healed":0.0,"max_hp_gain":0.0,"max_hp_loss":0.0,"gold_gain":0.0,"event_name":"Golden Wing","player_choice":"Card Removal","floor":4.0,"gold_loss":0.0,"damage_taken":7.0},{"damage_healed":0.0,"max_hp_gain":0.0,"max_hp_loss":0.0,"gold_gain":0.0,"event_name":"Dead Adventurer","player_choice":"Searched \u00270\u0027 times","floor":13.0,"gold_loss":0.0,"damage_taken":0.0},{"damage_healed":0.0,"max_hp_gain":0.0,"max_hp_loss":0.0,"gold_gain":0.0,"event_name":"Back to Basics","player_choice":"Simplicity","floor":20.0,"gold_loss":0.0,"damage_taken":0.0,"cards_upgraded":["Defend_G","Defend_G","Defend_G","Defend_G","Defend_G","Strike_G","Strike_G","Strike_G","Strike_G"]},{"damage_healed":0.0,"max_hp_gain":0.0,"max_hp_loss":0.0,"gold_gain":0.0,"event_name":"Colosseum","player_choice":"Fight","floor":28.0,"gold_loss":0.0,"damage_taken":0.0},{"damage_healed":0.0,"max_hp_gain":0.0,"max_hp_loss":0.0,"gold_gain":0.0,"event_name":"Colosseum","player_choice":"Fled From Nobs","floor":28.0,"gold_loss":0.0,"damage_taken":0.0},{"damage_healed":0.0,"max_hp_gain":0.0,"max_hp_loss":0.0,"gold_gain":0.0,"event_name":"Masked Bandits","player_choice":"Fought Bandits","floor":31.0,"gold_loss":0.0,"damage_taken":0.0},{"damage_healed":0.0,"max_hp_gain":0.0,"max_hp_loss":0.0,"gold_gain":0.0,"event_name":"Mysterious Sphere","player_choice":"Fight","floor":36.0,"gold_loss":0.0,"damage_taken":0.0},{"damage_healed":0.0,"max_hp_gain":0.0,"max_hp_loss":0.0,"gold_gain":222.0,"event_name":"Tomb of Lord Red Mask","player_choice":"Wore Mask","floor":38.0,"gold_loss":0.0,"damage_taken":0.0},{"cards_removed":["Strike_G"],"damage_healed":0.0,"max_hp_gain":0.0,"max_hp_loss":0.0,"gold_gain":0.0,"event_name":"Falling","player_choice":"Removed Attack","floor":40.0,"gold_loss":0.0,"damage_taken":0.0}],"is_beta":false,"boss_relics":[{"not_picked":["Fusion Hammer","Runic Pyramid"],"picked":"Calling Bell"},{"not_picked":["Velvet Choker","Coffee Dripper"],"picked":"Ring of the Serpent"}],"items_purged_floors":[],"is_endless":false,"potions_floor_spawned":[10,12,16,19,22,29,30,35,36,44,48],"ascension_level":6}