{"gold_per_floor":[109,159,171,60,60,91,91,123,172,15,15,15,34,47,47,47],"floor_reached":16,"playtime":267,"items_purged":[],"score":259,"play_id":"bee18593-ff05-408a-90cd-221819526343","local_time":"20190614183508","is_ascension_mode":true,"campfire_choices":[{"data":"Coolheaded","floor":7,"key":"SMITH"},{"floor":12,"key":"REST"},{"floor":15,"key":"REST"}],"neow_cost":"NONE","seed_source_timestamp":140176543045720,"circlet_count":0,"master_deck":["AscendersBane","Strike_B+1","Strike_B","Strike_B+1","Defend_B","Defend_B","Defend_B","Defend_B","Zap","Dualcast","Melter","Cold Snap","Hologram","Coolheaded+1","Skim","Defragment"],"relics":["Cracked Core","NeowsBlessing","Strawberry","Centennial Puzzle","Juzu Bracelet","Whetstone"],"potions_floor_usage":[16],"damage_taken":[{"damage":0,"enemies":"Small Slimes","floor":1,"turns":1},{"damage":0,"enemies":"Cultist","floor":3,"turns":1},{"damage":0,"enemies":"Lagavulin","floor":6,"turns":1},{"damage":50,"enemies":"Gremlin Nob","floor":8,"turns":5},{"damage":10,"enemies":"Jaw Worm","floor":13,"turns":2},{"damage":5,"enemies":"Exordium Wildlife","floor":14,"turns":3},{"damage":46,"enemies":"Hexaghost","floor":16,"turns":9}],"seed_played":"7322358159950283352","potions_obtained":[{"floor":3,"key":"Block Potion"}],"is_trial":false,"path_per_floor":["M","?","M","$","?","E","R","E","T","$","?","R","M","M","R","B"],"character_chosen":"DEFECT","items_purchased":["Cold Snap","Hologram","Whetstone"],"campfire_rested":2,"item_purchase_floors":[4,4,10],"current_hp_per_floor":[64,64,64,64,64,71,71,21,21,21,14,37,27,22,45,0],"gold":47,"neow_bonus":"THREE_ENEMY_KILL","is_prod":false,"is_daily":false,"chose_seed":false,"campfire_upgraded":1,"win_rate":0,"timestamp":1560508508,"path_taken":["M","?","?","$","?","E","R","E","T","$","?","R","M","M","R","BOSS"],"build_version":"2019-01-23","purchased_purges":0,"victory":false,"max_hp_per_floor":[71,71,71,71,71,78,78,78,78,78,78,78,78,78,78,78],"card_choices":[{"not_picked":["Streamline","Compile Driver"],"picked":"Melter","floor":1},{"not_picked":["Blizzard","Turbo","Beam Cell"],"picked":"SKIP","floor":3},{"not_picked":["Loop","Beam Cell"],"picked":"Coolheaded","floor":6},{"not_picked":["Turbo","Compile Driver"],"picked":"Skim","floor":8},{"not_picked":["Redo","Steam"],"picked":"Defragment","floor":13},{"not_picked":["Leap","Stack","Steam"],"picked":"SKIP","floor":14}],"player_experience":682301,"relics_obtained":[{"floor":6,"key":"Strawberry"},{"floor":8,"key":"Centennial Puzzle"},{"floor":9,"key":"Juzu Bracelet"}],"event_choices":[{"damage_healed":0,"gold_gain":50,"player_choice":"Pray","damage_taken":0,"max_hp_gain":0,"max_hp_loss":0,"event_name":"Golden Shrine","floor":2,"gold_loss":0},{"damage_healed":0,"gold_gain":0,"player_choice":"Fled","damage_taken":0,"max_hp_gain":0,"max_hp_loss":0,"event_name":"Scrap Ooze","floor":5,"gold_loss":0},{"cards_removed":["Strike_B"],"damage_healed":0,"gold_gain":0,"player_choice":"Card Removal","damage_taken":7,"max_hp_gain":0,"max_hp_loss":0,"event_name":"Golden Wing","floor":11,"gold_loss":0}],"is_beta":false,"boss_relics":[],"items_purged_floors":[],"is_endless":false,"potions_floor_spawned":[3],"killed_by":"Hexaghost","ascension_level":19}