{"gold_per_floor":[109,109,124,399,399,399,440,465,465,465,492,41,60,79,79,202,202,226,151,100,91,105,105,126,126,126,126,126,139,154,154,154,257,307,325,92,109,109,109,139,139,30,30,47,47,47,0,17,17,17],"floor_reached":51,"playtime":6094,"items_purged":["Regret"],"score":756,"play_id":"0be17453-bc8a-4760-aeba-109b0c4f2b08","local_time":"20180904141339","is_ascension_mode":true,"campfire_choices":[{"floor":6,"key":"REST"},{"floor":10,"key":"REST"},{"data":"Dualcast","floor":15,"key":"SMITH"},{"floor":23,"key":"REST"},{"floor":25,"key":"REST"},{"floor":32,"key":"REST"},{"floor":45,"key":"REST"},{"floor":49,"key":"REST"}],"neow_cost":"PERCENT_DAMAGE","seed_source_timestamp":1754364418431215,"circlet_count":0,"master_deck":["Strike_B","Strike_B","Strike_B","Defend_B","Defend_B","Defend_B","Defend_B","Zap+1","Dualcast+1","Creative AI+1","Chaos","Ball Lightning","Glacier","Ball Lightning","Cold Snap","Master of Strategy","Hologram","Glacier","Creative AI","Chill+1","Conserve Battery","Conserve Battery+1","Conserve Battery+1","Coolheaded","Conserve Battery","Electrodynamics","Buffer","Conserve Battery+1","Auto Shields+1","Storm","BootSequence+1","Ball Lightning","Enlightenment","FTL","Storm","Doom and Gloom","Go for the Eyes","Go for the Eyes+1"],"relics":["FrozenCore","Bloody Idol","Gremlin Horn","Omamori","Vajra","Happy Flower","Pear","Tiny House","Pen Nib","Bronze Scales","Juzu Bracelet","Kunai"],"potions_floor_usage":[7,16,22,29,29,29,33,33,40,44,50,50],"damage_taken":[{"damage":0,"enemies":"Cultist","floor":1,"turns":4},{"damage":1,"enemies":"Small Slimes","floor":3,"turns":5},{"damage":22,"enemies":"3 Sentries","floor":7,"turns":5},{"damage":0,"enemies":"2 Louse","floor":8,"turns":1},{"damage":0,"enemies":"Large Slime","floor":13,"turns":4},{"damage":13,"enemies":"Lots of Slimes","floor":14,"turns":5},{"damage":9,"enemies":"Slime Boss","floor":16,"turns":8},{"damage":9,"enemies":"3 Byrds","floor":18,"turns":5},{"damage":0,"enemies":"2 Thieves","floor":21,"turns":4},{"damage":23,"enemies":"Cultist and Chosen","floor":22,"turns":10},{"damage":24,"enemies":"Snake Plant","floor":24,"turns":6},{"damage":0,"enemies":"Centurion and Healer","floor":29,"turns":13},{"damage":30,"enemies":"Chosen and Byrds","floor":30,"turns":9},{"damage":27,"enemies":"Collector","floor":33,"turns":12},{"damage":9,"enemies":"3 Shapes","floor":35,"turns":6},{"damage":9,"enemies":"3 Darklings","floor":37,"turns":5},{"damage":39,"enemies":"Nemesis","floor":40,"turns":11},{"damage":20,"enemies":"Reptomancer","floor":44,"turns":7},{"damage":0,"enemies":"Sphere and 2 Shapes","floor":48,"turns":5},{"damage":85,"enemies":"Time Eater","floor":50,"turns":14}],"seed_played":"3662457450983191537","potions_obtained":[{"floor":1,"key":"Fire Potion"},{"floor":7,"key":"Fire Potion"},{"floor":13,"key":"SpeedPotion"},{"floor":18,"key":"SpeedPotion"},{"floor":21,"key":"Weak Potion"},{"floor":24,"key":"PowerPotion"},{"floor":29,"key":"Strength Potion"},{"floor":30,"key":"Fire Potion"},{"floor":34,"key":"SteroidPotion"},{"floor":35,"key":"SpeedPotion"},{"floor":37,"key":"Poison Potion"},{"floor":39,"key":"Weak Potion"},{"floor":39,"key":"LiquidBronze"},{"floor":39,"key":"Explosive Potion"},{"floor":48,"key":"Block Potion"}],"is_trial":false,"path_per_floor":["M","?","M","?","?","R","E","M","T","R","T","$","M","M","R","B",null,"M","?","$","M","M","R","M","R","T","?","?","M","M","?","R","B",null,"M","$","M","T","?","E","?","$","T","M","R","?","$","M","R","B"],"character_chosen":"DEFECT","items_purchased":["Happy Flower","Cold Snap","Master of Strategy","Conserve Battery","Storm","Pen Nib","FTL","Storm","Go for the Eyes"],"campfire_rested":7,"item_purchase_floors":[12,12,12,20,36,36,42,42,47],"current_hp_per_floor":[54,54,53,53,53,75,53,53,53,75,75,75,75,62,62,53,75,66,66,66,66,43,65,41,63,73,73,73,73,43,43,68,46,90,86,86,82,82,82,48,48,48,48,33,60,60,60,65,90,5],"gold":17,"neow_bonus":"THREE_RARE_CARDS","is_prod":false,"is_daily":false,"chose_seed":false,"campfire_upgraded":1,"win_rate":0,"timestamp":1536084819,"path_taken":["M","?","M","?","?","R","E","M","T","R","?","$","M","M","R","BOSS","M","?","$","?","M","R","M","R","T","?","?","?","M","?","R","BOSS","M","$","M","?","?","E","?","?","T","M","R","?","$","M","R","BOSS"],"build_version":"2018-08-30","purchased_purges":1,"victory":true,"max_hp_per_floor":[75,75,75,75,75,75,75,75,75,75,75,75,75,75,75,75,75,75,75,75,75,75,75,75,75,85,85,85,85,85,85,85,85,90,90,90,90,90,90,90,90,90,90,90,90,90,90,90,90,90],"card_choices":[{"not_picked":["Amplify","Multi-Cast"],"picked":"Creative AI","floor":0},{"not_picked":["Heatsinks","Stack"],"picked":"Chaos","floor":1},{"not_picked":["Barrage","Darkness"],"picked":"Ball Lightning","floor":3},{"not_picked":["Cold Snap","BootSequence"],"picked":"Glacier","floor":7},{"not_picked":["Sweeping Beam","Chaos"],"picked":"Ball Lightning","floor":8},{"not_picked":["Barrage","Fission"],"picked":"Hologram","floor":13},{"not_picked":["White Noise","Double Energy"],"picked":"Glacier","floor":14},{"not_picked":["All For One","Reboot"],"picked":"Creative AI","floor":16},{"not_picked":["Consume","Compile Driver+1"],"picked":"Chill","floor":18},{"not_picked":["Go for the Eyes","Double Energy+1"],"picked":"Conserve Battery+1","floor":21},{"not_picked":["Force Field","Streamline"],"picked":"Conserve Battery+1","floor":22},{"not_picked":["Redo","Chaos"],"picked":"Coolheaded","floor":24},{"not_picked":["Rebound","Scrape+1"],"picked":"Conserve Battery","floor":29},{"not_picked":["Ball Lightning","Rebound+1"],"picked":"Electrodynamics","floor":30},{"not_picked":["Multi-Cast","Creative AI"],"picked":"Buffer","floor":33},{"not_picked":["Cold Snap","Streamline"],"picked":"Conserve Battery+1","floor":34},{"not_picked":["Rebound","Barrage+1"],"picked":"Auto Shields+1","floor":35},{"not_picked":["Go for the Eyes","Hologram+1"],"picked":"BootSequence+1","floor":37},{"not_picked":["Redo+1","Beam Cell"],"picked":"Ball Lightning","floor":40},{"not_picked":["Transmutation","Impatience"],"picked":"Enlightenment","floor":41},{"not_picked":["Stack+1","Barrage"],"picked":"Doom and Gloom","floor":44},{"not_picked":["Cold Snap","Tempest+1"],"picked":"Go for the Eyes+1","floor":48}],"player_experience":146821,"relics_obtained":[{"floor":7,"key":"Gremlin Horn"},{"floor":9,"key":"Omamori"},{"floor":11,"key":"Vajra"},{"floor":26,"key":"Pear"},{"floor":38,"key":"Bronze Scales"},{"floor":40,"key":"Juzu Bracelet"},{"floor":43,"key":"Kunai"}],"event_choices":[{"event_name":"Living Wall","player_choice":"Grow","floor":2,"damage_taken":0},{"event_name":"Golden Shrine","player_choice":"Desecrate","floor":4,"damage_taken":0},{"event_name":"Golden Idol","player_choice":"Take Wound","floor":5,"damage_taken":0},{"event_name":"Beggar","player_choice":"Gave Gold","floor":19,"damage_taken":0},{"event_name":"Upgrade Shrine","player_choice":"Upgraded","floor":27,"damage_taken":0},{"event_name":"Ghosts","player_choice":"Ignored","floor":28,"damage_taken":0},{"event_name":"Forgotten Altar","player_choice":"Gave Idol","floor":31,"damage_taken":0},{"event_name":"The Lab","player_choice":"Got Potions","floor":39,"damage_taken":0},{"event_name":"SensoryStone","player_choice":"Memory 1","floor":41,"damage_taken":0},{"event_name":"Wheel of Change","player_choice":"Card Removal","floor":46,"damage_taken":0}],"is_beta":false,"boss_relics":[{"not_picked":["Sozu","White Beast Statue"],"picked":"FrozenCore"},{"not_picked":["Coffee Dripper","Runic Dome"],"picked":"Tiny House"}],"items_purged_floors":[12],"is_endless":false,"potions_floor_spawned":[1,7,13,18,21,24,29,30,35,37,48],"ascension_level":1}