{"gold_per_floor":[116,60,19,19,30,58,58,85,85,85,101,101,26,53,53,128,128,147,162,162],"floor_reached":20,"playtime":677,"items_purged":[],"score":398,"play_id":"c1e33735-b24f-4bed-aca9-a6986e24a3e6","local_time":"20190508022419","is_ascension_mode":true,"campfire_choices":[{"data":"Immolate","floor":7,"key":"SMITH"},{"data":"Inflame","floor":12,"key":"SMITH"},{"data":"Whirlwind","floor":15,"key":"SMITH"}],"neow_cost":"NONE","seed_source_timestamp":334932161087200,"circlet_count":0,"master_deck":["AscendersBane","Strike_R","Strike_R","Strike_R","Strike_R","Strike_R","Defend_R+1","Defend_R","Defend_R","Bash","Pommel Strike","Shrug It Off+1","Evolve","Reaper","Inflame+1","Immolate+1","Whirlwind+1","Limit Break","Inflame"],"relics":["Burning Blood","NeowsBlessing","Bottled Lightning","Matryoshka","War Paint","Darkstone Periapt","Sundial","Sozu"],"potions_floor_usage":[8,8,20],"damage_taken":[{"damage":0,"enemies":"Cultist","floor":1,"turns":1},{"damage":0,"enemies":"Jaw Worm","floor":5,"turns":1},{"damage":0,"enemies":"Lagavulin","floor":6,"turns":1},{"damage":23,"enemies":"Gremlin Nob","floor":8,"turns":4},{"damage":0,"enemies":"2 Louse","floor":11,"turns":2},{"damage":40,"enemies":"Lagavulin","floor":14,"turns":5},{"damage":40,"enemies":"Slime Boss","floor":16,"turns":6},{"damage":35,"enemies":"Chosen","floor":18,"turns":4},{"damage":40,"enemies":"Shell Parasite","floor":19,"turns":5},{"damage":16,"enemies":"Colosseum Slavers","floor":20,"turns":1}],"seed_played":"1342747273424374772","potions_obtained":[{"floor":1,"key":"Ancient Potion"},{"floor":6,"key":"SkillPotion"},{"floor":16,"key":"Strength Potion"}],"is_trial":false,"path_per_floor":["M","$","$","?","M","E","R","E","T","?","M","R","?","E","R","B",null,"M","M","?"],"character_chosen":"IRONCLAD","items_purchased":["Shrug It Off","Evolve"],"campfire_rested":0,"item_purchase_floors":[2,3],"current_hp_per_floor":[74,74,74,74,75,75,75,58,58,81,81,81,78,54,54,20,64,41,7,0],"gold":162,"neow_bonus":"THREE_ENEMY_KILL","is_prod":false,"is_daily":false,"chose_seed":false,"campfire_upgraded":3,"win_rate":0,"timestamp":1557296659,"path_taken":["M","?","$","?","?","E","R","E","T","?","M","R","?","E","R","BOSS","M","M","?"],"build_version":"2019-01-23","purchased_purges":0,"victory":false,"max_hp_per_floor":[75,75,75,75,75,75,75,75,75,81,81,81,78,78,78,78,78,78,78,78],"card_choices":[{"not_picked":["Infernal Blade","Dual Wield"],"picked":"Pommel Strike","floor":1},{"not_picked":["Corruption","Warcry"],"picked":"Inflame","floor":5},{"not_picked":["Iron Wave","Thunderclap"],"picked":"Immolate","floor":6},{"not_picked":["Clash","Double Tap","Exhume"],"picked":"SKIP","floor":8},{"not_picked":["Armaments","Iron Wave","Rage"],"picked":"SKIP","floor":11},{"not_picked":["Body Slam","Perfected Strike"],"picked":"Whirlwind","floor":14},{"not_picked":["Bludgeon","Brutality"],"picked":"Limit Break","floor":16},{"not_picked":["Body Slam+1","Sentinel","Heavy Blade"],"picked":"SKIP","floor":18},{"not_picked":["Shrug It Off","Wild Strike"],"picked":"Inflame","floor":19}],"player_experience":427760,"relics_obtained":[{"floor":6,"key":"Bottled Lightning"},{"floor":8,"key":"Matryoshka"},{"floor":9,"key":"War Paint"},{"floor":9,"key":"Darkstone Periapt"},{"floor":14,"key":"Sundial"}],"event_choices":[{"damage_healed":0,"gold_gain":0,"cards_transformed":["Defend_R"],"player_choice":"Transformed","damage_taken":0,"max_hp_gain":0,"max_hp_loss":0,"event_name":"Transmorgrifier","floor":4,"gold_loss":0,"cards_obtained":["Reaper"]},{"damage_healed":18,"gold_gain":0,"player_choice":"Healed and dodged fight","damage_taken":0,"max_hp_gain":0,"max_hp_loss":0,"event_name":"Mushrooms","floor":10,"gold_loss":0,"cards_obtained":["Parasite"]},{"cards_removed":["Parasite"],"damage_healed":0,"gold_gain":0,"player_choice":"Card Removal","damage_taken":0,"max_hp_gain":0,"max_hp_loss":0,"event_name":"The Cleric","floor":13,"gold_loss":75},{"damage_healed":0,"gold_gain":0,"player_choice":"Fight","damage_taken":0,"max_hp_gain":0,"max_hp_loss":0,"event_name":"Colosseum","floor":20,"gold_loss":0}],"is_beta":false,"boss_relics":[{"not_picked":["Eternal Feather","Coffee Dripper"],"picked":"Sozu"}],"items_purged_floors":[],"is_endless":false,"potions_floor_spawned":[1,6,16],"killed_by":"Colosseum Slavers","ascension_level":17}