{"gold_per_floor":[112,128,146,18,193,193,227,227,227,237,271,0,0,32,32,133,133,144,144,164,64,84,84,115,131,131,131,159,159,184,24,24,127,127,139,152,1151,1151,1164,1164,753,780,804,804,820,385,385,398,398,398],"floor_reached":50,"playtime":2828,"items_purged":["Strike_R","Strike_R","Strike_R","Normality","Normality"],"score":844,"play_id":"59ffdc07-bc6d-4246-b304-3bb8fd75d844","local_time":"20190513194911","is_ascension_mode":true,"campfire_choices":[{"data":"Bash","floor":6,"key":"SMITH"},{"data":"Rampage","floor":8,"key":"SMITH"},{"floor":15,"key":"REST"},{"data":"True Grit","floor":23,"key":"SMITH"},{"floor":27,"key":"REST"},{"floor":29,"key":"REST"},{"data":"Spot Weakness","floor":32,"key":"SMITH"},{"floor":40,"key":"REST"},{"floor":44,"key":"REST"},{"floor":47,"key":"REST"},{"floor":49,"key":"REST"}],"neow_cost":"NONE","seed_source_timestamp":318248839081500,"circlet_count":0,"master_deck":["AscendersBane","Strike_R","Defend_R","Defend_R","Defend_R","Bash+1","Rampage+1","Carnage","Shrug It Off","True Grit+1","Dropkick","Offering","Spot Weakness+1","Dropkick+1","Pommel Strike+1","Intimidate+1","Metallicize","Shrug It Off","Battle Trance","Dropkick+1","Parasite","Pommel Strike+1","Metallicize+1","Sword Boomerang+1"],"relics":["Cursed Key","Anchor","MawBank","Strawberry","Omamori","Empty Cage","Vajra","Girya","Pantograph","Lantern","Sozu","Self Forming Clay","Letter Opener","Bottled Flame"],"potions_floor_usage":[7,11,14,16,24,28,30,45],"damage_taken":[{"damage":0,"enemies":"Cultist","floor":1,"turns":3},{"damage":3,"enemies":"Jaw Worm","floor":2,"turns":4},{"damage":2,"enemies":"2 Louse","floor":3,"turns":2},{"damage":20,"enemies":"3 Sentries","floor":7,"turns":6},{"damage":0,"enemies":"2 Fungi Beasts","floor":10,"turns":3},{"damage":32,"enemies":"Gremlin Nob","floor":11,"turns":5},{"damage":22,"enemies":"Lagavulin","floor":14,"turns":4},{"damage":12,"enemies":"The Guardian","floor":16,"turns":11},{"damage":20,"enemies":"2 Thieves","floor":18,"turns":5},{"damage":0,"enemies":"Chosen","floor":20,"turns":3},{"damage":15,"enemies":"Centurion and Healer","floor":22,"turns":5},{"damage":10,"enemies":"Book of Stabbing","floor":24,"turns":3},{"damage":6,"enemies":"Snecko","floor":25,"turns":3},{"damage":32,"enemies":"Slavers","floor":28,"turns":5},{"damage":16,"enemies":"Gremlin Leader","floor":30,"turns":5},{"damage":66,"enemies":"Collector","floor":33,"turns":7},{"damage":6,"enemies":"3 Shapes","floor":35,"turns":8},{"damage":6,"enemies":"3 Darklings","floor":36,"turns":5},{"damage":29,"enemies":"Writhing Mass","floor":39,"turns":6},{"damage":17,"enemies":"Giant Head","floor":42,"turns":6},{"damage":44,"enemies":"Maw","floor":45,"turns":9},{"damage":15,"enemies":"Sphere and 2 Shapes","floor":48,"turns":6},{"damage":87,"enemies":"Awakened One","floor":50,"turns":9}],"seed_played":"1112771901898354130","potions_obtained":[{"floor":1,"key":"FearPotion"},{"floor":3,"key":"Fire Potion"},{"floor":16,"key":"AttackPotion"},{"floor":25,"key":"AttackPotion"},{"floor":28,"key":"Regen Potion"},{"floor":33,"key":"Block Potion"}],"is_trial":false,"path_per_floor":["M","M","M","$","?","R","E","R","T","M","E","$","?","E","R","B",null,"M","?","M","$","M","R","E","M","T","R","E","R","E","$","R","B",null,"M","M","?","?","M","R","$","E","T","R","M","$","R","M","R","B"],"character_chosen":"IRONCLAD","items_purchased":["Shrug It Off","Strawberry","Strength Potion","Regen Potion","Battle Trance","Self Forming Clay","Bottled Flame"],"campfire_rested":7,"item_purchase_floors":[4,12,12,12,31,41,46],"current_hp_per_floor":[72,69,67,67,67,67,47,47,47,47,15,22,51,29,55,58,80,60,60,60,60,45,45,35,29,29,55,23,49,47,47,47,6,67,61,55,55,55,26,52,52,35,35,61,17,17,43,28,54,0],"gold":398,"neow_bonus":"BOSS_RELIC","is_prod":false,"is_daily":false,"chose_seed":true,"campfire_upgraded":4,"win_rate":0,"timestamp":1557791351,"path_taken":["M","M","?","$","?","R","E","R","T","M","E","$","?","E","R","BOSS","M","?","M","$","?","R","E","M","T","R","E","R","E","$","R","BOSS","M","M","?","?","M","R","$","E","T","R","M","$","R","M","R","BOSS"],"build_version":"2019-01-23","purchased_purges":5,"victory":false,"max_hp_per_floor":[80,80,80,80,80,80,80,80,80,80,80,87,87,87,87,87,87,87,87,87,87,87,87,87,87,87,87,87,87,87,87,87,87,87,87,87,87,87,87,87,87,87,87,87,87,87,87,87,87,87],"card_choices":[{"not_picked":["Carnage","Twin Strike"],"picked":"Rampage","floor":1},{"not_picked":["Thunderclap","Heavy Blade","Headbutt"],"picked":"SKIP","floor":2},{"not_picked":["Dropkick","Wild Strike"],"picked":"Carnage","floor":3},{"not_picked":["Entrench","Perfected Strike","Iron Wave"],"picked":"SKIP","floor":7},{"not_picked":["Feel No Pain","Warcry"],"picked":"True Grit","floor":10},{"not_picked":["Perfected Strike","Thunderclap","Fiend Fire"],"picked":"SKIP","floor":11},{"not_picked":["Cleave","Shrug It Off"],"picked":"Dropkick","floor":14},{"not_picked":["Brutality","Immolate"],"picked":"Offering","floor":16},{"not_picked":["Iron Wave+1","Armaments+1"],"picked":"Spot Weakness","floor":18},{"not_picked":["Flex","Fire Breathing+1"],"picked":"Dropkick+1","floor":20},{"not_picked":["Thunderclap","True Grit","Havoc+1"],"picked":"SKIP","floor":22},{"not_picked":["Wild Strike","Armaments+1"],"picked":"Pommel Strike+1","floor":24},{"not_picked":["Twin Strike","Iron Wave"],"picked":"Intimidate+1","floor":25},{"not_picked":["Dropkick","Offering"],"picked":"Metallicize","floor":28},{"not_picked":["Body Slam+1","Impervious"],"picked":"Shrug It Off","floor":30},{"not_picked":["Iron Wave+1","Heavy Blade"],"picked":"Dropkick+1","floor":35},{"not_picked":["Perfected Strike+1","Headbutt+1","Wild Strike+1"],"picked":"SKIP","floor":36},{"not_picked":["Flex","Sword Boomerang"],"picked":"Pommel Strike+1","floor":39},{"not_picked":["Heavy Blade","Ghostly Armor"],"picked":"Metallicize+1","floor":42},{"not_picked":["Searing Blow","Clash+1","Cleave+1"],"picked":"SKIP","floor":45},{"not_picked":["Heavy Blade+1","Havoc+1"],"picked":"Sword Boomerang+1","floor":48}],"player_experience":446591,"relics_obtained":[{"floor":7,"key":"Anchor"},{"floor":11,"key":"MawBank"},{"floor":14,"key":"Omamori"},{"floor":24,"key":"Vajra"},{"floor":26,"key":"Girya"},{"floor":28,"key":"Pantograph"},{"floor":30,"key":"Lantern"},{"floor":42,"key":"Letter Opener"}],"event_choices":[{"damage_healed":0,"gold_gain":175,"player_choice":"AGREE","damage_taken":0,"max_hp_gain":0,"max_hp_loss":0,"event_name":"Liars Game","floor":5,"gold_loss":0,"cards_obtained":["Doubt"]},{"damage_healed":29,"gold_gain":0,"player_choice":"Banana","damage_taken":0,"max_hp_gain":0,"max_hp_loss":0,"event_name":"Big Fish","floor":13,"gold_loss":0},{"cards_removed":["Defend_R"],"damage_healed":0,"gold_gain":0,"player_choice":"Offered Basic","damage_taken":0,"max_hp_gain":0,"max_hp_loss":0,"event_name":"Bonfire Elementals","floor":19,"gold_loss":0},{"damage_healed":0,"gold_gain":999,"player_choice":"Gold","damage_taken":0,"max_hp_gain":0,"max_hp_loss":0,"event_name":"MindBloom","floor":37,"gold_loss":0,"cards_obtained":["Normality","Normality"]},{"damage_healed":0,"gold_gain":0,"player_choice":"Ignored","damage_taken":0,"max_hp_gain":0,"max_hp_loss":0,"event_name":"Tomb of Lord Red Mask","floor":38,"gold_loss":0}],"is_beta":false,"boss_relics":[{"not_picked":["Runic Dome","Velvet Choker"],"picked":"Empty Cage"},{"not_picked":["Calling Bell","Busted Crown"],"picked":"Sozu"}],"items_purged_floors":[4,21,31,41,46],"is_endless":false,"potions_floor_spawned":[1,3,16,25,28,33,42,45,48],"killed_by":"Awakened One","ascension_level":10}