{"gold_per_floor":[162,178,453,16,26,51,62,62,85,85,5,16,32,32,32,32],"floor_reached":16,"playtime":573,"items_purged":["Regret"],"score":158,"play_id":"0b9f58c2-a2a0-4d11-bbda-2a62d90c4020","local_time":"20190420225218","is_ascension_mode":true,"campfire_choices":[{"floor":8,"key":"REST"},{"data":"Demon Form","floor":10,"key":"SMITH"},{"data":"Armaments","floor":15,"key":"SMITH"}],"neow_cost":"NONE","seed_source_timestamp":4097787318200,"circlet_count":0,"master_deck":["AscendersBane","Strike_R","Strike_R","Strike_R","Strike_R","Strike_R","Defend_R","Defend_R+1","Defend_R","Defend_R","Bash","Armaments+1","Anger","Headbutt","Demon Form+1","Offering","Pommel Strike","Cleave","Exhume","Shrug It Off","Whirlwind+1","Shrug It Off","Battle Trance"],"relics":["Tiny House","Regal Pillow","Dream Catcher"],"potions_floor_usage":[16],"damage_taken":[{"damage":11,"enemies":"Cultist","floor":1,"turns":4},{"damage":0,"enemies":"Small Slimes","floor":2,"turns":3},{"damage":7,"enemies":"2 Louse","floor":5,"turns":4},{"damage":30,"enemies":"Gremlin Nob","floor":6,"turns":4},{"damage":6,"enemies":"Exordium Wildlife","floor":7,"turns":4},{"damage":10,"enemies":"Red Slaver","floor":12,"turns":4},{"damage":13,"enemies":"Large Slime","floor":13,"turns":7},{"damage":40,"enemies":"Hexaghost","floor":16,"turns":7}],"seed_played":"7656804580428869817","potions_obtained":[{"floor":0,"key":"Strength Potion"},{"floor":2,"key":"SteroidPotion"}],"is_trial":false,"path_per_floor":["M","M","?","$","M","E","M","R","T","R","$","M","M","?","R","B"],"character_chosen":"IRONCLAD","items_purchased":["Demon Form","Offering","Pommel Strike","Whirlwind"],"campfire_rested":1,"item_purchase_floors":[4,4,4,11],"current_hp_per_floor":[66,66,66,66,59,29,23,63,63,63,63,53,40,40,40,0],"gold":32,"neow_bonus":"BOSS_RELIC","is_prod":false,"is_daily":false,"chose_seed":false,"campfire_upgraded":2,"win_rate":0,"timestamp":1555815138,"path_taken":["M","?","?","$","M","E","M","R","T","R","$","M","?","?","R","BOSS"],"build_version":"2019-01-23","purchased_purges":1,"victory":false,"max_hp_per_floor":[85,85,85,85,85,85,85,85,85,85,85,85,85,85,85,85],"card_choices":[{"not_picked":["Body Slam","Hemokinesis"],"picked":"Armaments","floor":0},{"not_picked":["Havoc","Pommel Strike"],"picked":"Anger","floor":1},{"not_picked":["Perfected Strike","Pommel Strike"],"picked":"Headbutt","floor":2},{"not_picked":["Clash","Warcry"],"picked":"Cleave","floor":5},{"not_picked":["Bloodletting","Havoc"],"picked":"Exhume","floor":6},{"not_picked":["Warcry","True Grit"],"picked":"Shrug It Off","floor":7},{"not_picked":["Rampage","Headbutt"],"picked":"Shrug It Off","floor":12},{"not_picked":["Pommel Strike","Headbutt"],"picked":"Battle Trance","floor":13}],"player_experience":373461,"relics_obtained":[{"floor":6,"key":"Regal Pillow"},{"floor":9,"key":"Dream Catcher"}],"event_choices":[{"damage_healed":0,"gold_gain":275,"player_choice":"Desecrate","damage_taken":0,"max_hp_gain":0,"max_hp_loss":0,"event_name":"Golden Shrine","floor":3,"gold_loss":0,"cards_obtained":["Regret"]},{"damage_healed":0,"gold_gain":0,"player_choice":"Grow","damage_taken":0,"max_hp_gain":0,"max_hp_loss":0,"event_name":"Living Wall","floor":14,"gold_loss":0,"cards_upgraded":["Whirlwind"]}],"is_beta":false,"boss_relics":[],"items_purged_floors":[4],"is_endless":false,"potions_floor_spawned":[2,5,12],"killed_by":"Hexaghost","ascension_level":11}