{"gold_per_floor":[115,127,146,146,162,197,197,232,255,272,272,285,110,48,48,48],"floor_reached":16,"playtime":646,"items_purged":["Strike_R"],"score":202,"play_id":"6f5ec5d8-2061-4627-b8e1-bf136259bb79","local_time":"20190503005533","is_ascension_mode":true,"campfire_choices":[{"floor":7,"key":"REST"},{"data":"Sword Boomerang","floor":11,"key":"SMITH"},{"data":"Carnage","floor":15,"key":"SMITH"}],"neow_cost":"NONE","seed_source_timestamp":5621072210900,"circlet_count":0,"master_deck":["AscendersBane","Strike_R","Strike_R","Strike_R","Strike_R","Defend_R","Defend_R","Defend_R+1","Defend_R+1","Bash","Cleave","Pommel Strike","Cleave","Feed","Sword Boomerang","Carnage+1","Sword Boomerang+1","Pommel Strike","Bandage Up"],"relics":["Eternal Feather","Red Skull","Bag of Marbles","War Paint"],"potions_floor_usage":[6,6,8,16,16],"damage_taken":[{"damage":1,"enemies":"Cultist","floor":1,"turns":4},{"damage":13,"enemies":"Jaw Worm","floor":2,"turns":4},{"damage":2,"enemies":"2 Louse","floor":3,"turns":3},{"damage":15,"enemies":"Exordium Thugs","floor":5,"turns":5},{"damage":29,"enemies":"3 Sentries","floor":6,"turns":8},{"damage":20,"enemies":"Lagavulin","floor":8,"turns":5},{"damage":0,"enemies":"Looter","floor":10,"turns":1},{"damage":0,"enemies":"Large Slime","floor":12,"turns":2},{"damage":45,"enemies":"The Guardian","floor":16,"turns":8}],"seed_played":"465983877980437928","potions_obtained":[{"floor":3,"key":"Dexterity Potion"},{"floor":5,"key":"Fire Potion"},{"floor":6,"key":"Poison Potion"},{"floor":8,"key":"Dexterity Potion"},{"floor":10,"key":"Dexterity Potion"}],"is_trial":false,"path_per_floor":["M","M","M","?","M","E","R","E","T","M","R","M","$","?","R","B"],"character_chosen":"IRONCLAD","items_purchased":["Bandage Up"],"campfire_rested":1,"item_purchase_floors":[13],"current_hp_per_floor":[67,54,52,52,37,11,43,23,23,23,32,32,32,32,41,0],"gold":48,"neow_bonus":"BOSS_RELIC","is_prod":false,"is_daily":false,"chose_seed":false,"campfire_upgraded":2,"win_rate":0,"timestamp":1556859333,"path_taken":["M","M","M","?","M","E","R","E","T","M","R","M","$","?","R","BOSS"],"build_version":"2019-01-23","purchased_purges":1,"victory":false,"max_hp_per_floor":[75,75,75,75,75,78,78,78,78,78,78,78,78,78,78,78],"card_choices":[{"not_picked":["Body Slam","Headbutt"],"picked":"Cleave","floor":1},{"not_picked":["Headbutt","Warcry"],"picked":"Pommel Strike","floor":2},{"not_picked":["Whirlwind","Metallicize"],"picked":"Cleave","floor":3},{"not_picked":["Perfected Strike","Clothesline"],"picked":"Feed","floor":5},{"not_picked":["Headbutt","Perfected Strike"],"picked":"Sword Boomerang","floor":6},{"not_picked":["Cleave","Bloodletting"],"picked":"Carnage","floor":8},{"not_picked":["Shockwave","Shrug It Off"],"picked":"Sword Boomerang","floor":10},{"not_picked":["Body Slam","Clash"],"picked":"Pommel Strike","floor":12}],"player_experience":418920,"relics_obtained":[{"floor":6,"key":"Red Skull"},{"floor":8,"key":"Bag of Marbles"},{"floor":9,"key":"War Paint"}],"event_choices":[{"damage_healed":0,"gold_gain":0,"player_choice":"Ignored","damage_taken":0,"max_hp_gain":0,"max_hp_loss":0,"event_name":"Shining Light","floor":4,"gold_loss":0},{"damage_healed":0,"gold_gain":0,"player_choice":"Left Gold","damage_taken":0,"max_hp_gain":0,"max_hp_loss":0,"event_name":"World of Goop","floor":14,"gold_loss":62}],"is_beta":false,"boss_relics":[],"items_purged_floors":[13],"is_endless":false,"potions_floor_spawned":[3,5,6,8,10],"killed_by":"The Guardian","ascension_level":16}