{"gold_per_floor":[114,114,114,131,131,161,161,186,186,198,216,202,202,227,227,332,332,352,352,352,38,54,54,74,92,164,18,18,32,32,32,32,129,129,149,71,71,88,88,114,114,126,173,173,173,273,293,313,313,313],"floor_reached":51,"playtime":4088,"items_purged":["Writhe"],"score":794,"play_id":"b077273a-c95e-4346-ae40-8550fc4d91e2","local_time":"20180829233057","is_ascension_mode":true,"campfire_choices":[{"floor":7,"key":"REST"},{"data":"Malaise","floor":15,"key":"SMITH"},{"data":"Enlightenment","floor":23,"key":"SMITH"},{"data":"Adrenaline","floor":30,"key":"SMITH"},{"floor":32,"key":"REST"},{"floor":41,"key":"REST"},{"floor":45,"key":"REST"},{"floor":49,"key":"REST"}],"neow_cost":"","seed_source_timestamp":1271385548540461,"circlet_count":0,"master_deck":["Defend_G","Defend_G+1","Defend_G+1","Defend_G","Defend_G","Strike_G","Strike_G","Strike_G","Strike_G","Survivor","Neutralize","Dodge and Roll+1","Riddle With Holes","Crippling Poison","Malaise+1","Dodge and Roll","Cloak And Dagger","Predator+1","Die Die Die+1","Adrenaline+1","Blur","Enlightenment+1","Sadistic Nature","Dagger Spray+1","Poisoned Stab+1","PiercingWail","Terror","Metamorphosis","Blade Dance","A Thousand Cuts","Bandage Up","Panache","Dagger Spray+1","Footwork+1","Footwork","Cloak And Dagger+1","Catalyst+1","Outmaneuver"],"relics":["Ring of the Snake","Paper Crane","The Courier","Molten Egg 2","Ornamental Fan","Runic Pyramid","Snake Skull","Ninja Scroll","Smiling Mask","Lizard Tail","Calipers","War Paint","Anchor"],"potions_floor_usage":[8,12,16,16,25,31,33,40,47,50,50],"damage_taken":[{"damage":0,"enemies":"Jaw Worm","floor":1,"turns":4},{"damage":0,"enemies":"Cultist","floor":4,"turns":4},{"damage":33,"enemies":"Gremlin Nob","floor":6,"turns":6},{"damage":25,"enemies":"3 Sentries","floor":8,"turns":11},{"damage":0,"enemies":"Small Slimes","floor":10,"turns":3},{"damage":10,"enemies":"2 Fungi Beasts","floor":11,"turns":5},{"damage":8,"enemies":"Exordium Thugs","floor":12,"turns":5},{"damage":4,"enemies":"Lagavulin","floor":14,"turns":10},{"damage":28,"enemies":"Slime Boss","floor":16,"turns":11},{"damage":0,"enemies":"3 Byrds","floor":18,"turns":4},{"damage":4,"enemies":"2 Thieves","floor":22,"turns":3},{"damage":9,"enemies":"Chosen and Byrds","floor":24,"turns":6},{"damage":4,"enemies":"Snecko","floor":25,"turns":6},{"damage":1,"enemies":"3 Cultists","floor":29,"turns":4},{"damage":0,"enemies":"Chosen and Byrds","floor":31,"turns":1},{"damage":51,"enemies":"Collector","floor":33,"turns":11},{"damage":29,"enemies":"Flame Bruiser 1 Orb","floor":35,"turns":5},{"damage":20,"enemies":"3 Darklings","floor":38,"turns":5},{"damage":0,"enemies":"Mind Bloom Boss Battle","floor":39,"turns":7},{"damage":16,"enemies":"Nemesis","floor":40,"turns":9},{"damage":16,"enemies":"Maw","floor":42,"turns":10},{"damage":19,"enemies":"Transient","floor":47,"turns":5},{"damage":5,"enemies":"3 Darklings","floor":48,"turns":4},{"damage":95,"enemies":"Donu and Deca","floor":50,"turns":20}],"seed_played":"2282404642986391302","potions_obtained":[{"floor":6,"key":"Explosive Potion"},{"floor":10,"key":"Energy Potion"},{"floor":11,"key":"Regen Potion"},{"floor":14,"key":"Fire Potion"},{"floor":22,"key":"LiquidBronze"},{"floor":25,"key":"Fruit Juice"},{"floor":29,"key":"SmokeBomb"},{"floor":33,"key":"GhostInAJar"},{"floor":35,"key":"Block Potion"},{"floor":40,"key":"GhostInAJar"},{"floor":47,"key":"Dexterity Potion"}],"is_trial":false,"path_per_floor":["M","?","?","M","?","E","R","E","T","M","M","M","?","E","R","B",null,"M","?","T","$","M","R","M","M","T","$","$","M","R","M","R","B",null,"M","$","?","M","?","E","R","M","T","?","R","?","M","M","R","B"],"character_chosen":"THE_SILENT","items_purchased":["Enlightenment","Sadistic Nature","Dagger Spray+1","Metamorphosis","Bandage Up"],"campfire_rested":5,"item_purchase_floors":[21,21,21,27,36],"current_hp_per_floor":[70,70,70,70,70,37,58,33,33,33,23,29,70,66,66,38,70,70,70,70,70,66,66,57,58,58,58,58,57,57,57,75,24,75,46,46,46,30,34,22,44,32,32,32,54,54,39,38,60,13],"gold":313,"neow_bonus":"","is_prod":false,"is_daily":false,"chose_seed":false,"campfire_upgraded":3,"win_rate":0,"timestamp":1535599857,"path_taken":["M","?","?","?","?","E","R","E","T","M","?","M","?","E","R","BOSS","M","?","?","$","?","R","M","M","T","?","$","M","R","M","R","BOSS","M","$","?","M","?","E","R","?","T","?","R","?","M","?","R","BOSS"],"build_version":"2018-08-23v2","purchased_purges":1,"victory":true,"max_hp_per_floor":[70,70,70,70,70,70,70,70,70,70,70,70,70,70,70,70,70,70,70,70,70,70,70,70,75,75,75,75,75,75,75,75,75,75,75,75,75,75,75,75,75,75,75,75,75,75,75,75,75,75],"card_choices":[{"not_picked":["Blade Dance","Poisoned Stab"],"picked":"Dodge and Roll","floor":1},{"not_picked":["Slice","Flying Knee"],"picked":"Riddle With Holes","floor":4},{"not_picked":["Cloak And Dagger","Calculated Gamble"],"picked":"Malaise","floor":6},{"not_picked":["Night Terror","Flying Knee"],"picked":"Well Laid Plans","floor":8},{"not_picked":["Underhanded Strike+1","Deflect"],"picked":"Dodge and Roll","floor":10},{"not_picked":["Underhanded Strike+1","Blade Dance"],"picked":"Cloak And Dagger","floor":11},{"not_picked":["Riddle With Holes+1","Poisoned Stab+1"],"picked":"Predator+1","floor":12},{"not_picked":["Backflip","Well Laid Plans"],"picked":"Die Die Die+1","floor":14},{"not_picked":["Burst","Venomology"],"picked":"Adrenaline","floor":16},{"not_picked":["Backflip","Deflect"],"picked":"Blur","floor":18},{"not_picked":["Acrobatics","Flying Knee+1"],"picked":"Poisoned Stab+1","floor":22},{"not_picked":["Dagger Spray+1","Deflect"],"picked":"PiercingWail","floor":24},{"not_picked":["Dagger Throw+1","Slice+1"],"picked":"Terror","floor":25},{"not_picked":["Flying Knee+1","Cloak And Dagger"],"picked":"Blade Dance","floor":29},{"not_picked":["Wraith Form v2","Doppelganger"],"picked":"A Thousand Cuts","floor":33},{"not_picked":["Infinite Blades+1","Skewer+1"],"picked":"Deflect","floor":35},{"not_picked":["Mind Blast+1","Madness"],"picked":"Panache","floor":37},{"not_picked":["Heel Hook+1","All Out Attack+1"],"picked":"Dagger Spray+1","floor":38},{"not_picked":["Slice+1","Prepared"],"picked":"Footwork+1","floor":39},{"not_picked":["Eviscerate+1","Expertise"],"picked":"Footwork","floor":40},{"not_picked":["Prepared","Eviscerate+1"],"picked":"Cloak And Dagger+1","floor":42},{"not_picked":["Bane+1","Acrobatics+1"],"picked":"Catalyst+1","floor":47},{"not_picked":["Acrobatics","Sucker Punch+1"],"picked":"Outmaneuver","floor":48}],"player_experience":115072,"relics_obtained":[{"floor":6,"key":"Paper Crane"},{"floor":8,"key":"The Courier"},{"floor":9,"key":"Molten Egg 2"},{"floor":14,"key":"Ornamental Fan"},{"floor":20,"key":"Ninja Scroll"},{"floor":26,"key":"Smiling Mask"},{"floor":39,"key":"Calipers"},{"floor":40,"key":"War Paint"},{"floor":43,"key":"Anchor"}],"event_choices":[{"event_name":"Upgrade Shrine","player_choice":"Upgraded","floor":2,"damage_taken":0},{"event_name":"The Cleric","player_choice":"Leave","floor":3,"damage_taken":0},{"event_name":"Living Wall","player_choice":"Change","floor":5,"damage_taken":0},{"event_name":"Bonfire Elementals","player_choice":"UNCOMMON","floor":13,"damage_taken":0},{"event_name":"The Mausoleum","player_choice":"Yes","floor":19,"damage_taken":0},{"event_name":"SensoryStone","player_choice":"Memory 1","floor":37,"damage_taken":0},{"event_name":"MindBloom","player_choice":"Fight","floor":39,"damage_taken":0},{"event_name":"Falling","player_choice":"Removed Skill","floor":44,"damage_taken":0},{"event_name":"Golden Shrine","player_choice":"Pray","floor":46,"damage_taken":0}],"is_beta":false,"boss_relics":[{"not_picked":["Busted Crown","Coffee Dripper"],"picked":"Runic Pyramid"},{"not_picked":["Tiny House","Eternal Feather"],"picked":"Lizard Tail"}],"items_purged_floors":[21],"is_endless":false,"potions_floor_spawned":[6,10,11,14,22,25,29,33,35,40,47],"ascension_level":3}