{"gold_per_floor":[116,116,116,126,201,216,236,266,266,266,292,17,32,52,52,154,154,164,182,182,202,220,220,231,231,231,245,245,245,259,271,271,370,370,385,401,451,333,350,384,384,408,408,408,439,439,449,460,460,460],"floor_reached":51,"playtime":4560,"items_purged":[],"score":738,"play_id":"11d2ff00-d468-4a1f-a56d-b6d4c666f62b","local_time":"20180720122326","is_ascension_mode":false,"campfire_choices":[{"floor":10,"key":"REST"},{"floor":15,"key":"REST"},{"floor":23,"key":"REST"},{"floor":25,"key":"REST"},{"floor":29,"key":"REST"},{"floor":32,"key":"REST"},{"floor":41,"key":"REST"},{"floor":44,"key":"REST"},{"floor":49,"key":"REST"}],"neow_cost":"NONE","seed_source_timestamp":716566944342415,"circlet_count":0,"master_deck":["Defend_G+1","Defend_G+1","Defend_G+1","Defend_G+1","Defend_G+1","Strike_G+1","Strike_G+1","Strike_G+1","Strike_G+1","Survivor+1","Neutralize+1","Doppelganger+1","Caltrops+1","Noxious Fumes+1","Riddle With Holes+1","Flying Knee+1","Noxious Fumes+1","Footwork+1","Panache+1","Leg Sweep+1","Heel Hook+1","Die Die Die+1","Poisoned Stab+1","Terror+1","Bouncing Flask+1","Die Die Die+1","Outmaneuver+1","Backstab+1","Trip+1","Bane+1","Sucker Punch+1","Wraith Form v2+1","Outmaneuver+1","Outmaneuver+1","Poisoned Stab+1","Infinite Blades+1","Blade Dance+1","Heel Hook+1","All Out Attack+1","Flechettes+1","Poisoned Stab+1","Outmaneuver+1"],"relics":["Ring of the Snake","Boot","War Paint","Lantern","Runic Pyramid","Mercury Hourglass","Sozu","Mango","The Courier","Blood Vial","Paper Crane","Juzu Bracelet","Mark of the Bloom"],"potions_floor_usage":[16,27,33,50],"damage_taken":[{"damage":0,"enemies":"2 Louse","floor":1,"turns":6},{"damage":0,"enemies":"Small Slimes","floor":4,"turns":3},{"damage":0,"enemies":"Jaw Worm","floor":6,"turns":6},{"damage":3,"enemies":"Large Slime","floor":7,"turns":5},{"damage":27,"enemies":"Gremlin Nob","floor":8,"turns":4},{"damage":8,"enemies":"Exordium Wildlife","floor":13,"turns":5},{"damage":0,"enemies":"3 Louse","floor":14,"turns":4},{"damage":6,"enemies":"Hexaghost","floor":16,"turns":10},{"damage":7,"enemies":"Spheric Guardian","floor":18,"turns":6},{"damage":10,"enemies":"2 Thieves","floor":19,"turns":4},{"damage":15,"enemies":"Centurion and Healer","floor":21,"turns":7},{"damage":9,"enemies":"Snake Plant","floor":22,"turns":5},{"damage":12,"enemies":"Sentry and Sphere","floor":24,"turns":6},{"damage":1,"enemies":"Snecko","floor":27,"turns":5},{"damage":7,"enemies":"Centurion and Healer","floor":30,"turns":6},{"damage":26,"enemies":"Slaver and Parasite","floor":31,"turns":4},{"damage":28,"enemies":"Collector","floor":33,"turns":7},{"damage":1,"enemies":"Orb Walker","floor":35,"turns":3},{"damage":0,"enemies":"Flame Bruiser 1 Orb","floor":36,"turns":4},{"damage":18,"floor":37,"turns":4},{"damage":15,"enemies":"Maw","floor":39,"turns":6},{"damage":3,"enemies":"Giant Head","floor":40,"turns":8},{"damage":1,"enemies":"Nemesis","floor":45,"turns":5},{"damage":0,"enemies":"Sphere and 2 Shapes","floor":47,"turns":4},{"damage":8,"enemies":"4 Shapes","floor":48,"turns":3},{"damage":22,"enemies":"Donu and Deca","floor":50,"turns":7}],"seed_played":"7993624837019505573","potions_obtained":[{"floor":1,"key":"SpeedPotion"},{"floor":4,"key":"Weak Potion"},{"floor":7,"key":"GhostInAJar"},{"floor":18,"key":"Explosive Potion"},{"floor":27,"key":"SneckoOil"},{"floor":30,"key":"Ancient Potion"},{"floor":33,"key":"SteroidPotion"}],"is_trial":false,"path_per_floor":["M","?","?","M","?","M","M","E","T","R","T","$","M","M","R","B",null,"M","M","?","M","M","R","M","R","T","M","?","R","M","M","R","B",null,"M","M","?","$","M","E","R","T","T","R","E","?","M","M","R","B"],"character_chosen":"THE_SILENT","items_purchased":["Footwork","Panache","Infinite Blades","Blade Dance"],"campfire_rested":9,"item_purchase_floors":[12,12,38,38],"current_hp_per_floor":[70,70,70,70,59,59,56,29,29,50,50,50,42,42,63,57,70,63,53,40,25,16,38,26,48,48,47,47,69,62,36,58,30,75,74,74,70,70,55,52,78,78,78,89,88,88,88,80,80,58],"gold":460,"neow_bonus":"TRANSFORM_CARD","is_prod":false,"is_daily":false,"chose_seed":false,"campfire_upgraded":0,"win_rate":0,"timestamp":1532103806,"path_taken":["M","?","?","M","?","M","M","E","T","R","?","?","M","M","R","BOSS","M","M","?","M","M","R","M","R","T","M","?","R","?","M","R","BOSS","M","?","?","?","?","E","R","?","T","R","E","?","M","M","R","BOSS"],"build_version":"2018-07-19v2","purchased_purges":0,"victory":true,"max_hp_per_floor":[70,70,70,70,70,70,70,70,70,70,70,70,70,70,70,70,70,70,70,75,75,75,75,75,75,75,75,75,75,75,75,75,75,75,75,75,89,89,89,89,89,89,89,89,89,89,89,89,89,89],"card_choices":[{"not_picked":["Deflect","Distraction"],"picked":"Caltrops","floor":1},{"not_picked":["Acrobatics","Caltrops"],"picked":"Noxious Fumes","floor":4},{"not_picked":["Quick Slash","Choke"],"picked":"Riddle With Holes","floor":6},{"not_picked":["Acrobatics","Outmaneuver"],"picked":"Flying Knee","floor":7},{"not_picked":["Deadly Poison","Dagger Spray"],"picked":"Noxious Fumes","floor":8},{"not_picked":["Underhanded Strike","Bane"],"picked":"Leg Sweep","floor":13},{"not_picked":["Dodge and Roll","Accuracy"],"picked":"Heel Hook","floor":14},{"not_picked":["Tools of the Trade","Burst"],"picked":"Die Die Die","floor":16},{"not_picked":["Deadly Poison","Cloak And Dagger"],"picked":"Poisoned Stab","floor":18},{"not_picked":["Acrobatics","All Out Attack"],"picked":"Terror","floor":19},{"not_picked":["Slice","Acrobatics+1"],"picked":"Bouncing Flask+1","floor":21},{"not_picked":["Flying Knee","Escape Plan"],"picked":"Die Die Die","floor":22},{"not_picked":["Slice","Masterful Stab"],"picked":"Outmaneuver","floor":24},{"not_picked":["Poisoned Stab+1","Dash+1"],"picked":"Backstab","floor":27},{"not_picked":["Deadly Poison+1","PiercingWail"],"picked":"Bane+1","floor":30},{"not_picked":["Bane","Backstab"],"picked":"Sucker Punch+1","floor":31},{"not_picked":["Malaise","Glass Knife"],"picked":"Wraith Form v2","floor":33},{"not_picked":["Slice+1","Quick Slash"],"picked":"Outmaneuver","floor":35},{"not_picked":["Slice","Backstab"],"picked":"Outmaneuver","floor":36},{"not_picked":["Reflex+1","Underhanded Strike+1"],"picked":"Poisoned Stab+1","floor":37},{"not_picked":["Backstab","Backflip"],"picked":"Heel Hook+1","floor":39},{"not_picked":["Eviscerate+1","Deflect+1"],"picked":"All Out Attack+1","floor":40},{"not_picked":["Eviscerate+1","Dash"],"picked":"Flechettes+1","floor":45},{"not_picked":["Venomology","Deadly Poison"],"picked":"Poisoned Stab+1","floor":47},{"not_picked":["Poisoned Stab","Dodge and Roll"],"picked":"Outmaneuver+1","floor":48}],"player_experience":46025,"relics_obtained":[{"floor":8,"key":"Boot"},{"floor":9,"key":"War Paint"},{"floor":11,"key":"Lantern"},{"floor":26,"key":"Mercury Hourglass"},{"floor":37,"key":"Mango"},{"floor":40,"key":"The Courier"},{"floor":42,"key":"Blood Vial"},{"floor":43,"key":"Paper Crane"},{"floor":45,"key":"Juzu Bracelet"}],"event_choices":[{"event_name":"Living Wall","player_choice":"Grow","floor":2,"damage_taken":0},{"event_name":"Liars Game","player_choice":"disagreed","floor":3,"damage_taken":0},{"event_name":"World of Goop","player_choice":"Gather Gold","floor":5,"damage_taken":0},{"event_name":"Forgotten Altar","player_choice":"Shed Blood","floor":20,"damage_taken":0},{"event_name":"Match and Keep!","player_choice":"1 cards matched","floor":28,"damage_taken":0},{"event_name":"Match and Keep!","player_choice":"1 cards matched","floor":28,"damage_taken":0},{"event_name":"Mysterious Sphere","player_choice":"Fight","floor":37,"damage_taken":0},{"event_name":"MindBloom","player_choice":"Upgrade","floor":46,"damage_taken":0}],"is_beta":false,"boss_relics":[{"not_picked":["WristBlade","Lizard Tail"],"picked":"Runic Pyramid"},{"not_picked":["White Beast Statue","HoveringKite"],"picked":"Sozu"}],"items_purged_floors":[],"is_endless":false,"potions_floor_spawned":[1,4,7,18,21,27,30,33,36,40,47],"ascension_level":0}