{"gold_per_floor":[117,135,135,107,123,157,157,157,157,28,28,28,28,28],"floor_reached":14,"playtime":943,"items_purged":["Strike_G"],"score":146,"play_id":"0655e1c8-05d5-46cc-8f67-9531f8ebc30a","local_time":"20190525191013","is_ascension_mode":true,"campfire_choices":[{"floor":7.0,"key":"REST"},{"data":"Injury","floor":12,"key":"PURGE"}],"neow_cost":"NONE","seed_source_timestamp":436343078033600,"circlet_count":0,"master_deck":["AscendersBane","Defend_G","Defend_G","Defend_G","Defend_G","Defend_G","Strike_G","Strike_G","Strike_G","Strike_G","Survivor","Neutralize","Backflip","Well Laid Plans","Deadly Poison","Cloak And Dagger","PiercingWail"],"special_seed":0,"relics":["Ring of the Snake","Blood Vial","Peace Pipe","Oddly Smooth Stone","The Specimen","Golden Idol","Pen Nib"],"potions_floor_usage":[],"damage_taken":[{"damage":5.0,"enemies":"Jaw Worm","floor":1.0,"turns":8.0},{"damage":0.0,"enemies":"Small Slimes","floor":2.0,"turns":5.0},{"damage":0.0,"enemies":"2 Louse","floor":5.0,"turns":4.0},{"damage":36.0,"enemies":"3 Sentries","floor":6.0,"turns":16.0},{"damage":51,"enemies":"Gremlin Nob","floor":14,"turns":5}],"seed_played":"-3348021333316565904","potions_obtained":[{"floor":2.0,"key":"SpeedPotion"},{"floor":6.0,"key":"Fruit Juice"}],"is_trial":false,"path_per_floor":["M","M","?","?","M","E","R","?","T","$","?","R","?","E"],"character_chosen":"THE_SILENT","items_purchased":["PiercingWail"],"campfire_rested":1,"item_purchase_floors":[10],"current_hp_per_floor":[56,58,51,51,53,24,45,45,45,45,45,45,45,0],"gold":28,"neow_bonus":"RANDOM_COMMON_RELIC","is_prod":false,"is_daily":false,"chose_seed":false,"campfire_upgraded":0,"win_rate":0,"timestamp":1558825813,"path_taken":["M","M","?","?","M","E","R","?","T","?","?","R","?","E"],"build_version":"2019-01-23","purchased_purges":1,"victory":false,"max_hp_per_floor":[66,66,66,66,66,71,71,71,71,71,71,71,71,71],"card_choices":[{"not_picked":["Blade Dance","Acrobatics"],"picked":"Backflip","floor":1.0},{"not_picked":["Quick Slash","Reflex"],"picked":"Well Laid Plans","floor":2.0},{"not_picked":["Prepared","Bane"],"picked":"Deadly Poison","floor":5.0},{"not_picked":["Sucker Punch","Dagger Spray"],"picked":"Cloak And Dagger","floor":6.0}],"player_experience":1108478,"relics_obtained":[{"floor":6.0,"key":"Oddly Smooth Stone"},{"floor":9,"key":"The Specimen"}],"event_choices":[{"damage_healed":0.0,"max_hp_gain":0.0,"max_hp_loss":0.0,"gold_gain":0.0,"event_name":"Scrap Ooze","player_choice":"Success","floor":3.0,"gold_loss":0.0,"damage_taken":7.0,"relics_obtained":["Peace Pipe"]},{"damage_healed":0.0,"max_hp_gain":0.0,"max_hp_loss":0.0,"gold_gain":0.0,"event_name":"World of Goop","player_choice":"Left Gold","floor":4.0,"gold_loss":28.0,"damage_taken":0.0},{"damage_healed":0,"gold_gain":0,"player_choice":"Searched \u00271\u0027 times","damage_taken":0,"max_hp_gain":0,"max_hp_loss":0,"event_name":"Dead Adventurer","floor":8,"gold_loss":0},{"damage_healed":0,"gold_gain":0,"player_choice":"Take Wound","damage_taken":0,"relics_obtained":["Golden Idol"],"max_hp_gain":0,"max_hp_loss":0,"event_name":"Golden Idol","floor":11,"gold_loss":0,"cards_obtained":["Injury"]},{"damage_healed":0,"gold_gain":0,"player_choice":"Gave Potion","damage_taken":0,"relics_obtained":["Pen Nib"],"max_hp_gain":0,"max_hp_loss":0,"event_name":"WeMeetAgain","floor":13,"gold_loss":0}],"is_beta":false,"boss_relics":[],"items_purged_floors":[10],"is_endless":false,"potions_floor_spawned":[2,6],"killed_by":"Gremlin Nob","ascension_level":14}