{"gold_per_floor":[119,129,143,143,160,194,194,219,243,271,271,271,288,321,321,416,416,404,404,404,128,76,176,186,217,243,257,269,269,28,61,61,164,164,183,234,234,234,0,0,27,55,108,108,136,136,164,24,24,24,24,24,24,56,56],"floor_reached":55,"playtime":8366,"items_purged":[],"score":925,"play_id":"0338437c-03aa-4ce9-a3c2-54d29602dbba","local_time":"20181222232308","is_ascension_mode":true,"campfire_choices":[{"floor":7,"key":"REST"},{"floor":11,"key":"REST"},{"floor":15,"key":"RECALL"},{"floor":32,"key":"REST"},{"floor":40,"key":"REST"},{"floor":44,"key":"REST"},{"floor":46,"key":"REST"},{"floor":49,"key":"REST"},{"floor":52,"key":"REST"}],"neow_cost":"NONE","seed_source_timestamp":867160834543342,"circlet_count":0,"master_deck":["Defend_G+1","Defend_G+1","Defend_G+1","Defend_G+1","Defend_G+1","Strike_G+1","Strike_G+1","Strike_G+1","Strike_G+1","Strike_G+1","Survivor","Blur","Infinite Blades","Terror","Backflip","Accuracy","Acrobatics","Blade Dance","Dodge and Roll","Glass Knife+1","After Image","Well Laid Plans+1","Infinite Blades","Backflip","Leg Sweep+1","Dodge and Roll","Blade Dance","Blade Dance","Cloak And Dagger","A Thousand Cuts","Noxious Fumes+1","Leg Sweep","Secret Technique","Accuracy+1","Infinite Blades","Backflip","PiercingWail"],"relics":["Ring of the Snake","NeowsBlessing","Calipers","Regal Pillow","Pen Nib","Lantern","Centennial Puzzle","Ornamental Fan","Art of War","Fusion Hammer","OrangePellets","Pantograph","Omamori","PreservedInsect","Lee\u0027s Waffle","Anchor","WristBlade","Tingsha","Red Mask","Strawberry","Potion Belt","Juzu Bracelet","Bronze Scales","Whetstone"],"potions_floor_usage":[10,10,16,35,50,54,55,55,55],"damage_taken":[{"damage":0,"enemies":"2 Louse","floor":1,"turns":1},{"damage":0,"enemies":"Jaw Worm","floor":2,"turns":1},{"damage":0,"enemies":"Small Slimes","floor":3,"turns":1},{"damage":32,"enemies":"Exordium Wildlife","floor":5,"turns":7},{"damage":18,"enemies":"3 Sentries","floor":6,"turns":12},{"damage":15,"enemies":"Lagavulin","floor":8,"turns":7},{"damage":13,"enemies":"3 Sentries","floor":10,"turns":10},{"damage":0,"enemies":"2 Fungi Beasts","floor":13,"turns":3},{"damage":21,"enemies":"Gremlin Nob","floor":14,"turns":4},{"damage":8,"enemies":"The Guardian","floor":16,"turns":13},{"damage":13,"enemies":"2 Thieves","floor":18,"turns":4},{"damage":0,"enemies":"Chosen","floor":24,"turns":4},{"damage":17,"enemies":"Slavers","floor":25,"turns":6},{"damage":2,"enemies":"Centurion and Healer","floor":27,"turns":5},{"damage":1,"enemies":"Shelled Parasite and Fungi","floor":28,"turns":5},{"damage":4,"enemies":"Book of Stabbing","floor":31,"turns":4},{"damage":16,"enemies":"Collector","floor":33,"turns":12},{"damage":15,"enemies":"3 Darklings","floor":35,"turns":5},{"damage":20,"enemies":"2 Orb Walkers","floor":36,"turns":5},{"damage":33,"enemies":"Nemesis","floor":42,"turns":5},{"damage":27,"enemies":"Reptomancer","floor":45,"turns":4},{"damage":3,"enemies":"Giant Head","floor":47,"turns":6},{"damage":21,"enemies":"Donu and Deca","floor":50,"turns":8},{"damage":32,"enemies":"Shield and Spear","floor":54,"turns":5},{"damage":84,"enemies":"The Heart","floor":55,"turns":6}],"seed_played":"-4376139113577849463","potions_obtained":[{"floor":1,"key":"Poison Potion"},{"floor":6,"key":"Block Potion"},{"floor":8,"key":"Poison Potion"},{"floor":10,"key":"Dexterity Potion"},{"floor":13,"key":"SpeedPotion"},{"floor":31,"key":"GhostInAJar"},{"floor":35,"key":"Ancient Potion"},{"floor":45,"key":"Strength Potion"}],"is_trial":false,"path_per_floor":["M","M","M","?","M","E","R","E","T","E","R","T","M","E","R","B",null,"M","?","?","$","$","?","M","E","T","M","M","T","$","E","R","B",null,"M","?","?","?","?","R","T","E","T","R","E","R","E","$","R","B",null,"R","$","E","B"],"character_chosen":"THE_SILENT","items_purchased":["OrangePellets","Infinite Blades","Backflip","Lee\u0027s Waffle","Blade Dance","Infinite Blades","Backflip","SkillPotion"],"campfire_rested":8,"item_purchase_floors":[21,21,22,30,30,48,48,48],"current_hp_per_floor":[70,70,70,67,35,17,53,38,38,25,61,61,61,40,40,32,70,57,57,57,57,57,57,57,40,40,38,37,37,77,73,77,61,77,62,42,42,42,42,77,84,51,51,84,57,84,81,81,84,63,84,84,84,52,0],"gold":56,"neow_bonus":"THREE_ENEMY_KILL","is_prod":false,"is_daily":false,"chose_seed":false,"campfire_upgraded":0,"win_rate":0,"timestamp":1545538988,"path_taken":["M","M","M","?","M","E","R","E","T","E","R","?","M","E","R","BOSS","M","?","?","?","$","?","M","E","T","M","?","?","?","E","R","BOSS","M","?","?","?","?","R","?","E","T","R","E","R","E","?","R","BOSS","R","$","E","BOSS"],"build_version":"2018-12-20","purchased_purges":0,"victory":false,"max_hp_per_floor":[70,70,70,70,70,70,70,70,70,70,70,70,70,70,70,70,70,70,70,70,70,70,70,70,70,70,70,70,70,77,77,77,77,77,77,77,77,77,77,77,84,84,84,84,84,84,84,84,84,84,84,84,84,84,84],"card_choices":[{"not_picked":["Crippling Poison","Blade Dance"],"picked":"Blur","floor":1},{"not_picked":["Setup","Blade Dance"],"picked":"Infinite Blades","floor":2},{"not_picked":["Setup","Poisoned Stab"],"picked":"Terror","floor":3},{"not_picked":["Endless Agony","Predator"],"picked":"Backflip","floor":5},{"not_picked":["Slice","Outmaneuver"],"picked":"Accuracy","floor":6},{"not_picked":["Distraction","Tactician"],"picked":"Acrobatics","floor":8},{"not_picked":["Acrobatics","Reflex"],"picked":"Blade Dance","floor":10},{"not_picked":["Sucker Punch","Outmaneuver"],"picked":"Dodge and Roll","floor":13},{"not_picked":["Dagger Throw","Catalyst"],"picked":"Glass Knife","floor":14},{"not_picked":["Venomology","Bullet Time"],"picked":"After Image","floor":16},{"not_picked":["Deadly Poison","Cloak And Dagger"],"picked":"Well Laid Plans+1","floor":18},{"not_picked":["Outmaneuver","Flying Knee","Sucker Punch"],"picked":"SKIP","floor":24},{"not_picked":["PiercingWail","Dodge and Roll"],"picked":"Leg Sweep+1","floor":25},{"not_picked":["Skewer","Outmaneuver"],"picked":"Dodge and Roll","floor":27},{"not_picked":["Slice","Dagger Spray"],"picked":"Blade Dance","floor":28},{"not_picked":["Dodge and Roll","Slice"],"picked":"Cloak And Dagger","floor":31},{"not_picked":["Phantasmal Killer","Glass Knife"],"picked":"A Thousand Cuts","floor":33},{"not_picked":["Riddle With Holes+1","Expertise+1"],"picked":"Noxious Fumes+1","floor":35},{"not_picked":["Flechettes+1","Skewer+1"],"picked":"Leg Sweep","floor":36},{"not_picked":["Madness","Discovery"],"picked":"Secret Technique","floor":37},{"not_picked":["Blur+1","Dagger Spray"],"picked":"Accuracy+1","floor":42},{"not_picked":["All Out Attack+1","Night Terror","Unload"],"picked":"SKIP","floor":45},{"not_picked":["Deadly Poison","Quick Slash","Bane"],"picked":"SKIP","floor":47},{"not_picked":["Dagger Throw+1","Eviscerate+1"],"picked":"PiercingWail","floor":54}],"player_experience":396952,"relics_obtained":[{"floor":6,"key":"Regal Pillow"},{"floor":8,"key":"Pen Nib"},{"floor":9,"key":"Lantern"},{"floor":10,"key":"Centennial Puzzle"},{"floor":12,"key":"Ornamental Fan"},{"floor":14,"key":"Art of War"},{"floor":25,"key":"Pantograph"},{"floor":26,"key":"Omamori"},{"floor":29,"key":"PreservedInsect"},{"floor":31,"key":"Anchor"},{"floor":36,"key":"Tingsha"},{"floor":41,"key":"Strawberry"},{"floor":42,"key":"Potion Belt"},{"floor":45,"key":"Juzu Bracelet"},{"floor":47,"key":"Bronze Scales"},{"floor":54,"key":"Whetstone"}],"event_choices":[{"damage_healed":0,"gold_gain":0,"player_choice":"Success","damage_taken":3,"relics_obtained":["Calipers"],"max_hp_gain":0,"max_hp_loss":0,"event_name":"Scrap Ooze","floor":4,"gold_loss":0},{"damage_healed":0,"gold_gain":0,"player_choice":"Simplicity","damage_taken":0,"max_hp_gain":0,"max_hp_loss":0,"event_name":"Back to Basics","floor":19,"gold_loss":0,"cards_upgraded":["Defend_G","Defend_G","Defend_G","Defend_G","Defend_G","Strike_G","Strike_G","Strike_G","Strike_G","Strike_G"]},{"damage_healed":0,"gold_gain":0,"player_choice":"Ignored","damage_taken":0,"max_hp_gain":0,"max_hp_loss":0,"event_name":"Ghosts","floor":20,"gold_loss":0},{"damage_healed":0,"gold_gain":100,"player_choice":"Pray","damage_taken":0,"max_hp_gain":0,"max_hp_loss":0,"event_name":"Golden Shrine","floor":23,"gold_loss":0},{"damage_healed":0,"gold_gain":0,"player_choice":"Fight","damage_taken":0,"max_hp_gain":0,"max_hp_loss":0,"event_name":"Mysterious Sphere","floor":36,"gold_loss":0},{"damage_healed":0,"gold_gain":0,"player_choice":"Memory 1","damage_taken":0,"max_hp_gain":0,"max_hp_loss":0,"event_name":"SensoryStone","floor":37,"gold_loss":0},{"cards_removed":["Neutralize"],"damage_healed":0,"gold_gain":0,"player_choice":"Removed Attack","damage_taken":0,"max_hp_gain":0,"max_hp_loss":0,"event_name":"Falling","floor":38,"gold_loss":0},{"damage_healed":0,"gold_gain":0,"player_choice":"Paid","damage_taken":0,"relics_obtained":["Red Mask"],"max_hp_gain":0,"max_hp_loss":0,"event_name":"Tomb of Lord Red Mask","floor":39,"gold_loss":234}],"is_beta":false,"boss_relics":[{"not_picked":["Ectoplasm","Velvet Choker"],"picked":"Fusion Hammer"},{"not_picked":["Sozu","Empty Cage"],"picked":"WristBlade"}],"items_purged_floors":[],"is_endless":false,"potions_floor_spawned":[1,6,8,10,13,31,33,35,45],"killed_by":"The Heart","ascension_level":2}