{"gold_per_floor":[363,413,37,56,56,56,83,97,121,140,167,242,242,260,260,335,335,347,347,347,158,208,208,133,108,183,202,202,218,228,242,242,314,314,334,334,92,138,64,64,93,93,93,93,93,106,106,139,139,139,139],"floor_reached":51,"playtime":2651,"items_purged":["Strike_B","Strike_B+1"],"score":1418,"play_id":"e25d5a47-23e9-42f3-bf9e-e78077313e19","local_time":"20190126144533","is_ascension_mode":true,"campfire_choices":[{"data":"Defragment","floor":6.0,"key":"SMITH"},{"data":"Defragment","floor":13.0,"key":"SMITH"},{"data":"Steam Power","floor":15.0,"key":"SMITH"},{"data":"Storm","floor":23.0,"key":"SMITH"},{"data":"Machine Learning","floor":32.0,"key":"SMITH"},{"data":"Defragment","floor":40.0,"key":"SMITH"},{"data":"Zap","floor":42.0,"key":"SMITH"},{"floor":44.0,"key":"RECALL"},{"data":"Heatsinks","floor":45.0,"key":"SMITH"},{"data":"Dualcast","floor":47.0,"key":"SMITH"},{"data":"Self Repair","floor":49.0,"key":"SMITH"}],"neow_cost":"TEN_PERCENT_HP_LOSS","seed_source_timestamp":0,"circlet_count":0,"master_deck":["AscendersBane","Defend_B","Defend_B","Defend_B","Defend_B","Zap+1","Dualcast+1","Defragment+1","Defragment+1","Cold Snap","Self Repair+1","Steam Power+1","Auto Shields+1","Electrodynamics","Echo Form","Turbo+1","Storm+1","Coolheaded+1","Machine Learning+1","BootSequence+1","Defragment+1","Hologram+1","Echo Form","Hologram+1","Amplify+1","Heatsinks+1","Defragment+1","Glacier+1"],"special_seed":0,"relics":["Cracked Core","Runic Capacitor","Whetstone","Toxic Egg 2","Runic Dome","Bronze Scales","Cables","Darkstone Periapt","Coffee Dripper","WingedGreaves","PreservedInsect","Thread and Needle","Singing Bowl"],"potions_floor_usage":[50,51],"damage_taken":[{"damage":0.0,"enemies":"Small Slimes","floor":1.0,"turns":3.0},{"damage":2.0,"enemies":"Cultist","floor":4.0,"turns":4.0},{"damage":24.0,"enemies":"Gremlin Nob","floor":7.0,"turns":4.0},{"damage":3.0,"enemies":"2 Louse","floor":8.0,"turns":2.0},{"damage":7.0,"enemies":"Red Slaver","floor":10.0,"turns":4.0},{"damage":0.0,"enemies":"Lagavulin","floor":11.0,"turns":7.0},{"damage":0.0,"enemies":"Blue Slaver","floor":14.0,"turns":4.0},{"damage":27.0,"enemies":"Slime Boss","floor":16.0,"turns":6.0},{"damage":5.0,"enemies":"Chosen","floor":18.0,"turns":4.0},{"damage":26.0,"enemies":"Shell Parasite","floor":27.0,"turns":4.0},{"damage":0.0,"enemies":"Cultist and Chosen","floor":29.0,"turns":3.0},{"damage":13.0,"enemies":"Shelled Parasite and Fungi","floor":30.0,"turns":4.0},{"damage":0.0,"enemies":"Snecko","floor":31.0,"turns":3.0},{"damage":10.0,"enemies":"Automaton","floor":33.0,"turns":6.0},{"damage":0.0,"enemies":"3 Shapes","floor":35.0,"turns":2.0},{"damage":27.0,"enemies":"2 Orb Walkers","floor":38.0,"turns":3.0},{"damage":12.0,"enemies":"Nemesis","floor":41.0,"turns":5.0},{"damage":0.0,"enemies":"Orb Walker","floor":46.0,"turns":2.0},{"damage":63.0,"enemies":"Reptomancer","floor":48.0,"turns":3.0},{"damage":14,"enemies":"Time Eater","floor":50,"turns":5},{"damage":22,"enemies":"Awakened One","floor":51,"turns":2}],"seed_played":"-8470314224411207594","potions_obtained":[{"floor":1.0,"key":"Strength Potion"},{"floor":10.0,"key":"Ancient Potion"},{"floor":11.0,"key":"FocusPotion"},{"floor":27.0,"key":"Dexterity Potion"},{"floor":30.0,"key":"FairyPotion"},{"floor":48.0,"key":"EssenceOfSteel"}],"is_trial":false,"path_per_floor":["M","?","$","M","?","R","E","M","T","M","E","?","R","M","R","B",null,"M","?","T","$","?","R","?","$","T","M","T","M","M","M","R","B",null,"M","?","$","?","$","R","E","R","T","R","R","M","R","E","R","B","B"],"character_chosen":"DEFECT","items_purchased":["Runic Capacitor","Defragment","Cold Snap","Storm","Coolheaded+1","Amplify+1","Heatsinks","Defragment"],"campfire_rested":0,"item_purchase_floors":[3,3,3,21,25,37,37,39],"current_hp_per_floor":[64,58,58,56,56,56,32,29,29,29,36,25,25,32,32,12,51,53,53,53,53,53,53,53,53,53,41,41,48,49,56,56,53,61,64,61,61,41,41,41,43,43,43,43,43,57,57,15,15,21,0],"gold":139,"neow_bonus":"TWO_FIFTY_GOLD","is_prod":false,"is_daily":false,"chose_seed":false,"campfire_upgraded":10,"win_rate":0,"timestamp":1548510333,"path_taken":["M","?","$","?","?","R","E","M","T","?","E","?","R","M","R","BOSS","M","?","?","$","?","R","?","$","T","M","?","?","M","M","R","BOSS","M","?","$","?","$","R","E","R","T","R","R","M","R","E","R","BOSS","BOSS"],"build_version":"2019-01-23","purchased_purges":2,"victory":false,"max_hp_per_floor":[64,64,64,64,64,64,64,64,64,64,64,64,64,64,64,64,64,64,64,64,64,64,64,64,64,64,64,64,64,64,64,64,64,64,64,61,61,61,61,61,61,61,61,61,61,61,61,63,63,63,63],"card_choices":[{"not_picked":["Doom and Gloom","Compile Driver"],"picked":"Defragment","floor":1.0},{"not_picked":["Hello World","Recycle","Barrage"],"picked":"SKIP","floor":4.0},{"not_picked":["Rebound","Conserve Battery","Turbo"],"picked":"SKIP","floor":7.0},{"not_picked":["Undo","Multi-Cast"],"picked":"Self Repair","floor":8.0},{"not_picked":["Streamline","Redo"],"picked":"Steam Power","floor":10.0},{"not_picked":["Conserve Battery","Blizzard"],"picked":"Auto Shields","floor":11.0},{"not_picked":["Ball Lightning","Reprogram+1"],"picked":"Electrodynamics","floor":14.0},{"not_picked":["Rainbow+1","Multi-Cast+1"],"picked":"Echo Form","floor":16.0},{"not_picked":["Gash","Ball Lightning"],"picked":"Turbo+1","floor":18.0},{"not_picked":["Beam Cell","Reinforced Body+1"],"picked":"Machine Learning","floor":27.0},{"not_picked":["Sweeping Beam+1","Beam Cell"],"picked":"BootSequence+1","floor":29.0},{"not_picked":["Blizzard","Leap+1"],"picked":"Defragment+1","floor":30.0},{"not_picked":["Cold Snap","Rip and Tear+1"],"picked":"Hologram+1","floor":31.0},{"not_picked":["Hyperbeam","Multi-Cast+1"],"picked":"Echo Form","floor":33.0},{"not_picked":["Lockon","Blizzard"],"picked":"Hologram+1","floor":35.0},{"not_picked":["Undo+1","Force Field+1"],"picked":"Glacier+1","floor":41.0},{"not_picked":["Hello World","Stack+1","Ball Lightning"],"picked":"SKIP","floor":46.0},{"not_picked":["Stack+1","Go for the Eyes","Sweeping Beam"],"picked":"Singing Bowl","floor":48.0}],"player_experience":1164809,"relics_obtained":[{"floor":7.0,"key":"Whetstone"},{"floor":11.0,"key":"Toxic Egg 2"},{"floor":20.0,"key":"Bronze Scales"},{"floor":26.0,"key":"Cables"},{"floor":28.0,"key":"Darkstone Periapt"},{"floor":38.0,"key":"WingedGreaves"},{"floor":41.0,"key":"PreservedInsect"},{"floor":43.0,"key":"Thread and Needle"},{"floor":48.0,"key":"Singing Bowl"}],"event_choices":[{"damage_healed":0.0,"max_hp_gain":0.0,"max_hp_loss":0.0,"gold_gain":50.0,"event_name":"FaceTrader","player_choice":"Touch","floor":2.0,"gold_loss":0.0,"damage_taken":6.0},{"cards_removed":["Strike_B"],"damage_healed":0.0,"max_hp_gain":0.0,"max_hp_loss":0.0,"gold_gain":0.0,"event_name":"Bonfire Elementals","player_choice":"Offered Basic","floor":5.0,"gold_loss":0.0,"damage_taken":0.0},{"damage_healed":0.0,"max_hp_gain":0.0,"max_hp_loss":0.0,"gold_gain":75.0,"event_name":"World of Goop","player_choice":"Gather Gold","floor":12.0,"gold_loss":0.0,"damage_taken":11.0},{"damage_healed":0.0,"max_hp_gain":0.0,"max_hp_loss":0.0,"gold_gain":0.0,"event_name":"Cursed Tome","player_choice":"Ignored","floor":19.0,"gold_loss":0.0,"damage_taken":0.0},{"damage_healed":0.0,"max_hp_gain":0.0,"max_hp_loss":0.0,"gold_gain":50.0,"event_name":"Nest","player_choice":"Stole From Cult","floor":22.0,"gold_loss":0.0,"damage_taken":0.0},{"cards_removed":["Strike_B"],"damage_healed":0.0,"max_hp_gain":0.0,"max_hp_loss":0.0,"gold_gain":0.0,"event_name":"Beggar","player_choice":"Gave Gold","floor":24.0,"gold_loss":75.0,"damage_taken":0.0},{"damage_healed":0.0,"max_hp_gain":0.0,"max_hp_loss":3.0,"gold_gain":0.0,"event_name":"Winding Halls","player_choice":"Max HP","floor":36.0,"gold_loss":0.0,"damage_taken":0.0},{"damage_healed":0.0,"max_hp_gain":0.0,"max_hp_loss":0.0,"gold_gain":0.0,"event_name":"Mysterious Sphere","player_choice":"Fight","floor":38.0,"gold_loss":0.0,"damage_taken":0.0}],"is_beta":true,"boss_relics":[{"not_picked":["Cursed Key","White Beast Statue"],"picked":"Runic Dome"},{"not_picked":["Runic Pyramid","Astrolabe"],"picked":"Coffee Dripper"}],"items_purged_floors":[3,21],"is_endless":false,"potions_floor_spawned":[1,10,11,27,30,33,48],"killed_by":"Awakened One","ascension_level":20}