{"gold_per_floor":[111,123,123,123,48,48,68,68,68,68,88,103,103,23,23,125,125,141,86,11,28,28,28,45,45,45,55,55,55,55,55,55,160,210,224,224,244,292,392,392,442,471,494,506,528,22,22,39,39,39],"floor_reached":51,"playtime":5885,"items_purged":["Regret","Regret","Strike_G"],"score":636,"play_id":"e0d1c5ca-2fa8-4c0f-a37d-8d03ae0949fe","local_time":"20190302100150","is_ascension_mode":false,"campfire_choices":[{"data":"Venomology","floor":6.0,"key":"SMITH"},{"data":"Cloak And Dagger","floor":10.0,"key":"SMITH"},{"data":"Neutralize","floor":13.0,"key":"SMITH"},{"data":"Dash","floor":15.0,"key":"SMITH"},{"data":"Storm of Steel","floor":23.0,"key":"SMITH"},{"data":"Accuracy","floor":30.0,"key":"SMITH"},{"data":"Well Laid Plans","floor":32.0,"key":"SMITH"},{"floor":40,"key":"REST"},{"floor":44,"key":"REST"},{"floor":47,"key":"REST"},{"floor":49,"key":"REST"}],"neow_cost":"NONE","seed_source_timestamp":674874002300,"circlet_count":0,"master_deck":["Defend_G","Defend_G","Defend_G","Defend_G+1","Defend_G","Strike_G","Strike_G","Survivor+1","Neutralize+1","Venomology+1","Terror+1","Cloak And Dagger+1","Dash+1","Storm of Steel+1","Accuracy+1","Well Laid Plans+1","Envenom+1","Cloak And Dagger+1","Blade Dance","Accuracy+1","Distraction+1"],"special_seed":0,"relics":["Calling Bell","Orichalcum","Gremlin Horn","Pocketwatch","The Courier","Bottled Flame","Empty Cage","Tiny Chest","Dodecahedron","Frozen Egg 2","Tiny House","Gambling Chip","Ice Cream","Juzu Bracelet","Pen Nib","MawBank","Dead Branch","Centennial Puzzle"],"potions_floor_usage":[38,38,39,48,50,50,50,50],"damage_taken":[{"damage":4.0,"enemies":"2 Louse","floor":1.0,"turns":3.0},{"damage":1.0,"enemies":"Small Slimes","floor":2.0,"turns":3.0},{"damage":1.0,"enemies":"Jaw Worm","floor":7.0,"turns":3.0},{"damage":3.0,"enemies":"Gremlin Gang","floor":11.0,"turns":6.0},{"damage":0.0,"enemies":"2 Fungi Beasts","floor":12.0,"turns":4.0},{"damage":10.0,"enemies":"Hexaghost","floor":16.0,"turns":12.0},{"damage":2.0,"enemies":"Shell Parasite","floor":18.0,"turns":5.0},{"damage":0.0,"enemies":"3 Byrds","floor":21.0,"turns":4.0},{"damage":10.0,"enemies":"Centurion and Healer","floor":24.0,"turns":6.0},{"damage":11.0,"enemies":"Snake Plant","floor":27.0,"turns":5.0},{"damage":22.0,"enemies":"Champ","floor":33.0,"turns":9.0},{"damage":14.0,"enemies":"Orb Walker","floor":35.0,"turns":4.0},{"damage":13.0,"enemies":"3 Darklings","floor":37.0,"turns":5.0},{"damage":11,"enemies":"2 Orb Walkers","floor":38,"turns":4},{"damage":4,"enemies":"Mind Bloom Boss Battle","floor":39,"turns":8},{"damage":35,"enemies":"Giant Head","floor":42,"turns":8},{"damage":21,"enemies":"Sphere and 2 Shapes","floor":45,"turns":7},{"damage":6,"enemies":"4 Shapes","floor":48,"turns":4},{"damage":70,"enemies":"Awakened One","floor":50,"turns":10}],"seed_played":"7705506239254336017","potions_obtained":[{"floor":1.0,"key":"GhostInAJar"},{"floor":2.0,"key":"Block Potion"},{"floor":27.0,"key":"FairyPotion"},{"floor":34.0,"key":"Energy Potion"},{"floor":35.0,"key":"AttackPotion"},{"floor":39,"key":"Explosive Potion"}],"is_trial":false,"path_per_floor":["M","M","?","?","$","R","M","?","T","R","M","M","R","$","R","B",null,"M","?","?","M","$","R","M","T","T","M","$","?","R","$","R","B",null,"M","?","M","?","?","R","T","E","T","R","M","$","R","M","R","B",null],"character_chosen":"THE_SILENT","items_purchased":["Dead Branch","Accuracy+1","Centennial Puzzle"],"campfire_rested":4,"item_purchase_floors":[46,46,46],"current_hp_per_floor":[66,65,51,56,56,56,55,48,48,48,45,45,45,45,45,35,75,73,73,73,73,73,73,63,63,63,52,52,75,75,75,75,53,80,66,66,53,42,38,62,62,27,27,51,30,30,54,48,72,2],"gold":39,"neow_bonus":"BOSS_RELIC","is_prod":false,"is_daily":false,"chose_seed":false,"campfire_upgraded":7,"win_rate":0,"timestamp":1551538910,"path_taken":["M","M","?","?","$","R","M","?","T","R","?","?","R","$","R","BOSS","M","?","?","M","?","R","?","?","T","M","?","?","R","$","R","BOSS","M","?","?","?","?","R","?","E","T","R","M","$","R","M","R","BOSS"],"build_version":"2019-01-23","purchased_purges":3,"victory":true,"max_hp_per_floor":[70,70,70,75,75,75,75,75,75,75,75,75,75,75,75,75,75,75,75,75,75,75,75,75,75,75,75,75,75,75,75,75,75,80,80,80,80,80,80,80,80,80,80,80,80,80,80,80,80,80],"card_choices":[{"not_picked":["Quick Slash","Flechettes"],"picked":"Venomology","floor":1.0},{"not_picked":["Poisoned Stab","Sucker Punch"],"picked":"Terror","floor":2.0},{"not_picked":["Backstab","Predator"],"picked":"Cloak And Dagger","floor":7.0},{"not_picked":["Poisoned Stab","Calculated Gamble","Prepared"],"picked":"SKIP","floor":11.0},{"not_picked":["All Out Attack","Choke"],"picked":"Dash","floor":12.0},{"not_picked":["Phantasmal Killer","Unload"],"picked":"Storm of Steel","floor":16.0},{"not_picked":["Dagger Spray","Prepared+1","Sucker Punch"],"picked":"SKIP","floor":18.0},{"not_picked":["Acrobatics","Bane"],"picked":"Accuracy","floor":21.0},{"not_picked":["Flechettes","Prepared+1"],"picked":"Well Laid Plans","floor":24.0},{"not_picked":["Slice","Crippling Poison","Calculated Gamble"],"picked":"SKIP","floor":27.0},{"not_picked":["Grand Finale","Bullet Time"],"picked":"Envenom+1","floor":33.0},{"not_picked":["Dodge and Roll","Underhanded Strike+1"],"picked":"Cloak And Dagger","floor":34.0},{"not_picked":["Well Laid Plans+1","Deadly Poison","Flechettes"],"picked":"SKIP","floor":35.0},{"not_picked":["Quick Slash+1","Slice","Deflect"],"picked":"SKIP","floor":37.0},{"not_picked":["Dash","Outmaneuver+1"],"picked":"Blade Dance","floor":38},{"not_picked":["Outmaneuver","Dodge and Roll+1","Prepared+1"],"picked":"SKIP","floor":42},{"not_picked":["Riddle With Holes+1","Quick Slash+1","Bane"],"picked":"SKIP","floor":45},{"not_picked":["Flying Knee","Eviscerate+1"],"picked":"Distraction+1","floor":48}],"player_experience":944945,"relics_obtained":[{"floor":0.0,"key":"Orichalcum"},{"floor":0.0,"key":"Gremlin Horn"},{"floor":0.0,"key":"Pocketwatch"},{"floor":9.0,"key":"Bottled Flame"},{"floor":25.0,"key":"Dodecahedron"},{"floor":26.0,"key":"Frozen Egg 2"},{"floor":38,"key":"Gambling Chip"},{"floor":39,"key":"Ice Cream"},{"floor":41,"key":"Juzu Bracelet"},{"floor":42,"key":"Pen Nib"},{"floor":43,"key":"MawBank"}],"event_choices":[{"damage_healed":0.0,"max_hp_gain":0.0,"max_hp_loss":0.0,"gold_gain":0.0,"event_name":"Shining Light","player_choice":"Entered Light","floor":3.0,"gold_loss":0.0,"damage_taken":14.0,"cards_upgraded":["Defend_G","Terror"]},{"damage_healed":0.0,"max_hp_gain":5.0,"max_hp_loss":0.0,"gold_gain":0.0,"event_name":"Big Fish","player_choice":"Donut","floor":4.0,"gold_loss":0.0,"damage_taken":0.0},{"damage_healed":0.0,"max_hp_gain":0.0,"max_hp_loss":0.0,"gold_gain":0.0,"event_name":"Scrap Ooze","player_choice":"Success","floor":8.0,"gold_loss":0.0,"damage_taken":7.0,"relics_obtained":["The Courier"]},{"damage_healed":0.0,"max_hp_gain":0.0,"max_hp_loss":0.0,"gold_gain":0.0,"event_name":"Addict","player_choice":"Obtained Relic","floor":19.0,"gold_loss":85.0,"damage_taken":0.0,"relics_obtained":["Tiny Chest"]},{"cards_removed":["Strike_G"],"damage_healed":0.0,"max_hp_gain":0.0,"max_hp_loss":0.0,"gold_gain":0.0,"event_name":"Beggar","player_choice":"Gave Gold","floor":20.0,"gold_loss":75.0,"damage_taken":0.0},{"damage_healed":25.0,"max_hp_gain":0.0,"max_hp_loss":0.0,"gold_gain":0.0,"event_name":"The Library","player_choice":"Heal","floor":29.0,"gold_loss":0.0,"damage_taken":0.0},{"damage_healed":0.0,"max_hp_gain":0.0,"max_hp_loss":0.0,"gold_gain":0.0,"event_name":"Upgrade Shrine","player_choice":"Upgraded","floor":36.0,"gold_loss":0.0,"damage_taken":0.0,"cards_upgraded":["Cloak And Dagger"]},{"damage_healed":0,"gold_gain":0,"player_choice":"Fight","damage_taken":0,"max_hp_gain":0,"max_hp_loss":0,"event_name":"Mysterious Sphere","floor":38,"gold_loss":0},{"damage_healed":0,"gold_gain":0,"player_choice":"Fight","damage_taken":0,"max_hp_gain":0,"max_hp_loss":0,"event_name":"MindBloom","floor":39,"gold_loss":0}],"is_beta":false,"boss_relics":[{"not_picked":["Sozu","Runic Dome"],"picked":"Empty Cage"},{"not_picked":["Astrolabe","Orrery"],"picked":"Tiny House"}],"items_purged_floors":[5,14,46],"is_endless":false,"potions_floor_spawned":[1,2,12,18,27,35,39],"ascension_level":0}