{"gold_per_floor":[117,192,117,117,128,153,153,164,164,164,198,218,243,257,257,333,333,345,345,365,24,39,39,66,66,66,66,82,102,102,117,117,193,193,212,230,20,34,44,44,44,44,92,33,33],"floor_reached":45,"playtime":1999,"items_purged":[],"score":1055,"play_id":"4a5020d8-5d46-47c8-b14b-440eb96c42a1","local_time":"20190614213638","is_ascension_mode":true,"campfire_choices":[{"data":"Defragment","floor":7.0,"key":"SMITH"},{"data":"Dualcast","floor":10.0,"key":"SMITH"},{"data":"Loop","floor":15.0,"key":"SMITH"},{"data":"Strike_B","floor":23.0,"key":"PURGE"},{"floor":27.0,"key":"REST"},{"floor":32.0,"key":"REST"},{"floor":40,"key":"REST"},{"floor":42,"key":"REST"}],"neow_cost":"NONE","seed_source_timestamp":149274848744196,"circlet_count":0,"master_deck":["AscendersBane","Strike_B+1","Strike_B","Defend_B","Defend_B","Zap","Dualcast+1","Cold Snap","Defragment+1","Cold Snap","Cold Snap+1","Defragment","Loop+1","Cold Snap","Electrodynamics","Coolheaded+1","Glacier","White Noise","Hologram","Cold Snap+1","Fusion","Hologram","Coolheaded","Blizzard+1","Capacitor+1","Defragment+1","White Noise","Madness","Madness"],"special_seed":0,"relics":["Cracked Core","NeowsBlessing","FossilizedHelix","Thread and Needle","Ice Cream","Odd Mushroom","Whetstone","White Beast Statue","Peace Pipe","DataDisk","Ornamental Fan","Orrery","DollysMirror","Ancient Tea Set","Potion Belt"],"potions_floor_usage":[],"damage_taken":[{"damage":0.0,"enemies":"Small Slimes","floor":1.0,"turns":1.0},{"damage":0.0,"enemies":"Jaw Worm","floor":5.0,"turns":1.0},{"damage":0.0,"enemies":"3 Sentries","floor":6.0,"turns":1.0},{"damage":0.0,"enemies":"2 Louse","floor":8.0,"turns":2.0},{"damage":0.0,"enemies":"Gremlin Nob","floor":11.0,"turns":4.0},{"damage":0.0,"enemies":"The Mushroom Lair","floor":12.0,"turns":6.0},{"damage":0.0,"enemies":"Lagavulin","floor":13.0,"turns":6.0},{"damage":0.0,"enemies":"Red Slaver","floor":14.0,"turns":3.0},{"damage":2.0,"enemies":"Hexaghost","floor":16.0,"turns":11.0},{"damage":0.0,"enemies":"Spheric Guardian","floor":18.0,"turns":4.0},{"damage":11.0,"enemies":"2 Thieves","floor":20.0,"turns":3.0},{"damage":8.0,"enemies":"Snake Plant","floor":22.0,"turns":6.0},{"damage":23.0,"enemies":"Slavers","floor":24.0,"turns":5.0},{"damage":0.0,"enemies":"Cultist and Chosen","floor":28.0,"turns":6.0},{"damage":0.0,"enemies":"Sentry and Sphere","floor":29.0,"turns":6.0},{"damage":0.0,"enemies":"Snecko","floor":31.0,"turns":6.0},{"damage":3.0,"enemies":"Collector","floor":33.0,"turns":14.0},{"damage":0.0,"enemies":"3 Shapes","floor":35.0,"turns":3.0},{"damage":18.0,"enemies":"3 Darklings","floor":36.0,"turns":5.0},{"damage":50,"enemies":"Maw","floor":38,"turns":12},{"damage":0,"enemies":"Writhing Mass","floor":39,"turns":8},{"damage":40,"enemies":"Giant Head","floor":45,"turns":9}],"seed_played":"6313687758750084014","potions_obtained":[{"floor":5.0,"key":"SpeedPotion"},{"floor":12.0,"key":"SpeedPotion"},{"floor":13.0,"key":"Strength Potion"},{"floor":16.0,"key":"Poison Potion"},{"floor":20.0,"key":"Poison Potion"},{"floor":24.0,"key":"PowerPotion"},{"floor":28.0,"key":"FocusPotion"},{"floor":29.0,"key":"AttackPotion"},{"floor":31.0,"key":"Weak Potion"},{"floor":33.0,"key":"Strength Potion"},{"floor":36.0,"key":"SmokeBomb"},{"floor":38,"key":"SpeedPotion"}],"is_trial":false,"path_per_floor":["M","?","?","?","M","E","R","M","T","R","E","?","E","M","R","B",null,"M","?","M","$","M","R","E","$","T","R","M","M","?","M","R","B",null,"M","M","$","M","M","R","?","R","T","?","E"],"character_chosen":"DEFECT","items_purchased":["Peace Pipe","DollysMirror"],"campfire_rested":4,"item_purchase_floors":[21,37],"current_hp_per_floor":[64,53,53,53,53,53,53,53,53,53,53,53,53,53,53,51,66,66,66,55,55,47,47,24,24,24,45,45,45,45,45,66,63,69,69,51,51,1,1,22,9,30,30,30,0],"gold":33,"neow_bonus":"THREE_ENEMY_KILL","is_prod":false,"is_daily":false,"chose_seed":false,"campfire_upgraded":3,"win_rate":0,"timestamp":1560519398,"path_taken":["M","?","?","?","?","E","R","M","T","R","E","?","E","M","R","BOSS","M","?","M","$","M","R","E","?","T","R","M","M","?","M","R","BOSS","M","M","$","M","M","R","?","R","T","?","E"],"build_version":"2019-01-23","purchased_purges":0,"victory":false,"max_hp_per_floor":[71,71,71,71,71,71,71,71,71,71,71,71,71,71,71,71,71,71,71,71,71,71,71,71,71,71,71,71,71,71,71,71,71,71,71,71,71,71,71,71,71,71,71,71,71],"card_choices":[{"not_picked":["Sweeping Beam","Steam"],"picked":"Cold Snap","floor":1.0},{"not_picked":["Tempest","Redo"],"picked":"Defragment","floor":5.0},{"not_picked":["Doom and Gloom","Recycle"],"picked":"Cold Snap","floor":6.0},{"not_picked":["Stack","Genetic Algorithm"],"picked":"Cold Snap","floor":8.0},{"not_picked":["Coolheaded","Multi-Cast"],"picked":"Defragment","floor":11.0},{"not_picked":["Steam","Barrage"],"picked":"Loop","floor":13.0},{"not_picked":["Redo","Sunder"],"picked":"Cold Snap","floor":14.0},{"not_picked":["Hyperbeam","Thunder Strike"],"picked":"Electrodynamics","floor":16.0},{"not_picked":["Streamline+1","Scrape+1"],"picked":"Coolheaded","floor":18.0},{"not_picked":["Tempest","Redo"],"picked":"Glacier","floor":20.0},{"not_picked":["Streamline","Redo","Go for the Eyes"],"picked":"SKIP","floor":22.0},{"not_picked":["Stack","Rainbow"],"picked":"White Noise","floor":24.0},{"not_picked":["Recycle","Gash"],"picked":"Hologram","floor":28.0},{"not_picked":["Reinforced Body","Beam Cell"],"picked":"Cold Snap+1","floor":29.0},{"not_picked":["Conserve Battery","Sunder"],"picked":"Hologram","floor":31.0},{"not_picked":["Sweeping Beam","Gash"],"picked":"Coolheaded","floor":34.0},{"not_picked":["Hologram","Go for the Eyes"],"picked":"Blizzard+1","floor":34.0},{"not_picked":["Turbo","Go for the Eyes"],"picked":"Capacitor+1","floor":34.0},{"not_picked":["Reprogram+1","Tempest","Static Discharge"],"picked":"SKIP","floor":35.0},{"not_picked":["Conserve Battery","Ball Lightning+1","BootSequence+1"],"picked":"SKIP","floor":36.0},{"not_picked":["Sweeping Beam","Hologram","Meteor Strike"],"picked":"SKIP","floor":38},{"not_picked":["Coolheaded","Hello World+1"],"picked":"White Noise","floor":39}],"player_experience":682568,"relics_obtained":[{"floor":6.0,"key":"FossilizedHelix"},{"floor":9.0,"key":"Thread and Needle"},{"floor":11.0,"key":"Ice Cream"},{"floor":12.0,"key":"Odd Mushroom"},{"floor":13.0,"key":"Whetstone"},{"floor":24.0,"key":"DataDisk"},{"floor":26.0,"key":"Ornamental Fan"},{"floor":43,"key":"Ancient Tea Set"}],"event_choices":[{"damage_healed":0.0,"max_hp_gain":0.0,"max_hp_loss":0.0,"gold_gain":75.0,"event_name":"World of Goop","player_choice":"Gather Gold","floor":2.0,"gold_loss":0.0,"damage_taken":11.0},{"cards_removed":["Strike_B"],"damage_healed":0.0,"max_hp_gain":0.0,"max_hp_loss":0.0,"gold_gain":0.0,"event_name":"The Cleric","player_choice":"Card Removal","floor":3.0,"gold_loss":75.0,"damage_taken":0.0},{"cards_removed":["Defend_B"],"damage_healed":0.0,"max_hp_gain":0.0,"max_hp_loss":0.0,"gold_gain":0.0,"event_name":"Purifier","player_choice":"Purged","floor":4.0,"gold_loss":0.0,"damage_taken":0.0},{"damage_healed":0.0,"max_hp_gain":0.0,"max_hp_loss":0.0,"gold_gain":0.0,"event_name":"Mushrooms","player_choice":"Fought Mushrooms","floor":12.0,"gold_loss":0.0,"damage_taken":0.0},{"damage_healed":0.0,"max_hp_gain":0.0,"max_hp_loss":0.0,"gold_gain":0.0,"event_name":"Upgrade Shrine","player_choice":"Upgraded","floor":19.0,"gold_loss":0.0,"damage_taken":0.0,"cards_upgraded":["Coolheaded"]},{"damage_healed":0.0,"max_hp_gain":0.0,"max_hp_loss":0.0,"gold_gain":0.0,"cards_transformed":["Defend_B"],"event_name":"Transmorgrifier","player_choice":"Transformed","floor":30.0,"gold_loss":0.0,"damage_taken":0.0,"cards_obtained":["Fusion"]},{"damage_healed":0,"gold_gain":0,"player_choice":"Embrace Madness","damage_taken":13,"max_hp_gain":0,"max_hp_loss":0,"event_name":"Winding Halls","floor":41,"gold_loss":0,"cards_obtained":["Madness","Madness"]},{"damage_healed":0,"gold_gain":0,"player_choice":"Paid Gold","damage_taken":0,"relics_obtained":["Potion Belt"],"max_hp_gain":0,"max_hp_loss":0,"event_name":"WeMeetAgain","floor":44,"gold_loss":59}],"is_beta":false,"boss_relics":[{"not_picked":["Cursed Key","Calling Bell"],"picked":"White Beast Statue"},{"not_picked":["Pandora\u0027s Box","Philosopher\u0027s Stone"],"picked":"Orrery"}],"items_purged_floors":[],"is_endless":false,"potions_floor_spawned":[5,12,13,14,16,18,20,22,24,28,29,31,33,35,36,38,39],"killed_by":"Giant Head","ascension_level":19}