{"gold_per_floor":[111,111,38,51,71,71,106,106,106,118,153,153,186,197,197,293,293,313,330,245,275,42,76,76,52,130,155,175,175,175,195,195,290,290,303,317,32,48,270,304,316,339,377,407,19,19,30,43,43,43],"floor_reached":50,"playtime":3749,"items_purged":["Strike_G","Regret"],"score":923,"play_id":"42cac99c-fa2d-4acf-9ae2-57c2b53c92b6","local_time":"20190612230813","is_ascension_mode":true,"campfire_choices":[{"data":"Well Laid Plans","floor":6.0,"key":"SMITH"},{"data":"Footwork","floor":8.0,"key":"SMITH"},{"floor":12.0,"key":"REST"},{"floor":15.0,"key":"REST"},{"data":"Backstab","floor":24.0,"key":"SMITH"},{"floor":29.0,"key":"REST"},{"data":"Masterful Stab","floor":32.0,"key":"SMITH"},{"floor":41.0,"key":"REST"},{"data":"Catalyst","floor":49.0,"key":"SMITH"}],"neow_cost":"NONE","seed_source_timestamp":71982808148900,"circlet_count":0,"master_deck":["AscendersBane","Defend_G","Defend_G","Defend_G","Defend_G","Defend_G","Strike_G+1","Strike_G","Strike_G+1","Survivor","Neutralize+1","Escape Plan","Footwork+1","Flying Knee","Well Laid Plans+1","Backflip","PiercingWail","Quick Slash","Backstab+1","Blur","Escape Plan","Night Terror","Masterful Stab+1","All Out Attack","Deadly Poison","Adrenaline","Acrobatics","Dash+1","Sucker Punch+1","Noxious Fumes+1","Leg Sweep","Corpse Explosion","Caltrops+1","Footwork","Noxious Fumes+1","Deadly Poison+1","Noxious Fumes","Catalyst+1"],"special_seed":0,"relics":["Ring of the Snake","WingedGreaves","Pantograph","Prayer Wheel","Ninja Scroll","Cursed Key","Nunchaku","Red Mask","Gambling Chip","Matryoshka","Oddly Smooth Stone","Regal Pillow","Bottled Tornado","Empty Cage","Membership Card","Happy Flower","MawBank","Pear","Blood Vial","Whetstone","Toolbox","Ancient Tea Set"],"potions_floor_usage":[50],"damage_taken":[{"damage":1.0,"enemies":"Small Slimes","floor":1.0,"turns":6.0},{"damage":1.0,"enemies":"Cultist","floor":4.0,"turns":6.0},{"damage":0.0,"enemies":"Jaw Worm","floor":5.0,"turns":5.0},{"damage":30.0,"enemies":"3 Sentries","floor":7.0,"turns":14.0},{"damage":0.0,"enemies":"Looter","floor":10.0,"turns":5.0},{"damage":27.0,"enemies":"Gremlin Nob","floor":11.0,"turns":6.0},{"damage":14.0,"enemies":"Lagavulin","floor":13.0,"turns":11.0},{"damage":2.0,"enemies":"Blue Slaver","floor":14.0,"turns":2.0},{"damage":0.0,"enemies":"The Guardian","floor":16.0,"turns":19.0},{"damage":20.0,"enemies":"Chosen","floor":18.0,"turns":5.0},{"damage":1.0,"enemies":"Shell Parasite","floor":19.0,"turns":5.0},{"damage":0.0,"enemies":"Masked Bandits","floor":21.0,"turns":4.0},{"damage":12.0,"enemies":"Gremlin Leader","floor":23.0,"turns":9.0},{"damage":16.0,"enemies":"Slavers","floor":27.0,"turns":6.0},{"damage":13.0,"enemies":"3 Cultists","floor":28.0,"turns":6.0},{"damage":6.0,"enemies":"Snake Plant","floor":31.0,"turns":4.0},{"damage":45.0,"enemies":"Collector","floor":33.0,"turns":10.0},{"damage":0.0,"enemies":"Orb Walker","floor":35.0,"turns":4.0},{"damage":0.0,"enemies":"3 Darklings","floor":36.0,"turns":3.0},{"damage":10.0,"enemies":"Transient","floor":38.0,"turns":5.0},{"damage":35.0,"enemies":"Reptomancer","floor":40.0,"turns":7.0},{"damage":12.0,"enemies":"Writhing Mass","floor":42.0,"turns":9.0},{"damage":18.0,"enemies":"Maw","floor":44.0,"turns":8.0},{"damage":6.0,"enemies":"Jaw Worm Horde","floor":47.0,"turns":6.0},{"damage":0.0,"enemies":"Sphere and 2 Shapes","floor":48.0,"turns":3.0},{"damage":59,"enemies":"Donu and Deca","floor":50,"turns":6}],"seed_played":"605068175208002165","potions_obtained":[{"floor":1.0,"key":"Block Potion"},{"floor":4.0,"key":"SteroidPotion"},{"floor":10.0,"key":"Dexterity Potion"},{"floor":14.0,"key":"Regen Potion"},{"floor":16.0,"key":"Strength Potion"},{"floor":18.0,"key":"Swift Potion"},{"floor":19.0,"key":"Strength Potion"},{"floor":27.0,"key":"PowerPotion"},{"floor":28.0,"key":"Explosive Potion"},{"floor":33.0,"key":"Fire Potion"},{"floor":35.0,"key":"Block Potion"},{"floor":36.0,"key":"SteroidPotion"},{"floor":38.0,"key":"Fire Potion"}],"is_trial":false,"path_per_floor":["M","?","$","M","M","R","E","R","T","M","E","R","E","M","R","B",null,"M","M","?","?","$","E","R","$","T","E","M","R","T","M","R","B",null,"M","M","$","M","?","E","R","M","T","M","$","?","M","M","R","B"],"character_chosen":"THE_SILENT","items_purchased":["Footwork","Adrenaline","Acrobatics","Membership Card","Happy Flower","Noxious Fumes","Whetstone","Toolbox","Ancient Tea Set","Block Potion","GamblersBrew"],"campfire_rested":4,"item_purchase_floors":[3,22,25,37,37,45,45,45,45,45,45],"current_hp_per_floor":[62,62,62,61,61,61,31,31,31,31,4,25,11,9,30,70,70,50,49,49,49,49,37,37,37,37,21,8,29,29,23,23,3,53,53,53,53,43,43,8,44,32,42,26,26,26,22,24,24,0],"gold":43,"neow_bonus":"REMOVE_CARD","is_prod":false,"is_daily":false,"chose_seed":false,"campfire_upgraded":5,"win_rate":0,"timestamp":1560406093,"path_taken":["M","?","$","?","M","R","E","R","T","M","E","R","E","M","R","BOSS","M","M","?","?","$","E","R","$","T","E","M","R","?","?","R","BOSS","M","?","$","M","?","E","R","M","T","M","$","?","M","M","R","BOSS"],"build_version":"2019-01-23","purchased_purges":2,"victory":false,"max_hp_per_floor":[70,70,70,70,70,70,70,70,70,70,70,70,70,70,70,70,70,70,70,70,70,70,70,70,70,70,70,70,70,70,70,70,70,70,70,70,70,70,70,70,70,70,80,80,80,80,80,80,80,80],"card_choices":[{"not_picked":["Concentrate","Underhanded Strike"],"picked":"Escape Plan","floor":1.0},{"not_picked":["Bane","Outmaneuver"],"picked":"Flying Knee","floor":4.0},{"not_picked":["Finisher","Blade Dance"],"picked":"Well Laid Plans","floor":5.0},{"not_picked":["Grand Finale","Outmaneuver"],"picked":"Backflip","floor":7.0},{"not_picked":["Skewer","Endless Agony"],"picked":"PiercingWail","floor":10.0},{"not_picked":["Setup","Tactician"],"picked":"Quick Slash","floor":11.0},{"not_picked":["Outmaneuver","Eviscerate"],"picked":"Backstab","floor":13.0},{"not_picked":["Acrobatics","Bouncing Flask"],"picked":"Blur","floor":14.0},{"not_picked":["Tactician","Poisoned Stab"],"picked":"Escape Plan","floor":14.0},{"not_picked":["Phantasmal Killer","Bullet Time"],"picked":"Night Terror","floor":16.0},{"not_picked":["Blade Dance","Sucker Punch"],"picked":"Masterful Stab","floor":18.0},{"not_picked":["Blade Dance","Quick Slash","Deflect"],"picked":"SKIP","floor":18.0},{"not_picked":["Acrobatics","Dagger Spray"],"picked":"All Out Attack","floor":19.0},{"not_picked":["Outmaneuver","Poisoned Stab","Bane+1"],"picked":"SKIP","floor":19.0},{"not_picked":["Quick Slash","Prepared"],"picked":"Deadly Poison","floor":21.0},{"not_picked":["Slice","Phantasmal Killer","Skewer"],"picked":"SKIP","floor":23.0},{"not_picked":["Flechettes","Bouncing Flask"],"picked":"Dash+1","floor":27.0},{"not_picked":["Quick Slash","Caltrops"],"picked":"Sucker Punch+1","floor":28.0},{"not_picked":["Prepared","Poisoned Stab","All Out Attack"],"picked":"SKIP","floor":28.0},{"not_picked":["Deadly Poison","Distraction"],"picked":"Noxious Fumes+1","floor":31.0},{"not_picked":["Bouncing Flask","Setup"],"picked":"Leg Sweep","floor":31.0},{"not_picked":["Die Die Die","Glass Knife"],"picked":"Corpse Explosion","floor":33.0},{"not_picked":["PiercingWail","Choke+1"],"picked":"Caltrops+1","floor":35.0},{"not_picked":["Backflip+1","Leg Sweep+1","Dagger Throw"],"picked":"SKIP","floor":35.0},{"not_picked":["Well Laid Plans+1","Sucker Punch","Skewer+1"],"picked":"SKIP","floor":36.0},{"not_picked":["Blade Dance+1","Poisoned Stab","Blur"],"picked":"SKIP","floor":36.0},{"not_picked":["Slice+1","Poisoned Stab"],"picked":"Footwork","floor":38.0},{"not_picked":["Terror+1","Quick Slash","Dagger Spray+1"],"picked":"SKIP","floor":38.0},{"not_picked":["Grand Finale","Choke","Predator+1"],"picked":"SKIP","floor":40.0},{"not_picked":["Cloak And Dagger","Sucker Punch"],"picked":"Noxious Fumes+1","floor":42.0},{"not_picked":["Flying Knee+1","Dodge and Roll","All Out Attack+1"],"picked":"SKIP","floor":42.0},{"not_picked":["Quick Slash+1","PiercingWail"],"picked":"Deadly Poison+1","floor":44.0},{"not_picked":["Poisoned Stab","Leg Sweep","Deflect"],"picked":"SKIP","floor":44.0},{"not_picked":["Cloak And Dagger+1","Backflip"],"picked":"Catalyst","floor":47.0},{"not_picked":["Backstab","Distraction","Accuracy"],"picked":"SKIP","floor":47.0},{"not_picked":["Cloak And Dagger+1","Tactician+1","Sucker Punch+1"],"picked":"SKIP","floor":48.0},{"not_picked":["Dagger Spray","Outmaneuver","Grand Finale"],"picked":"SKIP","floor":48.0}],"player_experience":571166,"relics_obtained":[{"floor":7.0,"key":"WingedGreaves"},{"floor":9.0,"key":"Pantograph"},{"floor":11.0,"key":"Prayer Wheel"},{"floor":13.0,"key":"Ninja Scroll"},{"floor":21.0,"key":"Red Mask"},{"floor":23.0,"key":"Gambling Chip"},{"floor":26.0,"key":"Matryoshka"},{"floor":27.0,"key":"Oddly Smooth Stone"},{"floor":30.0,"key":"Regal Pillow"},{"floor":30.0,"key":"Bottled Tornado"},{"floor":40.0,"key":"MawBank"},{"floor":43.0,"key":"Pear"},{"floor":43.0,"key":"Blood Vial"}],"event_choices":[{"damage_healed":0.0,"max_hp_gain":0.0,"max_hp_loss":0.0,"gold_gain":0.0,"event_name":"Upgrade Shrine","player_choice":"Upgraded","floor":2.0,"gold_loss":0.0,"damage_taken":0.0,"cards_upgraded":["Neutralize"]},{"damage_healed":0.0,"max_hp_gain":0.0,"max_hp_loss":0.0,"gold_gain":0.0,"event_name":"Addict","player_choice":"Obtained Relic","floor":20.0,"gold_loss":85.0,"damage_taken":0.0,"relics_obtained":["Nunchaku"]},{"damage_healed":0.0,"max_hp_gain":0.0,"max_hp_loss":0.0,"gold_gain":0.0,"event_name":"Masked Bandits","player_choice":"Fought Bandits","floor":21.0,"gold_loss":0.0,"damage_taken":0.0},{"damage_healed":0.0,"max_hp_gain":0.0,"max_hp_loss":0.0,"gold_gain":222.0,"event_name":"Tomb of Lord Red Mask","player_choice":"Wore Mask","floor":39.0,"gold_loss":0.0,"damage_taken":0.0},{"damage_healed":0.0,"max_hp_gain":0.0,"max_hp_loss":0.0,"gold_gain":0.0,"event_name":"SecretPortal","player_choice":"Ignored","floor":46.0,"gold_loss":0.0,"damage_taken":0.0}],"is_beta":false,"boss_relics":[{"not_picked":["Fusion Hammer","Lizard Tail"],"picked":"Cursed Key"},{"not_picked":["Tiny House","Philosopher\u0027s Stone"],"picked":"Empty Cage"}],"items_purged_floors":[22,45],"is_endless":false,"potions_floor_spawned":[1,4,10,14,16,18,19,27,28,31,33,35,36,38],"killed_by":"Donu and Deca","ascension_level":10}