{"gold_per_floor":[114,63,63,75,75,108,133,180,219,247,213,236,248,279,291,406,418,441,473,485,507,539,551,592,604,616,638,665,677,689],"floor_reached":30,"playtime":7366,"items_purged":[],"score":405,"play_id":"4fd6b9c1-39a9-45cb-8733-e67cddecfadd","local_time":"20190113020251","is_ascension_mode":true,"campfire_choices":[{"floor":15.0,"key":"REST"},{"floor":23.0,"key":"REST"},{"floor":25.0,"key":"REST"},{"floor":29,"key":"REST"}],"neow_cost":"NONE","seed_source_timestamp":2692351599018903,"circlet_count":0,"master_deck":["Strike_B","Strike_B","Strike_B","Defend_B","Defend_B","Defend_B","Defend_B+1","Zap+1","Dualcast","Conserve Battery+1","Undo","Defragment","Genetic Algorithm","BootSequence","Go for the Eyes","Streamline","Machine Learning","Machine Learning","Cold Snap","Sweeping Beam","Sunder+1","Capacitor+1","Coolheaded","Leap"],"special_seed":0,"relics":["Cracked Core","NeowsBlessing","MawBank","War Paint","Pen Nib","White Beast Statue","Girya","Juzu Bracelet"],"potions_floor_usage":[27,27],"damage_taken":[{"damage":0.0,"enemies":"Small Slimes","floor":1.0,"turns":1.0},{"damage":0.0,"enemies":"Cultist","floor":4.0,"turns":1.0},{"damage":0.0,"enemies":"Lagavulin","floor":6.0,"turns":1.0},{"damage":3.0,"enemies":"2 Louse","floor":7.0,"turns":2.0},{"damage":39.0,"enemies":"Gremlin Nob","floor":8.0,"turns":5.0},{"damage":0.0,"enemies":"Large Slime","floor":10.0,"turns":7.0},{"damage":0.0,"enemies":"Blue Slaver","floor":12.0,"turns":3.0},{"damage":9.0,"enemies":"Exordium Wildlife","floor":14.0,"turns":5.0},{"damage":21.0,"enemies":"Hexaghost","floor":16.0,"turns":12.0},{"damage":3.0,"enemies":"Shell Parasite","floor":18.0,"turns":7.0},{"damage":8.0,"enemies":"Chosen","floor":19.0,"turns":8.0},{"damage":21.0,"enemies":"Sentry and Sphere","floor":21.0,"turns":8.0},{"damage":12.0,"enemies":"Centurion and Healer","floor":22.0,"turns":11.0},{"damage":3.0,"enemies":"Gremlin Leader","floor":24.0,"turns":7.0},{"damage":15,"enemies":"Cultist and Chosen","floor":27,"turns":8},{"damage":16,"enemies":"Snake Plant","floor":28,"turns":6},{"damage":43,"enemies":"Slavers","floor":30,"turns":4}],"seed_played":"-6165664749682052229","potions_obtained":[{"floor":1.0,"key":"FearPotion"},{"floor":4.0,"key":"Explosive Potion"},{"floor":6.0,"key":"EssenceOfSteel"},{"floor":10.0,"key":"FearPotion"},{"floor":18.0,"key":"FocusPotion"},{"floor":19.0,"key":"Block Potion"},{"floor":21.0,"key":"Fire Potion"},{"floor":22.0,"key":"FearPotion"},{"floor":24.0,"key":"Dexterity Potion"},{"floor":27,"key":"Explosive Potion"},{"floor":28,"key":"Strength Potion"}],"is_trial":false,"path_per_floor":["M","$","?","M","?","E","M","E","T","M","?","M","$","M","R","B",null,"M","M","?","M","M","R","E","R","T","M","M","R","E"],"character_chosen":"DEFECT","items_purchased":["Conserve Battery"],"campfire_rested":4,"item_purchase_floors":[2],"current_hp_per_floor":[68,68,68,68,68,68,65,26,26,26,26,26,26,17,39,18,61,58,50,36,15,3,27,24,48,48,33,17,41,0],"gold":689,"neow_bonus":"THREE_ENEMY_KILL","is_prod":false,"is_daily":false,"chose_seed":false,"campfire_upgraded":0,"win_rate":0,"timestamp":1547362971,"path_taken":["M","$","?","M","?","E","?","E","T","M","?","M","$","M","R","BOSS","M","M","?","M","M","R","E","R","T","M","M","R","E"],"build_version":"2019-01-10","purchased_purges":0,"victory":false,"max_hp_per_floor":[75,75,75,75,75,75,75,75,75,75,75,75,75,75,75,75,75,75,75,80,80,80,80,80,80,80,80,80,80,80],"card_choices":[{"not_picked":["Static Discharge","Rebound","Steam"],"picked":"SKIP","floor":1.0},{"not_picked":["Compile Driver","Gash"],"picked":"Undo","floor":4.0},{"not_picked":["Doom and Gloom","Genetic Algorithm"],"picked":"Defragment","floor":6.0},{"not_picked":["Hello World","Stack"],"picked":"Genetic Algorithm","floor":7.0},{"not_picked":["Lockon","Hello World"],"picked":"BootSequence","floor":8.0},{"not_picked":["Rebound","Force Field"],"picked":"Go for the Eyes","floor":10.0},{"not_picked":["Hologram","Consume"],"picked":"Streamline","floor":12.0},{"not_picked":["Stack","Turbo"],"picked":"Machine Learning","floor":14.0},{"not_picked":["Multi-Cast","Rainbow"],"picked":"Machine Learning","floor":16.0},{"not_picked":["Aggregate+1","Rip and Tear"],"picked":"Cold Snap","floor":18.0},{"not_picked":["Beam Cell","Streamline"],"picked":"Sweeping Beam","floor":19.0},{"not_picked":["Steam","Go for the Eyes+1"],"picked":"Sunder+1","floor":21.0},{"not_picked":["Storm","Rebound","Blizzard+1"],"picked":"SKIP","floor":22.0},{"not_picked":["Go for the Eyes","Darkness+1"],"picked":"Capacitor+1","floor":24.0},{"not_picked":["Gash","Steam"],"picked":"Coolheaded","floor":27},{"not_picked":["Capacitor","Redo"],"picked":"Leap","floor":28}],"player_experience":661256,"relics_obtained":[{"floor":6.0,"key":"MawBank"},{"floor":8.0,"key":"War Paint"},{"floor":9.0,"key":"Pen Nib"},{"floor":24.0,"key":"Girya"},{"floor":26.0,"key":"Juzu Bracelet"}],"event_choices":[{"damage_healed":0.0,"max_hp_gain":0.0,"max_hp_loss":0.0,"gold_gain":0.0,"event_name":"Living Wall","player_choice":"Grow","floor":3.0,"gold_loss":0.0,"damage_taken":0.0,"cards_upgraded":["Zap"]},{"cards_removed":["Strike_B"],"damage_healed":0.0,"max_hp_gain":0.0,"max_hp_loss":0.0,"gold_gain":0.0,"event_name":"Bonfire Elementals","player_choice":"Offered Basic","floor":5.0,"gold_loss":0.0,"damage_taken":0.0},{"damage_healed":0.0,"max_hp_gain":0.0,"max_hp_loss":0.0,"gold_gain":0.0,"event_name":"World of Goop","player_choice":"Left Gold","floor":11.0,"gold_loss":46.0,"damage_taken":0.0},{"damage_healed":0.0,"max_hp_gain":5.0,"max_hp_loss":0.0,"gold_gain":0.0,"event_name":"Forgotten Altar","player_choice":"Shed Blood","floor":20.0,"gold_loss":0.0,"damage_taken":19.0}],"is_beta":false,"boss_relics":[{"not_picked":["Calling Bell","Tiny House"],"picked":"White Beast Statue"}],"items_purged_floors":[],"is_endless":false,"potions_floor_spawned":[1,4,6,10,18,19,21,22,24,27,28],"killed_by":"Slavers","ascension_level":8}