{"gold_per_floor":[113,128,140,140,157,157,176,176,206,216,241,18,18,193,193,295,295,313,493,513,528,528,528,560,572],"floor_reached":25,"playtime":3694,"items_purged":[],"score":256,"play_id":"2914c007-b194-4f18-b9ff-1418480f13fa","local_time":"20181223115212","is_ascension_mode":true,"campfire_choices":[{"data":"Bouncing Flask","floor":6,"key":"SMITH"},{"floor":15,"key":"REST"},{"floor":23,"key":"REST"}],"neow_cost":"TEN_PERCENT_HP_LOSS","seed_source_timestamp":916781167173992,"circlet_count":0,"master_deck":["Defend_G","Defend_G","Defend_G","Defend_G","Defend_G","Strike_G","Strike_G","Strike_G","Survivor","Neutralize","Bouncing Flask+1","Infinite Blades","Deadly Poison","Leg Sweep","Crippling Poison","Corpse Explosion","Noxious Fumes","Doubt","Burst","Catalyst","Caltrops+1","Deadly Poison"],"relics":["Ring of the Snake","Bottled Lightning","Tiny Chest","Bag of Preparation","Snake Skull","Ornamental Fan","Eternal Feather","MawBank"],"potions_floor_usage":[7,10,24,24,25],"damage_taken":[{"damage":0,"enemies":"Cultist","floor":1,"turns":5},{"damage":0,"enemies":"Small Slimes","floor":2,"turns":4},{"damage":0,"enemies":"2 Louse","floor":3,"turns":4},{"damage":1,"enemies":"Red Slaver","floor":5,"turns":4},{"damage":32,"enemies":"Exordium Wildlife","floor":7,"turns":12},{"damage":16,"enemies":"Gremlin Gang","floor":10,"turns":5},{"damage":5,"enemies":"Lagavulin","floor":11,"turns":6},{"damage":17,"enemies":"Hexaghost","floor":16,"turns":7},{"damage":0,"enemies":"Spheric Guardian","floor":18,"turns":1},{"damage":6,"enemies":"3 Byrds","floor":20,"turns":3},{"damage":13,"enemies":"Snecko","floor":21,"turns":3},{"damage":45,"enemies":"Slavers","floor":24,"turns":5},{"damage":11,"enemies":"Snake Plant","floor":25,"turns":2}],"seed_played":"6813399640173165038","potions_obtained":[{"floor":3,"key":"Ancient Potion"},{"floor":5,"key":"Regen Potion"},{"floor":7,"key":"PowerPotion"},{"floor":8,"key":"GhostInAJar"},{"floor":16,"key":"Weak Potion"},{"floor":24,"key":"AttackPotion"}],"is_trial":false,"path_per_floor":["M","M","M","T","M","R","M","?","T","M","E","$","?","?","R","B",null,"M","?","M","M","?","R","E","M"],"character_chosen":"THE_SILENT","items_purchased":["Snake Skull","Noxious Fumes"],"campfire_rested":2,"item_purchase_floors":[12,12],"current_hp_per_floor":[63,63,63,63,62,62,45,45,45,29,24,24,21,21,39,22,63,63,45,39,26,26,56,11,0],"gold":572,"neow_bonus":"REMOVE_TWO","is_prod":false,"is_daily":false,"chose_seed":false,"campfire_upgraded":1,"win_rate":0,"timestamp":1545583932,"path_taken":["M","M","M","?","?","R","M","?","T","?","E","$","?","?","R","BOSS","M","?","?","M","?","R","E","?"],"build_version":"2018-12-20","purchased_purges":0,"victory":false,"max_hp_per_floor":[63,63,63,63,63,63,63,63,63,63,63,63,63,63,63,63,63,63,63,63,63,63,63,63,63],"card_choices":[{"not_picked":["Dagger Throw","Acrobatics"],"picked":"Bouncing Flask","floor":1},{"not_picked":["Prepared","All Out Attack"],"picked":"Infinite Blades","floor":2},{"not_picked":["Outmaneuver","Prepared"],"picked":"Deadly Poison","floor":3},{"not_picked":["Dagger Spray","Terror"],"picked":"Leg Sweep","floor":5},{"not_picked":["Poisoned Stab","Escape Plan"],"picked":"Crippling Poison","floor":7},{"not_picked":["Endless Agony","Concentrate","Bane"],"picked":"SKIP","floor":10},{"not_picked":["Flying Knee","Sucker Punch"],"picked":"Corpse Explosion","floor":11},{"not_picked":["Wraith Form v2","Phantasmal Killer"],"picked":"Burst","floor":16},{"not_picked":["Cloak And Dagger+1","Concentrate+1"],"picked":"Catalyst","floor":18},{"not_picked":["Prepared","Acrobatics","Endless Agony+1"],"picked":"SKIP","floor":20},{"not_picked":["Setup+1","Accuracy+1"],"picked":"Caltrops+1","floor":21},{"not_picked":["Dagger Spray","Deflect"],"picked":"Deadly Poison","floor":24}],"player_experience":405318,"relics_obtained":[{"floor":4,"key":"Bottled Lightning"},{"floor":9,"key":"Tiny Chest"},{"floor":11,"key":"Bag of Preparation"},{"floor":24,"key":"MawBank"}],"event_choices":[{"damage_healed":0,"gold_gain":0,"player_choice":"Got Potions","damage_taken":0,"max_hp_gain":0,"max_hp_loss":0,"event_name":"Lab","floor":8,"gold_loss":0},{"damage_healed":0,"gold_gain":0,"player_choice":"Success","damage_taken":3,"relics_obtained":["Ornamental Fan"],"max_hp_gain":0,"max_hp_loss":0,"event_name":"Scrap Ooze","floor":13,"gold_loss":0},{"damage_healed":0,"gold_gain":175,"player_choice":"AGREE","damage_taken":0,"max_hp_gain":0,"max_hp_loss":0,"event_name":"Liars Game","floor":14,"gold_loss":0,"cards_obtained":["Doubt"]},{"damage_healed":0,"gold_gain":180,"player_choice":"GOLD GOLD ","damage_taken":18,"max_hp_gain":0,"max_hp_loss":0,"event_name":"Knowing Skull","floor":19,"potions_obtained":[],"gold_loss":0,"cards_obtained":[]},{"damage_healed":0,"gold_gain":0,"player_choice":"Bought 0 Potions","damage_taken":0,"max_hp_gain":0,"max_hp_loss":0,"event_name":"The Woman in Blue","floor":22,"gold_loss":0}],"is_beta":false,"boss_relics":[{"not_picked":["Busted Crown","Coffee Dripper"],"picked":"Eternal Feather"}],"items_purged_floors":[],"is_endless":false,"potions_floor_spawned":[3,5,7,16,20,24],"killed_by":"Snake Plant","ascension_level":3}