{"gold_per_floor":[113,124,140,158,178,178,209,209,209,43,69,69,148,1,1,80,80,95,95,112,37,37,37,69,81,81,116,132,132,0,19,19,19],"floor_reached":33,"playtime":1523,"items_purged":["Defend_R"],"score":561,"play_id":"f7985753-2433-4765-8040-a765bf96caf7","local_time":"20190521195158","is_ascension_mode":true,"campfire_choices":[{"data":"Inflame","floor":6,"key":"SMITH"},{"floor":8,"key":"REST"},{"data":"True Grit","floor":12,"key":"SMITH"},{"data":"Bash","floor":15,"key":"SMITH"},{"data":"Ghostly","floor":23,"key":"SMITH"},{"data":"Ghostly","floor":29,"key":"SMITH"},{"floor":32,"key":"REST"}],"neow_cost":"NONE","seed_source_timestamp":70855625630300,"circlet_count":0,"master_deck":["AscendersBane","Strike_R","Strike_R","Strike_R","Strike_R","Strike_R","Defend_R","Defend_R","Defend_R","Bash+1","Combust","Twin Strike","Inflame+1","Offering","Feel No Pain","Offering","True Grit+1","Shrug It Off","Dark Shackles","Feed","Ghostly","Ghostly+1","Ghostly+1","Sword Boomerang","Evolve","Inflame","Battle Trance"],"relics":["Black Blood","Shuriken","Juzu Bracelet","Regal Pillow","Matryoshka","Strawberry","Mummified Hand","Shovel"],"potions_floor_usage":[11,11,27,27],"damage_taken":[{"damage":1,"enemies":"Cultist","floor":1,"turns":3},{"damage":1,"enemies":"2 Louse","floor":2,"turns":4},{"damage":16,"enemies":"Jaw Worm","floor":3,"turns":4},{"damage":24,"enemies":"Blue Slaver","floor":4,"turns":5},{"damage":0,"enemies":"Large Slime","floor":5,"turns":4},{"damage":36,"enemies":"Lagavulin","floor":7,"turns":5},{"damage":24,"enemies":"3 Sentries","floor":11,"turns":6},{"damage":32,"enemies":"The Guardian","floor":16,"turns":10},{"damage":39,"enemies":"Spheric Guardian","floor":18,"turns":5},{"damage":6,"enemies":"Chosen","floor":20,"turns":5},{"damage":36,"enemies":"Slavers","floor":24,"turns":5},{"damage":9,"enemies":"Snecko","floor":25,"turns":6},{"damage":13,"enemies":"Book of Stabbing","floor":27,"turns":5},{"damage":14,"enemies":"Sentry and Sphere","floor":28,"turns":6},{"damage":14,"enemies":"Chosen and Byrds","floor":31,"turns":8},{"damage":19,"enemies":"Automaton","floor":33,"turns":4}],"seed_played":"5158062833602442601","potions_obtained":[{"floor":2,"key":"Swift Potion"},{"floor":5,"key":"Dexterity Potion"},{"floor":24,"key":"Dexterity Potion"},{"floor":25,"key":"AttackPotion"},{"floor":31,"key":"SteroidPotion"}],"is_trial":false,"path_per_floor":["M","M","M","M","M","R","E","R","T","$","E","R","T","$","R","B",null,"M","?","M","$","?","R","E","M","T","E","M","R","?","M","R","B"],"character_chosen":"IRONCLAD","items_purchased":["Offering","Shrug It Off","Dark Shackles"],"campfire_rested":2,"item_purchase_floors":[10,14,14],"current_hp_per_floor":[80,82,72,54,60,60,30,54,54,54,36,36,36,36,36,10,64,35,35,39,39,39,39,13,14,21,18,14,14,14,13,43,24],"gold":19,"neow_bonus":"TEN_PERCENT_HP_BONUS","is_prod":false,"is_daily":false,"chose_seed":false,"campfire_upgraded":5,"win_rate":0,"timestamp":1558482718,"path_taken":["M","M","M","M","M","R","E","R","T","$","E","R","?","$","R","BOSS","M","?","M","$","?","R","E","M","T","E","M","R","?","M","R","BOSS"],"build_version":"2019-01-23","purchased_purges":1,"victory":false,"max_hp_per_floor":[82,82,82,82,82,82,82,82,82,82,82,82,82,82,82,82,82,82,41,41,41,41,41,41,41,48,48,48,48,48,51,51,51],"card_choices":[{"not_picked":["Thunderclap","Clothesline"],"picked":"Combust","floor":1},{"not_picked":["Headbutt","Clash"],"picked":"Twin Strike","floor":2},{"not_picked":["Bloodletting","Entrench"],"picked":"Inflame","floor":3},{"not_picked":["Flex","Thunderclap","Reckless Charge"],"picked":"SKIP","floor":4},{"not_picked":["Body Slam","Perfected Strike"],"picked":"Offering","floor":5},{"not_picked":["Anger","Pommel Strike"],"picked":"Feel No Pain","floor":7},{"not_picked":["Clash","Iron Wave"],"picked":"True Grit","floor":11},{"not_picked":["Demon Form","Impervious"],"picked":"Feed","floor":16},{"not_picked":["Body Slam","Flex","Clothesline"],"picked":"SKIP","floor":18},{"not_picked":["Power Through+1","Thunderclap"],"picked":"Sword Boomerang","floor":20},{"not_picked":["Wild Strike","Body Slam+1","Pommel Strike"],"picked":"SKIP","floor":24},{"not_picked":["Heavy Blade","Thunderclap"],"picked":"Evolve","floor":25},{"not_picked":["Heavy Blade","Armaments"],"picked":"Inflame","floor":27},{"not_picked":["Body Slam+1","Iron Wave"],"picked":"Battle Trance","floor":28},{"not_picked":["Iron Wave","Clothesline","Twin Strike"],"picked":"SKIP","floor":31}],"player_experience":462728,"relics_obtained":[{"floor":7,"key":"Shuriken"},{"floor":9,"key":"Juzu Bracelet"},{"floor":11,"key":"Regal Pillow"},{"floor":24,"key":"Matryoshka"},{"floor":26,"key":"Strawberry"},{"floor":26,"key":"Mummified Hand"},{"floor":27,"key":"Shovel"}],"event_choices":[{"damage_healed":0,"gold_gain":0,"player_choice":"Became a Ghost","damage_taken":0,"max_hp_gain":0,"max_hp_loss":41,"event_name":"Ghosts","floor":19,"gold_loss":0,"cards_obtained":["Ghostly","Ghostly","Ghostly"]},{"damage_healed":0,"gold_gain":0,"player_choice":"Paid Fearfully","damage_taken":0,"max_hp_gain":0,"max_hp_loss":0,"event_name":"Masked Bandits","floor":30,"gold_loss":132}],"is_beta":false,"boss_relics":[{"not_picked":["Snecko Eye","Coffee Dripper"],"picked":"Black Blood"}],"items_purged_floors":[21],"is_endless":false,"potions_floor_spawned":[2,5,24,25,31],"killed_by":"Automaton","ascension_level":18}