{"gold_per_floor":[109,119,119,119,133,133,164,164,189,228,228,253,272,310,310,404,404,423,348,371,32,32,32,53,53,53,53,53,53,53,74,74,167,167,186,199,140,140,17,48,48,72,124,124,160,176,190,206,206,206],"floor_reached":50,"playtime":2545,"items_purged":["Strike_B","Strike_B"],"score":1215,"play_id":"6acb356b-81ff-47e2-a55a-015f5e63bd0a","local_time":"20190331175824","is_ascension_mode":true,"campfire_choices":[{"data":"Metamorphosis","floor":6.0,"key":"SMITH"},{"data":"Sunder","floor":8.0,"key":"SMITH"},{"data":"Beam Cell","floor":11.0,"key":"SMITH"},{"data":"Fission","floor":15.0,"key":"SMITH"},{"data":"Hologram","floor":23.0,"key":"SMITH"},{"data":"Go for the Eyes","floor":25.0,"key":"SMITH"},{"data":"Turbo","floor":30.0,"key":"SMITH"},{"data":"Deep Breath","floor":32.0,"key":"SMITH"},{"data":"Buffer","floor":41.0,"key":"SMITH"},{"data":"Hologram","floor":44.0,"key":"SMITH"},{"data":"Coolheaded","floor":49.0,"key":"SMITH"}],"neow_cost":"TEN_PERCENT_HP_LOSS","seed_source_timestamp":0,"circlet_count":0,"master_deck":["AscendersBane","Defend_B","Defend_B","Defend_B","Defend_B+1","Zap","Dualcast","Deep Breath+1","Metamorphosis+1","Beam Cell+1","Gash","Sunder+1","Gash","Turbo+1","Hologram+1","Coolheaded+1","Fission+1","Gash","Gash","Gash","Conserve Battery","Go for the Eyes+1","Coolheaded+1","Fusion+1","Buffer+1","Glacier+1","Coolheaded+1","Hologram+1","Glacier","Hello World","Reinforced Body"],"special_seed":0,"relics":["Cracked Core","Golden Idol","Bronze Scales","PreservedInsect","Blood Vial","Regal Pillow","Runic Pyramid","War Paint","Gremlin Horn","Runic Dome","Symbiotic Virus","Oddly Smooth Stone","Bag of Marbles","Bottled Tornado"],"potions_floor_usage":[50],"damage_taken":[{"damage":10.0,"enemies":"Small Slimes","floor":1.0,"turns":3.0},{"damage":1.0,"enemies":"Cultist","floor":2.0,"turns":3.0},{"damage":10.0,"enemies":"2 Louse","floor":5.0,"turns":2.0},{"damage":0.0,"enemies":"Lagavulin","floor":7.0,"turns":3.0},{"damage":11.0,"enemies":"Gremlin Nob","floor":10.0,"turns":3.0},{"damage":12.0,"enemies":"Looter","floor":12.0,"turns":3.0},{"damage":4.0,"enemies":"Red Slaver","floor":13.0,"turns":2.0},{"damage":0.0,"enemies":"Lagavulin","floor":14.0,"turns":4.0},{"damage":18.0,"enemies":"Slime Boss","floor":16.0,"turns":6.0},{"damage":7.0,"enemies":"2 Thieves","floor":18.0,"turns":3.0},{"damage":0.0,"enemies":"Chosen","floor":20.0,"turns":3.0},{"damage":12.0,"enemies":"Snecko","floor":24.0,"turns":5.0},{"damage":5.0,"enemies":"Chosen and Byrds","floor":31.0,"turns":4.0},{"damage":13.0,"enemies":"Champ","floor":33.0,"turns":7.0},{"damage":30.0,"enemies":"3 Darklings","floor":35.0,"turns":4.0},{"damage":2.0,"enemies":"Orb Walker","floor":36.0,"turns":3.0},{"damage":0.0,"enemies":"Giant Head","floor":40.0,"turns":5.0},{"damage":0.0,"enemies":"Sphere and 2 Shapes","floor":42.0,"turns":5.0},{"damage":9.0,"enemies":"Reptomancer","floor":45.0,"turns":3.0},{"damage":0.0,"enemies":"Transient","floor":46.0,"turns":6.0},{"damage":0.0,"enemies":"Spire Growth","floor":47.0,"turns":4.0},{"damage":0.0,"enemies":"Maw","floor":48.0,"turns":7.0},{"damage":31,"enemies":"Time Eater","floor":50,"turns":9}],"seed_played":"-7824793032246774690","potions_obtained":[{"floor":5.0,"key":"Energy Potion"},{"floor":7.0,"key":"SteroidPotion"},{"floor":13.0,"key":"GamblersBrew"},{"floor":24.0,"key":"Fruit Juice"},{"floor":40.0,"key":"FearPotion"},{"floor":42.0,"key":"Explosive Potion"},{"floor":45.0,"key":"LiquidBronze"},{"floor":46.0,"key":"Ancient Potion"}],"is_trial":false,"path_per_floor":["M","M","?","?","M","R","E","R","T","E","R","M","M","E","R","B",null,"M","$","M","$","?","R","M","R","T","$","?","?","R","M","R","B",null,"M","M","$","?","?","E","R","M","T","R","E","M","M","M","R","B"],"character_chosen":"DEFECT","items_purchased":["War Paint","Gash","Conserve Battery","Hologram"],"campfire_rested":0,"item_purchase_floors":[21,21,21,37],"current_hp_per_floor":[54,53,53,53,43,43,43,43,43,32,32,22,20,22,22,6,45,40,40,42,42,42,42,37,37,37,37,37,37,37,34,34,23,53,25,25,25,25,25,27,27,29,29,29,22,24,26,28,28,0],"gold":206,"neow_bonus":"RANDOM_COLORLESS_2","is_prod":false,"is_daily":false,"chose_seed":false,"campfire_upgraded":11,"win_rate":0,"timestamp":1554047904,"path_taken":["M","M","?","?","M","R","E","R","T","E","R","M","?","E","R","BOSS","M","$","M","$","?","R","M","R","T","?","?","?","R","M","R","BOSS","M","M","$","?","?","E","R","M","T","R","E","M","?","M","R","BOSS"],"build_version":"2019-03-15","purchased_purges":2,"victory":false,"max_hp_per_floor":[64,64,58,58,58,58,58,58,58,58,58,58,58,58,58,58,58,58,58,58,58,58,58,63,63,63,63,63,63,63,63,63,63,63,63,63,63,63,63,63,63,63,63,63,63,63,63,63,63,63],"card_choices":[{"not_picked":["Auto Shields","FTL"],"picked":"Beam Cell","floor":1.0},{"not_picked":["Barrage","Hologram"],"picked":"Gash","floor":2.0},{"not_picked":["Aggregate","Reinforced Body"],"picked":"Sunder","floor":5.0},{"not_picked":["Ball Lightning","Biased Cognition"],"picked":"Gash","floor":7.0},{"not_picked":["Doom and Gloom","Rebound"],"picked":"Turbo","floor":10.0},{"not_picked":["Leap","Compile Driver"],"picked":"Hologram","floor":12.0},{"not_picked":["Redo","Stack"],"picked":"Coolheaded","floor":13.0},{"not_picked":["Scrape","Turbo"],"picked":"Fission","floor":14.0},{"not_picked":["Redo+1","Go for the Eyes"],"picked":"Gash","floor":18.0},{"not_picked":["Leap","Chaos+1"],"picked":"Gash","floor":20.0},{"not_picked":["Sunder","Steam Power"],"picked":"Go for the Eyes","floor":24.0},{"not_picked":["Conserve Battery","Leap"],"picked":"Fusion+1","floor":31.0},{"not_picked":["Thunder Strike","Reboot"],"picked":"Buffer","floor":33.0},{"not_picked":["Aggregate","Barrage+1"],"picked":"Glacier+1","floor":35.0},{"not_picked":["Streamline+1","Conserve Battery"],"picked":"Coolheaded","floor":36.0},{"not_picked":["Force Field+1","Consume","Static Discharge"],"picked":"SKIP","floor":40.0},{"not_picked":["Streamline","Stack"],"picked":"Glacier","floor":42.0},{"not_picked":["Rebound","Beam Cell+1"],"picked":"Hello World","floor":45.0},{"not_picked":["Reinforced Body","Turbo+1","Conserve Battery"],"picked":"SKIP","floor":46.0},{"not_picked":["Turbo+1","Conserve Battery"],"picked":"Reinforced Body","floor":46.0},{"not_picked":["Chill","Storm","Leap"],"picked":"SKIP","floor":47.0},{"not_picked":["Force Field+1","Redo","Conserve Battery"],"picked":"SKIP","floor":48.0}],"player_experience":1265049,"relics_obtained":[{"floor":7.0,"key":"Bronze Scales"},{"floor":9.0,"key":"PreservedInsect"},{"floor":10.0,"key":"Blood Vial"},{"floor":14.0,"key":"Regal Pillow"},{"floor":26.0,"key":"Gremlin Horn"},{"floor":40.0,"key":"Oddly Smooth Stone"},{"floor":43.0,"key":"Bag of Marbles"},{"floor":45.0,"key":"Bottled Tornado"}],"event_choices":[{"damage_healed":0.0,"max_hp_gain":0.0,"max_hp_loss":6.0,"gold_gain":0.0,"event_name":"Golden Idol","player_choice":"Lose Max HP","floor":3.0,"gold_loss":0.0,"damage_taken":0.0,"relics_obtained":["Golden Idol"]},{"cards_removed":["Strike_B"],"damage_healed":0.0,"max_hp_gain":0.0,"max_hp_loss":0.0,"gold_gain":0.0,"event_name":"Purifier","player_choice":"Purged","floor":4.0,"gold_loss":0.0,"damage_taken":0.0},{"cards_removed":["Strike_B"],"damage_healed":0.0,"max_hp_gain":0.0,"max_hp_loss":0.0,"gold_gain":0.0,"event_name":"Purifier","player_choice":"Purged","floor":22.0,"gold_loss":0.0,"damage_taken":0.0},{"damage_healed":0.0,"max_hp_gain":0.0,"max_hp_loss":0.0,"gold_gain":0.0,"event_name":"Beggar","player_choice":"Ignored","floor":28.0,"gold_loss":0.0,"damage_taken":0.0},{"damage_healed":0.0,"max_hp_gain":0.0,"max_hp_loss":0.0,"gold_gain":0.0,"event_name":"Duplicator","player_choice":"Copied","floor":29.0,"gold_loss":0.0,"damage_taken":0.0,"cards_obtained":["Coolheaded"]},{"damage_healed":0.0,"max_hp_gain":0.0,"max_hp_loss":0.0,"gold_gain":0.0,"event_name":"Mysterious Sphere","player_choice":"Ignored","floor":38.0,"gold_loss":0.0,"damage_taken":0.0},{"damage_healed":0.0,"max_hp_gain":0.0,"max_hp_loss":0.0,"gold_gain":0.0,"event_name":"WeMeetAgain","player_choice":"Paid Gold","floor":39.0,"gold_loss":123.0,"damage_taken":0.0,"relics_obtained":["Symbiotic Virus"]}],"is_beta":true,"boss_relics":[{"not_picked":["Orrery","White Beast Statue"],"picked":"Runic Pyramid"},{"not_picked":["Tiny House","Eternal Feather"],"picked":"Runic Dome"}],"items_purged_floors":[19,21],"is_endless":false,"potions_floor_spawned":[5,7,13,14,16,24,40,42,45,46],"killed_by":"Time Eater","ascension_level":20}