{"gold_per_floor":[18,34,47,57,132,132,35,35,35,35,210,210,227,260,260,357,357,377,377,377,49,68,68,68,68,68,68,79,79,96,24,24,128,128,141,141],"floor_reached":36,"playtime":1858,"items_purged":[],"score":547,"play_id":"dd2aae98-a48d-4778-9d93-0aa86e392cdb","local_time":"20180914150825","is_ascension_mode":true,"campfire_choices":[{"floor":6,"key":"REST"},{"data":"Footwork","floor":8,"key":"SMITH"},{"data":"Neutralize","floor":10,"key":"SMITH"},{"floor":15,"key":"REST"},{"data":"Noxious Fumes","floor":23,"key":"SMITH"},{"data":"Doppelganger","floor":25,"key":"SMITH"},{"floor":27,"key":"DIG"},{"floor":29,"key":"DIG"},{"floor":32,"key":"DIG"}],"neow_cost":"NO_GOLD","seed_source_timestamp":156697968496654,"circlet_count":0,"master_deck":["Defend_G","Defend_G","Defend_G","Defend_G","Defend_G","Strike_G","Strike_G","Strike_G","Strike_G","Strike_G","Survivor","Neutralize+1","Dash","Dodge and Roll","Bane","Poisoned Stab","Footwork+1","Acrobatics","Dagger Spray","Die Die Die","Doppelganger+1","Backflip","Noxious Fumes+1","Backflip","Backflip","Caltrops+1","Flying Knee+1","Infinite Blades","A Thousand Cuts","Dagger Throw"],"relics":["Ring of the Snake","StoneCalendar","Nunchaku","Shuriken","Unceasing Top","Eternal Feather","Nilry\u0027s Codex","Lee\u0027s Waffle","Shovel","Bottled Tornado","Pear","Bottled Flame","Runic Pyramid"],"potions_floor_usage":[2,16,16,16,33,36],"damage_taken":[{"damage":0,"enemies":"Cultist","floor":1,"turns":3},{"damage":0,"enemies":"Jaw Worm","floor":2,"turns":5},{"damage":3,"enemies":"Small Slimes","floor":3,"turns":3},{"damage":0,"enemies":"Blue Slaver","floor":4,"turns":6},{"damage":6,"enemies":"Large Slime","floor":13,"turns":7},{"damage":13,"enemies":"3 Sentries","floor":14,"turns":7},{"damage":8,"enemies":"The Guardian","floor":16,"turns":9},{"damage":17,"enemies":"Spheric Guardian","floor":18,"turns":7},{"damage":17,"enemies":"3 Byrds","floor":22,"turns":6},{"damage":18,"enemies":"Snake Plant","floor":28,"turns":4},{"damage":23,"enemies":"Chosen and Byrds","floor":30,"turns":6},{"damage":50,"enemies":"Champ","floor":33,"turns":12},{"damage":42,"enemies":"3 Shapes","floor":35,"turns":4},{"damage":37,"enemies":"Orb Walker","floor":36,"turns":5}],"seed_played":"1398856097422797917","potions_obtained":[{"floor":1,"key":"Block Potion"},{"floor":2,"key":"Energy Potion"},{"floor":13,"key":"Energy Potion"},{"floor":14,"key":"LiquidBronze"},{"floor":18,"key":"SteroidPotion"},{"floor":22,"key":"Explosive Potion"},{"floor":30,"key":"Strength Potion"},{"floor":33,"key":"FearPotion"}],"is_trial":false,"path_per_floor":["M","M","M","M","?","R","$","R","T","R","?","T","M","E","R","B",null,"M","?","?","$","M","R","$","R","T","R","M","R","M","$","R","B",null,"M"],"character_chosen":"THE_SILENT","items_purchased":["Footwork","Acrobatics","Noxious Fumes","Lee\u0027s Waffle","Backflip","Infinite Blades"],"campfire_rested":2,"item_purchase_floors":[7,7,21,21,21,31],"current_hp_per_floor":[63,63,60,60,49,70,70,70,70,70,70,70,64,51,70,62,68,51,35,35,77,60,75,75,77,77,77,59,84,61,61,76,26,72,30,0],"gold":141,"neow_bonus":"ONE_RARE_RELIC","is_prod":false,"is_daily":false,"chose_seed":false,"campfire_upgraded":4,"win_rate":0,"timestamp":1536952105,"path_taken":["M","M","?","M","?","R","$","R","T","R","?","?","M","E","R","BOSS","M","?","?","?","?","R","$","R","T","R","M","R","M","$","R","BOSS","M","M"],"build_version":"2018-09-06","purchased_purges":0,"victory":false,"max_hp_per_floor":[70,70,70,70,70,70,70,70,70,70,70,70,70,70,70,70,70,70,70,70,77,77,77,77,77,77,77,77,87,87,87,87,87,87,87,87],"card_choices":[{"not_picked":["Heel Hook","PiercingWail"],"picked":"Dash","floor":1},{"not_picked":["Dagger Spray","Deadly Poison"],"picked":"Dodge and Roll","floor":2},{"not_picked":["Expertise","Setup"],"picked":"Bane","floor":3},{"not_picked":["Quick Slash","Deadly Poison"],"picked":"Poisoned Stab","floor":4},{"not_picked":["Flying Knee","Flechettes"],"picked":"Dagger Spray","floor":13},{"not_picked":["Slice","Finisher"],"picked":"Die Die Die","floor":14},{"not_picked":["Unload","Wraith Form v2"],"picked":"Doppelganger","floor":16},{"not_picked":["Riddle With Holes+1","Prepared"],"picked":"Backflip","floor":18},{"not_picked":["Expertise","Quick Slash"],"picked":"Backflip","floor":22},{"not_picked":["Blade Dance","Dagger Throw+1"],"picked":"Caltrops+1","floor":28},{"not_picked":["Underhanded Strike","Quick Slash"],"picked":"Flying Knee+1","floor":30},{"not_picked":["Tools of the Trade","Night Terror"],"picked":"A Thousand Cuts","floor":33},{"not_picked":["Underhanded Strike","Reflex"],"picked":"Dagger Throw","floor":35}],"player_experience":189553,"relics_obtained":[{"floor":9,"key":"Nunchaku"},{"floor":12,"key":"Shuriken"},{"floor":14,"key":"Unceasing Top"},{"floor":19,"key":"Nilry\u0027s Codex"},{"floor":26,"key":"Shovel"},{"floor":27,"key":"Bottled Tornado"},{"floor":29,"key":"Pear"},{"floor":32,"key":"Bottled Flame"}],"event_choices":[{"event_name":"World of Goop","player_choice":"Gather Gold","floor":5,"damage_taken":0},{"event_name":"Liars Game","player_choice":"agreed","floor":11,"damage_taken":0},{"event_name":"Cursed Tome","player_choice":"Obtained Book","floor":19,"damage_taken":0},{"event_name":"Purifier","player_choice":"One Purge","floor":20,"damage_taken":0}],"is_beta":false,"boss_relics":[{"not_picked":["Philosopher\u0027s Stone","White Beast Statue"],"picked":"Eternal Feather"},{"not_picked":["Calling Bell","Cursed Key"],"picked":"Runic Pyramid"}],"items_purged_floors":[],"is_endless":false,"potions_floor_spawned":[1,2,13,14,18,22,30,33],"killed_by":"Orb Walker","ascension_level":9}