{"gold_per_floor":[15,32,32,46,121,121,81,94,94,151,182,182,202,215,215,312,312,332,247,247,172,185,185,197,197,251,264,264,282,309,328,328,328],"floor_reached":33,"playtime":1775,"items_purged":[],"score":371,"play_id":"db6ca860-3a65-4c99-8dfe-be5cbdfb0b5d","local_time":"20180623164333","is_ascension_mode":true,"campfire_choices":[{"data":"Neutralize","floor":6,"key":"SMITH"},{"floor":12,"key":"REST"},{"data":"Night Terror","floor":15,"key":"SMITH"},{"floor":23,"key":"REST"},{"data":"Adrenaline","floor":32,"key":"SMITH"}],"neow_cost":"NO_GOLD","seed_source_timestamp":719982467971071,"circlet_count":0,"master_deck":["Defend_G","Defend_G","Defend_G","Defend_G","Defend_G","Strike_G","Strike_G","Survivor","Neutralize+1","Deflect","Night Terror+1","Dagger Spray","Backflip","Crippling Poison","Cloak And Dagger","Crippling Poison","Deadly Poison","Die Die Die","Deadly Poison","Cloak And Dagger","Deadly Poison","Backflip","Backflip","Caltrops","Adrenaline+1","Cloak And Dagger","Writhe","Ghostly","Ghostly","Ghostly","Ghostly","Ghostly","Infinite Blades","Backflip+1","Dagger Throw+1"],"relics":["Ring of the Snake","Toolbox","Ancient Tea Set","Bird Faced Urn","Orrery","Strawberry","Nilry\u0027s Codex","Potion Belt","Bronze Scales","Lantern"],"potions_floor_usage":[11,16,27,33,33,33,33],"damage_taken":[{"damage":11,"enemies":"Jaw Worm","floor":1,"turns":9},{"damage":6,"enemies":"Small Slimes","floor":2,"turns":8},{"damage":0,"enemies":"2 Louse","floor":4,"turns":2},{"damage":0,"enemies":"Blue Slaver","floor":8,"turns":5},{"damage":7,"enemies":"Lagavulin Event","floor":10,"turns":8},{"damage":8,"enemies":"Lagavulin","floor":11,"turns":7},{"damage":0,"enemies":"Lots of Slimes","floor":13,"turns":1},{"damage":0,"enemies":"3 Louse","floor":14,"turns":3},{"damage":8,"enemies":"The Guardian","floor":16,"turns":10},{"damage":4,"enemies":"Shell Parasite","floor":18,"turns":7},{"damage":39,"enemies":"2 Thieves","floor":22,"turns":4},{"damage":38,"enemies":"Snecko","floor":24,"turns":7},{"damage":0,"enemies":"Chosen and Byrds","floor":27,"turns":5},{"damage":3,"enemies":"Slaver and Parasite","floor":29,"turns":7},{"damage":11,"enemies":"Slavers","floor":30,"turns":6},{"damage":0,"enemies":"Snake Plant","floor":31,"turns":5},{"damage":34,"enemies":"Collector","floor":33,"turns":6}],"seed_played":"7603589252415466172","potions_obtained":[{"floor":7,"key":"Block Potion"},{"floor":7,"key":"Strength Potion"},{"floor":7,"key":"SteroidPotion"},{"floor":8,"key":"Dexterity Potion"},{"floor":13,"key":"EssenceOfSteel"},{"floor":14,"key":"Dexterity Potion"},{"floor":24,"key":"EssenceOfSteel"},{"floor":30,"key":"Explosive Potion"},{"floor":31,"key":"Explosive Potion"}],"is_trial":false,"path_per_floor":["M","M","$","M","?","R","?","M","T","?","E","R","M","M","R","B",null,"M","?","?","?","M","R","M","?","T","M","?","M","E","M","R"],"character_chosen":"THE_SILENT","items_purchased":[],"campfire_rested":2,"item_purchase_floors":[],"current_hp_per_floor":[59,53,53,53,42,42,42,42,42,35,27,48,48,48,48,44,70,66,73,57,57,22,45,11,11,11,13,13,18,15,23,23,0],"gold":328,"neow_bonus":"TRANSFORM_TWO_CARDS","is_prod":false,"is_daily":false,"chose_seed":false,"campfire_upgraded":3,"win_rate":0,"timestamp":1529743413,"path_taken":["M","M","$","M","?","R","?","M","T","?","E","R","M","M","R","BOSS","M","?","?","?","M","R","M","?","T","M","?","M","E","M","R","BOSS"],"build_version":"2018-06-21v2","purchased_purges":0,"victory":false,"max_hp_per_floor":[70,70,70,70,70,70,70,70,70,70,70,70,70,70,70,70,70,70,77,77,77,77,77,77,77,77,77,38,38,38,38,38,38],"card_choices":[{"not_picked":["Underhanded Strike","Catalyst","Outmaneuver"],"picked":"SKIP","floor":1},{"not_picked":["Underhanded Strike","Catalyst","Outmaneuver"],"picked":"SKIP","floor":1},{"not_picked":["Bouncing Flask","Dodge and Roll"],"picked":"Dagger Spray","floor":2},{"not_picked":["Calculated Gamble","Dagger Spray"],"picked":"Backflip","floor":4},{"not_picked":["Backflip","Deadly Poison"],"picked":"Crippling Poison","floor":8},{"not_picked":["Eviscerate","Sucker Punch"],"picked":"Cloak And Dagger","floor":10},{"not_picked":["Flying Knee","Slice"],"picked":"Crippling Poison","floor":11},{"not_picked":["PiercingWail","Calculated Gamble"],"picked":"Deadly Poison","floor":13},{"not_picked":["Expertise","Reflex","Eviscerate"],"picked":"SKIP","floor":14},{"not_picked":["Doppelganger","Phantasmal Killer"],"picked":"Die Die Die","floor":16},{"not_picked":["Sucker Punch","Dagger Spray"],"picked":"Deadly Poison","floor":17},{"not_picked":["Outmaneuver","Flechettes"],"picked":"Cloak And Dagger","floor":17},{"not_picked":["Infinite Blades","PiercingWail"],"picked":"Deadly Poison","floor":17},{"not_picked":["Poisoned Stab","Cloak And Dagger"],"picked":"Backflip","floor":17},{"not_picked":["Calculated Gamble","Sucker Punch"],"picked":"Backflip","floor":17},{"not_picked":["Flying Knee","Quick Slash+1"],"picked":"Caltrops","floor":18},{"not_picked":["Outmaneuver","Quick Slash"],"picked":"Adrenaline","floor":22},{"not_picked":["Setup","Deflect"],"picked":"Cloak And Dagger","floor":24},{"not_picked":["Slice","Crippling Poison","Dagger Spray"],"picked":"SKIP","floor":27},{"not_picked":["Masterful Stab","Dagger Spray"],"picked":"Infinite Blades","floor":29},{"not_picked":["Skewer","Deflect+1"],"picked":"Backflip+1","floor":30},{"not_picked":["Tools of the Trade","Quick Slash"],"picked":"Dagger Throw+1","floor":31}],"player_experience":146748,"relics_obtained":[{"floor":9,"key":"Toolbox"},{"floor":10,"key":"Ancient Tea Set"},{"floor":11,"key":"Bird Faced Urn"},{"floor":20,"key":"Nilry\u0027s Codex"},{"floor":26,"key":"Bronze Scales"},{"floor":30,"key":"Lantern"}],"event_choices":[{"event_name":"World of Goop","player_choice":"Gather Gold","floor":5,"damage_taken":0},{"event_name":"The Woman in Blue","player_choice":"Bought 3 Potions","floor":7,"damage_taken":0},{"event_name":"Dead Adventurer","player_choice":"Searched \u00271\u0027 times","floor":10,"damage_taken":0},{"event_name":"Addict","player_choice":"Obtained Relic","floor":19,"damage_taken":0},{"event_name":"Cursed Tome","player_choice":"Obtained Book","floor":20,"damage_taken":0},{"event_name":"Beggar","player_choice":"Gave Gold","floor":21,"damage_taken":0},{"event_name":"The Mausoleum","player_choice":"Yes","floor":25,"damage_taken":0},{"event_name":"Ghosts","player_choice":"Became a Ghost","floor":28,"damage_taken":0}],"boss_relics":[{"not_picked":["Pandora\u0027s Box","Eternal Feather"],"picked":"Orrery"}],"items_purged_floors":[],"is_endless":false,"potions_floor_spawned":[8,10,13,14,24,30,31],"killed_by":"Collector","ascension_level":2}