{"gold_per_floor":[117,130,147,167,37,37,67,67,67,67,101,111,111,128,128,205,205,224,243,256,181,196,196,38,72,96,96,129,129,129,144,144,144],"floor_reached":33,"playtime":2341,"items_purged":["Strike_B","Strike_B"],"score":619,"play_id":"8fecfb29-49f5-44a8-9348-f42d3ba179e7","local_time":"20190127141141","is_ascension_mode":true,"campfire_choices":[{"data":"Zap","floor":6.0,"key":"SMITH"},{"data":"Fission","floor":8.0,"key":"SMITH"},{"data":"Coolheaded","floor":10.0,"key":"SMITH"},{"data":"Hologram","floor":15.0,"key":"SMITH"},{"data":"Redo","floor":23.0,"key":"SMITH"},{"data":"Coolheaded","floor":27.0,"key":"SMITH"},{"data":"Fission","floor":32.0,"key":"SMITH"}],"neow_cost":"NONE","seed_source_timestamp":65057256160984,"circlet_count":0,"master_deck":["AscendersBane","Defend_B","Defend_B","Defend_B","Defend_B","Zap+1","Dualcast","Fission+1","Conserve Battery","Genetic Algorithm","Cold Snap","Gash","Coolheaded+1","FTL","Hologram+1","Redo","Cold Snap","Redo+1","Reboot","Compile Driver","Steam Power","Glacier","Gash","Coolheaded+1","Gash","Gash","Fission+1"],"special_seed":0,"relics":["Cracked Core","Blue Candle","Bottled Flame","Symbiotic Virus","Runic Dome","Ornamental Fan","Juzu Bracelet","Singing Bowl"],"potions_floor_usage":[33],"damage_taken":[{"damage":2.0,"enemies":"2 Louse","floor":1.0,"turns":3.0},{"damage":0.0,"enemies":"Cultist","floor":2.0,"turns":4.0},{"damage":10.0,"enemies":"Small Slimes","floor":3.0,"turns":3.0},{"damage":0.0,"enemies":"Red Slaver","floor":4.0,"turns":5.0},{"damage":6.0,"enemies":"Lagavulin","floor":7.0,"turns":9.0},{"damage":11.0,"enemies":"3 Sentries","floor":11.0,"turns":10.0},{"damage":6.0,"enemies":"Exordium Thugs","floor":12.0,"turns":4.0},{"damage":0.0,"enemies":"2 Fungi Beasts","floor":14.0,"turns":2.0},{"damage":22.0,"enemies":"The Guardian","floor":16.0,"turns":14.0},{"damage":0.0,"enemies":"3 Byrds","floor":18.0,"turns":4.0},{"damage":0.0,"enemies":"Spheric Guardian","floor":19.0,"turns":3.0},{"damage":10.0,"enemies":"Snake Plant","floor":20.0,"turns":4.0},{"damage":0.0,"enemies":"Snecko","floor":22.0,"turns":5.0},{"damage":4.0,"enemies":"Book of Stabbing","floor":25.0,"turns":5.0},{"damage":8.0,"enemies":"Slavers","floor":28.0,"turns":8.0},{"damage":1.0,"enemies":"3 Cultists","floor":31.0,"turns":6.0},{"damage":45,"enemies":"Collector","floor":33,"turns":7}],"seed_played":"-186955951643147562","potions_obtained":[{"floor":2.0,"key":"FocusPotion"},{"floor":7.0,"key":"Energy Potion"},{"floor":11.0,"key":"Ancient Potion"},{"floor":19.0,"key":"Swift Potion"},{"floor":22.0,"key":"FearPotion"},{"floor":28.0,"key":"GamblersBrew"},{"floor":31.0,"key":"Dexterity Potion"}],"is_trial":false,"path_per_floor":["M","M","M","M","$","R","E","R","T","R","E","M","?","M","R","B",null,"M","M","M","?","M","R","$","E","T","R","E","?","?","M","R","B"],"character_chosen":"DEFECT","items_purchased":["Coolheaded","Coolheaded"],"campfire_rested":0,"item_purchase_floors":[5,24],"current_hp_per_floor":[62,62,52,52,52,52,46,46,46,46,35,29,29,29,29,7,55,55,55,45,45,45,45,45,41,41,41,33,33,33,32,32,0],"gold":144,"neow_bonus":"ONE_RANDOM_RARE_CARD","is_prod":false,"is_daily":false,"chose_seed":false,"campfire_upgraded":7,"win_rate":0,"timestamp":1548594701,"path_taken":["M","M","M","M","$","R","E","R","T","R","E","M","?","M","R","BOSS","M","M","M","?","M","R","$","E","T","R","E","?","?","M","R","BOSS"],"build_version":"2019-01-23","purchased_purges":2,"victory":false,"max_hp_per_floor":[71,71,71,71,71,71,71,71,71,71,71,71,71,71,71,71,71,71,71,71,71,71,71,71,71,71,71,71,71,71,71,71,71],"card_choices":[{"not_picked":["Stack","Beam Cell"],"picked":"Conserve Battery","floor":1.0},{"not_picked":["Recycle","Aggregate"],"picked":"Genetic Algorithm","floor":2.0},{"not_picked":["Tempest","Redo"],"picked":"Cold Snap","floor":3.0},{"not_picked":["Hello World","Reprogram"],"picked":"Gash","floor":4.0},{"not_picked":["Stack","Conserve Battery"],"picked":"FTL","floor":7.0},{"not_picked":["Static Discharge","Rebound"],"picked":"Hologram","floor":11.0},{"not_picked":["Force Field","Meteor Strike"],"picked":"Redo","floor":12.0},{"not_picked":["Static Discharge","Beam Cell"],"picked":"Redo","floor":14.0},{"not_picked":["Machine Learning","Amplify"],"picked":"Reboot","floor":16.0},{"not_picked":["Turbo+1","Stack"],"picked":"Compile Driver","floor":18.0},{"not_picked":["Cold Snap","Leap"],"picked":"Steam Power","floor":19.0},{"not_picked":["Beam Cell","Force Field"],"picked":"Glacier","floor":20.0},{"not_picked":["Coolheaded+1","Steam"],"picked":"Gash","floor":22.0},{"not_picked":["Fusion","Rebound"],"picked":"Gash","floor":25.0},{"not_picked":["Genetic Algorithm","BootSequence"],"picked":"Gash","floor":28.0},{"not_picked":["Reprogram+1","Fusion"],"picked":"Fission","floor":31.0}],"player_experience":1167460,"relics_obtained":[{"floor":7.0,"key":"Blue Candle"},{"floor":9.0,"key":"Bottled Flame"},{"floor":11.0,"key":"Symbiotic Virus"},{"floor":25.0,"key":"Ornamental Fan"},{"floor":26.0,"key":"Juzu Bracelet"},{"floor":28.0,"key":"Singing Bowl"}],"event_choices":[{"damage_healed":0.0,"max_hp_gain":0.0,"max_hp_loss":0.0,"gold_gain":0.0,"cards_transformed":["Strike_B"],"event_name":"Living Wall","player_choice":"Change","floor":13.0,"gold_loss":0.0,"damage_taken":0.0,"cards_obtained":["Cold Snap"]},{"cards_removed":["Strike_B"],"damage_healed":0.0,"max_hp_gain":0.0,"max_hp_loss":0.0,"gold_gain":0.0,"event_name":"Beggar","player_choice":"Gave Gold","floor":21.0,"gold_loss":75.0,"damage_taken":0.0},{"damage_healed":0.0,"max_hp_gain":0.0,"max_hp_loss":0.0,"gold_gain":0.0,"event_name":"N\u0027loth","player_choice":"Ignored","floor":29.0,"gold_loss":0.0,"damage_taken":0.0},{"damage_healed":0.0,"max_hp_gain":0.0,"max_hp_loss":0.0,"gold_gain":0.0,"event_name":"Vampires","player_choice":"Ignored","floor":30.0,"gold_loss":0.0,"damage_taken":0.0}],"is_beta":true,"boss_relics":[{"not_picked":["Snecko Eye","Empty Cage"],"picked":"Runic Dome"}],"items_purged_floors":[5,24],"is_endless":false,"potions_floor_spawned":[2,7,11,14,16,19,20,22,28,31],"killed_by":"Collector","ascension_level":20}