{"gold_per_floor":[219,230,230,127,74,74,74,74,74,74,90,90,90,101,101,203,203,216,228,228,122,122,122,75,92,92,108,108,128,139,0,0,96,96,106,56,75,75,92,103,103,103,103,103,103],"floor_reached":45,"playtime":2202,"items_purged":[],"score":503,"play_id":"370df378-726e-4118-ba33-05d82ea0f587","local_time":"20181118174228","is_ascension_mode":false,"campfire_choices":[{"data":"Loop","floor":6,"key":"SMITH"},{"data":"Zap","floor":8,"key":"SMITH"},{"data":"Conserve Battery","floor":12,"key":"SMITH"},{"data":"Loop","floor":15,"key":"SMITH"},{"floor":23,"key":"REST"},{"floor":28,"key":"REST"},{"floor":32,"key":"REST"},{"floor":41,"key":"REST"},{"data":"Loop","floor":44,"key":"SMITH"}],"neow_cost":"NONE","seed_source_timestamp":343878058354400,"circlet_count":0,"master_deck":["Strike_B","Strike_B","Defend_B","Defend_B","Defend_B","Defend_B","Zap+1","Dualcast+1","Conserve Battery+1","Conserve Battery","Loop+1","Conserve Battery","Conserve Battery","Ball Lightning","Loop+1","Creative AI","Capacitor+1","Go for the Eyes","Chill","Loop+1","Necronomicurse","Streamline","Go for the Eyes+1","Turbo+1","Reinforced Body+1","FTL+1","All For One","Conserve Battery","Cold Snap","Capacitor","Pain","Conserve Battery","Leap+1","Gash","Machine Learning","Doubt"],"relics":["Cracked Core","Mercury Hourglass","Pen Nib","Gremlin Horn","Empty Cage","Necronomicon","Letter Opener","Cursed Key","WarpedTongs","PreservedInsect"],"potions_floor_usage":[25,33],"damage_taken":[{"damage":0,"enemies":"Small Slimes","floor":1,"turns":2},{"damage":1,"enemies":"Jaw Worm","floor":2,"turns":3},{"damage":0,"enemies":"2 Louse","floor":11,"turns":1},{"damage":0,"enemies":"Large Slime","floor":14,"turns":4},{"damage":9,"enemies":"The Guardian","floor":16,"turns":9},{"damage":3,"enemies":"3 Byrds","floor":18,"turns":4},{"damage":12,"enemies":"2 Thieves","floor":19,"turns":4},{"damage":14,"enemies":"Snake Plant","floor":25,"turns":2},{"damage":30,"enemies":"3 Cultists","floor":27,"turns":6},{"damage":25,"enemies":"Sentry and Sphere","floor":29,"turns":5},{"damage":3,"enemies":"Chosen and Byrds","floor":30,"turns":4},{"damage":0,"enemies":"Champ","floor":33,"turns":14},{"damage":17,"enemies":"3 Darklings","floor":35,"turns":6},{"damage":5,"enemies":"Orb Walker","floor":37,"turns":3},{"damage":5,"enemies":"4 Shapes","floor":39,"turns":5},{"damage":5,"enemies":"Jaw Worm Horde","floor":40,"turns":4},{"damage":68,"enemies":"Writhing Mass","floor":45,"turns":4}],"seed_played":"-2114592419241813566","potions_obtained":[{"floor":14,"key":"AttackPotion"},{"floor":19,"key":"SkillPotion"},{"floor":29,"key":"SpeedPotion"},{"floor":30,"key":"Dexterity Potion"},{"floor":35,"key":"SteroidPotion"}],"is_trial":false,"path_per_floor":["M","M","?","$","$","R","T","R","T","?","M","R","?","M","R","B",null,"M","M","?","$","?","R","$","M","T","M","R","M","M","?","R","B",null,"M","$","M","?","M","M","R","?","T","R","M"],"character_chosen":"DEFECT","items_purchased":["Loop","Conserve Battery","Conserve Battery","Chill","Loop","Streamline","Cold Snap"],"campfire_rested":4,"item_purchase_floors":[4,4,5,21,21,24,36],"current_hp_per_floor":[75,74,74,74,74,74,74,74,74,74,74,74,67,67,67,58,75,72,60,60,60,44,66,66,52,52,22,44,19,16,16,38,38,75,58,58,53,53,48,43,65,65,65,65,0],"gold":103,"neow_bonus":"HUNDRED_GOLD","is_prod":false,"is_daily":false,"chose_seed":false,"campfire_upgraded":5,"win_rate":0,"timestamp":1542580948,"path_taken":["M","M","?","?","$","R","?","R","T","?","M","R","?","M","R","BOSS","M","M","?","$","?","R","?","M","T","M","R","M","M","?","R","BOSS","M","$","M","?","?","M","R","?","T","R","M"],"build_version":"2018-11-15","purchased_purges":0,"victory":false,"max_hp_per_floor":[75,75,75,75,75,75,75,75,75,75,75,75,75,75,75,75,75,75,75,75,75,75,75,75,75,75,75,75,75,75,75,75,75,75,75,75,75,75,75,75,75,75,75,75,75],"card_choices":[{"not_picked":["Stack","Double Energy"],"picked":"Conserve Battery","floor":1},{"not_picked":["Streamline","Beam Cell"],"picked":"Conserve Battery","floor":2},{"not_picked":["Go for the Eyes","Lockon"],"picked":"Ball Lightning","floor":11},{"not_picked":["Melter","Streamline"],"picked":"Loop","floor":14},{"not_picked":["Meteor Strike","Rainbow"],"picked":"Creative AI","floor":16},{"not_picked":["Blizzard","Sweeping Beam"],"picked":"Capacitor+1","floor":18},{"not_picked":["Fusion","Gash"],"picked":"Go for the Eyes","floor":19},{"not_picked":["Streamline","Ball Lightning"],"picked":"Go for the Eyes+1","floor":25},{"not_picked":["Melter+1","Steam"],"picked":"Turbo+1","floor":27},{"not_picked":["Redo","Machine Learning"],"picked":"Reinforced Body+1","floor":29},{"not_picked":["Stack","Coolheaded"],"picked":"FTL+1","floor":30},{"not_picked":["Reboot","Thunder Strike"],"picked":"All For One","floor":33},{"not_picked":["Rebound","Redo"],"picked":"Conserve Battery","floor":35},{"not_picked":["Beam Cell+1","Stack"],"picked":"Capacitor","floor":37},{"not_picked":["Gash+1","Turbo"],"picked":"Conserve Battery","floor":39},{"not_picked":["Auto Shields+1","Heatsinks+1"],"picked":"Leap+1","floor":40}],"player_experience":236115,"relics_obtained":[{"floor":7,"key":"Mercury Hourglass"},{"floor":9,"key":"Pen Nib"},{"floor":22,"key":"Necronomicon"},{"floor":26,"key":"Letter Opener"},{"floor":43,"key":"PreservedInsect"}],"event_choices":[{"damage_healed":0,"gold_gain":0,"player_choice":"Grow","damage_taken":0,"max_hp_gain":0,"max_hp_loss":0,"event_name":"Living Wall","floor":3,"gold_loss":0,"cards_upgraded":["Dualcast"]},{"damage_healed":0,"gold_gain":0,"player_choice":"Box","damage_taken":0,"relics_obtained":["Gremlin Horn"],"max_hp_gain":0,"max_hp_loss":0,"event_name":"Big Fish","floor":10,"gold_loss":0,"cards_obtained":["Regret"]},{"cards_removed":["Regret"],"damage_healed":0,"gold_gain":0,"player_choice":"Card Removal","damage_taken":7,"max_hp_gain":0,"max_hp_loss":0,"event_name":"Golden Wing","floor":13,"gold_loss":0},{"damage_healed":0,"gold_gain":0,"player_choice":"Ignored","damage_taken":0,"max_hp_gain":0,"max_hp_loss":0,"event_name":"Vampires","floor":20,"gold_loss":0},{"damage_healed":0,"gold_gain":0,"player_choice":"Obtained Book","damage_taken":16,"max_hp_gain":0,"max_hp_loss":0,"event_name":"Cursed Tome","floor":22,"gold_loss":0},{"damage_healed":0,"gold_gain":0,"player_choice":"Paid Fearfully","damage_taken":0,"max_hp_gain":0,"max_hp_loss":0,"event_name":"Masked Bandits","floor":31,"gold_loss":139},{"damage_healed":0,"gold_gain":0,"player_choice":"Rummage","damage_taken":0,"relics_obtained":["WarpedTongs"],"max_hp_gain":0,"max_hp_loss":0,"event_name":"Accursed Blacksmith","floor":38,"gold_loss":0,"cards_obtained":["Pain"]},{"damage_healed":0,"gold_gain":0,"player_choice":"2 cards matched","damage_taken":0,"max_hp_gain":0,"max_hp_loss":0,"event_name":"Match and Keep!","floor":42,"gold_loss":0,"cards_obtained":["Gash","Machine Learning"]}],"is_beta":false,"boss_relics":[{"not_picked":["Orrery","Ectoplasm"],"picked":"Empty Cage"},{"not_picked":["Velvet Choker","Runic Pyramid"],"picked":"Cursed Key"}],"items_purged_floors":[],"is_endless":false,"potions_floor_spawned":[14,19,29,30,35],"killed_by":"Writhing Mass","ascension_level":0}