{"gold_per_floor":[119,131,150,225,235,510,510,88,88,114,127,127,152,167,167,239,239,249,266,266,279,279,279,13,13,13,41,41,57,57,57],"floor_reached":31,"playtime":1757,"items_purged":["Regret","Strike_B"],"score":530,"play_id":"431e67b7-f2ac-447a-aacd-f632a03c2f8c","local_time":"20181119204917","is_ascension_mode":true,"campfire_choices":[{"data":"Go for the Eyes","floor":7.0,"key":"SMITH"},{"data":"Defragment","floor":12.0,"key":"SMITH"},{"data":"Zap","floor":15.0,"key":"SMITH"},{"floor":23.0,"key":"REST"},{"data":"Buffer","floor":25.0,"key":"SMITH"},{"data":"Sunder","floor":28.0,"key":"SMITH"},{"data":"Defragment","floor":30.0,"key":"SMITH"}],"neow_cost":"NONE","seed_source_timestamp":8153130684155,"circlet_count":0,"master_deck":["AscendersBane","Defend_B","Defend_B","Defend_B+1","Defend_B+1","Zap+1","Dualcast","Go for the Eyes+1","Ball Lightning","Gash","Compile Driver","Defragment+1","Leap","Go for the Eyes","Hologram","Buffer+1","Core Surge+1","Steam+1","Beam Cell+1","Defragment+1","Auto Shields","Redo+1","RitualDagger","Defragment","Sunder+1","Leap","Hologram","Coolheaded"],"special_seed":0,"relics":["Cracked Core","Smiling Mask","War Paint","Blue Candle","DataDisk","Bag of Preparation","Astrolabe","Nilry\u0027s Codex","Pear","Kunai"],"potions_floor_usage":[31,31],"damage_taken":[{"damage":7.0,"enemies":"2 Louse","floor":1.0,"turns":2.0},{"damage":0.0,"enemies":"Jaw Worm","floor":2.0,"turns":3.0},{"damage":1.0,"enemies":"Cultist","floor":3.0,"turns":3.0},{"damage":0.0,"enemies":"2 Fungi Beasts","floor":5.0,"turns":2.0},{"damage":7.0,"enemies":"Lagavulin","floor":10.0,"turns":6.0},{"damage":9.0,"enemies":"Large Slime","floor":11.0,"turns":5.0},{"damage":3.0,"enemies":"Gremlin Nob","floor":13.0,"turns":3.0},{"damage":0.0,"enemies":"Looter","floor":14.0,"turns":2.0},{"damage":24.0,"enemies":"The Guardian","floor":16.0,"turns":11.0},{"damage":10.0,"enemies":"3 Byrds","floor":18.0,"turns":5.0},{"damage":8.0,"enemies":"2 Thieves","floor":19.0,"turns":3.0},{"damage":0.0,"enemies":"Centurion and Healer","floor":21.0,"turns":10.0},{"damage":15.0,"enemies":"Gremlin Leader","floor":27.0,"turns":6.0},{"damage":4.0,"enemies":"3 Cultists","floor":29.0,"turns":7.0},{"damage":3,"enemies":"Colosseum Slavers","floor":31,"turns":5},{"damage":22,"enemies":"Colosseum Nobs","floor":31,"turns":2}],"seed_played":"-8744285027588546421","potions_obtained":[{"floor":3.0,"key":"EntropicBrew"},{"floor":5.0,"key":"Weak Potion"},{"floor":11.0,"key":"Poison Potion"},{"floor":14.0,"key":"Strength Potion"},{"floor":21.0,"key":"Weak Potion"},{"floor":29.0,"key":"GamblersBrew"}],"is_trial":false,"path_per_floor":["M","M","M","?","M","?","R","$","T","E","M","R","E","M","R","B",null,"M","M","?","M","?","R","$","R","T","E","R","M","R","?"],"character_chosen":"DEFECT","items_purchased":["Defragment","Leap","Go for the Eyes","War Paint","Defragment","Sunder","Leap"],"campfire_rested":1,"item_purchase_floors":[8,8,8,8,24,24,24],"current_hp_per_floor":[57,57,56,45,45,45,45,45,45,38,29,29,26,26,26,2,54,44,36,15,15,9,30,30,30,40,25,25,21,21,0],"gold":57,"neow_bonus":"RANDOM_COMMON_RELIC","is_prod":false,"is_daily":false,"chose_seed":false,"campfire_upgraded":6,"win_rate":0,"timestamp":1542656957,"path_taken":["M","M","M","?","M","?","R","$","T","E","M","R","E","?","R","BOSS","M","M","?","M","?","R","$","R","T","E","R","M","R","?"],"build_version":"2018-11-15","purchased_purges":2,"victory":false,"max_hp_per_floor":[71,71,71,71,71,71,71,71,71,71,71,71,71,71,71,71,71,71,71,71,71,71,71,71,71,81,81,81,81,81,81],"card_choices":[{"not_picked":["Cold Snap","Reinforced Body"],"picked":"Go for the Eyes","floor":1.0},{"not_picked":["Barrage","Stack"],"picked":"Ball Lightning","floor":2.0},{"not_picked":["Coolheaded","Rebound"],"picked":"Gash","floor":3.0},{"not_picked":["Sweeping Beam","Ball Lightning"],"picked":"Compile Driver","floor":5.0},{"not_picked":["Recycle","Chaos","Aggregate"],"picked":"SKIP","floor":10.0},{"not_picked":["Fusion","Barrage","Static Discharge"],"picked":"SKIP","floor":11.0},{"not_picked":["Recycle","Multi-Cast","Melter"],"picked":"SKIP","floor":13.0},{"not_picked":["Steam","Streamline"],"picked":"Hologram","floor":14.0},{"not_picked":["Core Surge","Amplify"],"picked":"Buffer","floor":16.0},{"not_picked":["Sweeping Beam","Steam"],"picked":"Defragment","floor":18.0},{"not_picked":["White Noise","Recycle"],"picked":"Auto Shields","floor":19.0},{"not_picked":["Reprogram","Stack"],"picked":"Redo+1","floor":21.0},{"not_picked":["Genetic Algorithm","Compile Driver"],"picked":"Hologram","floor":27.0},{"not_picked":["Leap","Rebound"],"picked":"Coolheaded","floor":29.0}],"player_experience":1061034,"relics_obtained":[{"floor":9.0,"key":"Blue Candle"},{"floor":10.0,"key":"DataDisk"},{"floor":13.0,"key":"Bag of Preparation"},{"floor":20.0,"key":"Nilry\u0027s Codex"},{"floor":26.0,"key":"Pear"},{"floor":27.0,"key":"Kunai"}],"event_choices":[{"damage_healed":0.0,"max_hp_gain":0.0,"max_hp_loss":0.0,"gold_gain":75.0,"event_name":"World of Goop","player_choice":"Gather Gold","floor":4.0,"gold_loss":0.0,"damage_taken":11.0},{"damage_healed":0.0,"max_hp_gain":0.0,"max_hp_loss":0.0,"gold_gain":275.0,"event_name":"Golden Shrine","player_choice":"Desecrate","floor":6.0,"gold_loss":0.0,"damage_taken":0.0,"cards_obtained":["Regret"]},{"damage_healed":0.0,"max_hp_gain":0.0,"max_hp_loss":0.0,"gold_gain":0.0,"event_name":"Cursed Tome","player_choice":"Obtained Book","floor":20.0,"gold_loss":0.0,"damage_taken":21.0},{"damage_healed":0.0,"max_hp_gain":0.0,"max_hp_loss":0.0,"gold_gain":0.0,"event_name":"Nest","player_choice":"Joined the Cult","floor":22.0,"gold_loss":0.0,"damage_taken":6.0,"cards_obtained":["RitualDagger"]},{"damage_healed":0,"gold_gain":0,"player_choice":"Fight","damage_taken":0,"max_hp_gain":0,"max_hp_loss":0,"event_name":"Colosseum","floor":31,"gold_loss":0},{"damage_healed":0,"gold_gain":0,"player_choice":"Fought Nobs","damage_taken":0,"max_hp_gain":0,"max_hp_loss":0,"event_name":"Colosseum","floor":31,"gold_loss":0}],"is_beta":true,"boss_relics":[{"not_picked":["Nuclear Battery","Lizard Tail"],"picked":"Astrolabe"}],"items_purged_floors":[8,24],"is_endless":false,"potions_floor_spawned":[3,5,11,14,21,29],"killed_by":"Colosseum Nobs","ascension_level":20}