{"gold_per_floor":[109,123,143,218,234,234,267,267,291,291,311,311,40,58,58,160,160,173,191,209,221,237,237],"floor_reached":23,"playtime":1314,"items_purged":[],"score":305,"play_id":"a9594ecd-bca2-469c-90a4-fb9a4dacf51e","local_time":"20190202105457","is_ascension_mode":true,"campfire_choices":[{"data":"White Noise","floor":6,"key":"SMITH"},{"floor":12,"key":"REST"},{"floor":15,"key":"REST"}],"neow_cost":"CURSE","seed_source_timestamp":4458902840532085,"circlet_count":0,"master_deck":["AscendersBane","Strike_B","Strike_B","Strike_B","Strike_B","Defend_B","Defend_B","Defend_B","Defend_B","Zap","Dualcast","Leap","White Noise+1","Ball Lightning","Loop","Go for the Eyes","Echo Form","Defragment","Reinforced Body","Core Surge","Cold Snap","Coolheaded+1","Cold Snap+1"],"relics":["Cracked Core","Lantern","DataDisk","Runic Capacitor","Sozu"],"potions_floor_usage":[7,23,23],"damage_taken":[{"damage":0,"enemies":"Cultist","floor":1,"turns":3},{"damage":0,"enemies":"Small Slimes","floor":2,"turns":4},{"damage":8,"enemies":"Jaw Worm","floor":3,"turns":4},{"damage":11,"enemies":"Blue Slaver","floor":5,"turns":4},{"damage":30,"enemies":"Gremlin Nob","floor":7,"turns":4},{"damage":0,"enemies":"Looter","floor":11,"turns":2},{"damage":11,"enemies":"Exordium Thugs","floor":14,"turns":3},{"damage":38,"enemies":"Slime Boss","floor":16,"turns":7},{"damage":35,"enemies":"Shell Parasite","floor":18,"turns":6},{"damage":6,"enemies":"Spheric Guardian","floor":19,"turns":3},{"damage":1,"enemies":"Snecko","floor":20,"turns":6},{"damage":9,"enemies":"Snake Plant","floor":21,"turns":5},{"damage":4,"enemies":"Shelled Parasite and Fungi","floor":22,"turns":7},{"damage":18,"enemies":"Slavers","floor":23,"turns":1}],"seed_played":"-5436372903698210926","potions_obtained":[{"floor":2,"key":"Weak Potion"},{"floor":3,"key":"Strength Potion"},{"floor":7,"key":"LiquidBronze"}],"is_trial":false,"path_per_floor":["M","M","M","?","M","R","E","?","T","?","M","R","$","M","R","B",null,"M","M","M","M","M","E"],"character_chosen":"DEFECT","items_purchased":["Runic Capacitor","Defragment"],"campfire_rested":2,"item_purchase_floors":[13,13],"current_hp_per_floor":[82,82,74,63,52,52,22,22,22,22,22,48,48,37,63,25,73,38,32,31,22,18,0],"gold":237,"neow_bonus":"TWENTY_PERCENT_HP_BONUS","is_prod":false,"is_daily":false,"chose_seed":false,"campfire_upgraded":1,"win_rate":0,"timestamp":1549122897,"path_taken":["M","M","M","?","M","R","E","?","T","?","M","R","$","M","R","BOSS","M","M","M","M","M","E"],"build_version":"2019-01-23","purchased_purges":0,"victory":false,"max_hp_per_floor":[89,89,89,89,89,89,89,89,89,89,89,89,89,89,89,89,89,89,89,89,89,89,89],"card_choices":[{"not_picked":["Compile Driver","Rebound"],"picked":"Leap","floor":1},{"not_picked":["Reinforced Body","Steam"],"picked":"White Noise","floor":2},{"not_picked":["Tempest","Auto Shields"],"picked":"Ball Lightning","floor":3},{"not_picked":["Consume","Redo"],"picked":"Loop","floor":5},{"not_picked":["Hologram","Barrage"],"picked":"Go for the Eyes","floor":7},{"not_picked":["Steam Power","Chaos"],"picked":"Echo Form","floor":11},{"not_picked":["Go for the Eyes","Beam Cell"],"picked":"Reinforced Body","floor":14},{"not_picked":["All For One","Rainbow"],"picked":"Core Surge","floor":16},{"not_picked":["Streamline+1","Lockon"],"picked":"Cold Snap","floor":18},{"not_picked":["Streamline","Darkness"],"picked":"Coolheaded+1","floor":19},{"not_picked":["Reinforced Body","Scrape","Aggregate"],"picked":"SKIP","floor":20},{"not_picked":["Go for the Eyes","Redo+1","Recycle"],"picked":"SKIP","floor":21},{"not_picked":["Compile Driver+1","Coolheaded"],"picked":"Cold Snap+1","floor":22}],"player_experience":808925,"relics_obtained":[{"floor":7,"key":"Lantern"},{"floor":9,"key":"DataDisk"}],"event_choices":[{"damage_healed":0,"gold_gain":75,"player_choice":"Gather Gold","damage_taken":11,"max_hp_gain":0,"max_hp_loss":0,"event_name":"World of Goop","floor":4,"gold_loss":0},{"damage_healed":0,"gold_gain":0,"player_choice":"Ignored","damage_taken":0,"max_hp_gain":0,"max_hp_loss":0,"event_name":"Shining Light","floor":8,"gold_loss":0},{"cards_removed":["Decay"],"damage_healed":0,"gold_gain":0,"player_choice":"Forget","damage_taken":0,"max_hp_gain":0,"max_hp_loss":0,"event_name":"Living Wall","floor":10,"gold_loss":0}],"is_beta":false,"boss_relics":[{"not_picked":["Lizard Tail","Inserter"],"picked":"Sozu"}],"items_purged_floors":[],"is_endless":false,"potions_floor_spawned":[2,3,7,14],"killed_by":"Slavers","ascension_level":11}