{"gold_per_floor":[116,63,75,94,19,48,48,65,65,35,47,47,63,89,89,167,167,185,185,196,104,116,116],"floor_reached":23,"playtime":1410,"items_purged":["Defend_R"],"score":386,"play_id":"0cc8a58f-fdbc-4138-917e-8c6f24cca893","local_time":"20190527123841","is_ascension_mode":true,"campfire_choices":[{"data":"Bash","floor":7,"key":"SMITH"},{"data":"Whirlwind","floor":12,"key":"SMITH"},{"data":"True Grit","floor":15,"key":"SMITH"}],"neow_cost":"NONE","seed_source_timestamp":60367073420100,"circlet_count":0,"master_deck":["AscendersBane","Strike_R","Strike_R","Strike_R","Strike_R","Defend_R","Defend_R","Defend_R","Bash+1","Ghostly Armor","Inflame+1","Spot Weakness","Heavy Blade","Whirlwind+1","Clothesline","True Grit+1","Reaper","Headbutt","Cleave","Armaments+1","Blind","Disarm"],"relics":["Burning Blood","Ancient Tea Set","Frozen Egg 2","Bronze Scales","Pear","Lantern","Sozu"],"potions_floor_usage":[14,16],"damage_taken":[{"damage":6,"enemies":"2 Louse","floor":1,"turns":3},{"damage":1,"enemies":"Cultist","floor":3,"turns":4},{"damage":6,"enemies":"Jaw Worm","floor":4,"turns":4},{"damage":39,"enemies":"Gremlin Nob","floor":6,"turns":4},{"damage":2,"enemies":"Looter","floor":8,"turns":2},{"damage":6,"enemies":"3 Louse","floor":11,"turns":1},{"damage":0,"enemies":"Lots of Slimes","floor":13,"turns":2},{"damage":15,"enemies":"Lagavulin","floor":14,"turns":7},{"damage":19,"enemies":"Slime Boss","floor":16,"turns":8},{"damage":26,"enemies":"Spheric Guardian","floor":18,"turns":4},{"damage":30,"enemies":"Shell Parasite","floor":20,"turns":3},{"damage":0,"enemies":"Snecko","floor":22,"turns":3},{"damage":61,"enemies":"Slavers","floor":23,"turns":4}],"seed_played":"-5423467803867334164","potions_obtained":[{"floor":3,"key":"PowerPotion"},{"floor":11,"key":"Weak Potion"}],"is_trial":false,"path_per_floor":["M","?","M","M","$","E","R","M","T","$","M","R","M","E","R","B",null,"M","?","M","$","M","E"],"character_chosen":"IRONCLAD","items_purchased":["Clothesline","Blind"],"campfire_rested":0,"item_purchase_floors":[10,21],"current_hp_per_floor":[68,68,73,73,73,40,40,44,54,54,54,54,60,51,51,38,73,53,53,29,29,44,0],"gold":116,"neow_bonus":"RANDOM_COMMON_RELIC","is_prod":false,"is_daily":false,"chose_seed":false,"campfire_upgraded":3,"win_rate":0,"timestamp":1558985921,"path_taken":["M","?","M","M","$","E","R","?","T","?","M","R","?","E","R","BOSS","M","?","M","?","?","E"],"build_version":"2019-01-23","purchased_purges":1,"victory":false,"max_hp_per_floor":[75,75,75,75,75,75,75,75,85,85,85,85,85,85,85,85,85,85,85,85,85,85,85],"card_choices":[{"not_picked":["Wild Strike","Body Slam"],"picked":"Ghostly Armor","floor":1},{"not_picked":["Reckless Charge","Dual Wield"],"picked":"Inflame+1","floor":3},{"not_picked":["Heavy Blade","Anger"],"picked":"Spot Weakness","floor":4},{"not_picked":["Iron Wave","Berserk+1"],"picked":"Heavy Blade","floor":6},{"not_picked":["Seeing Red","Twin Strike"],"picked":"Whirlwind","floor":8},{"not_picked":["Sentinel","Armaments","Wild Strike"],"picked":"SKIP","floor":11},{"not_picked":["Cleave","Perfected Strike","Clothesline"],"picked":"SKIP","floor":13},{"not_picked":["Body Slam","Dropkick"],"picked":"True Grit","floor":14},{"not_picked":["Exhume","Immolate"],"picked":"Reaper","floor":16},{"not_picked":["Anger","Ghostly Armor"],"picked":"Headbutt","floor":18},{"not_picked":["Twin Strike","Iron Wave"],"picked":"Armaments+1","floor":20},{"not_picked":["Clothesline","Flex"],"picked":"Disarm","floor":22}],"player_experience":486252,"relics_obtained":[{"floor":6,"key":"Bronze Scales"},{"floor":9,"key":"Pear"},{"floor":14,"key":"Lantern"}],"event_choices":[{"damage_healed":0,"gold_gain":0,"player_choice":"Paid Gold","damage_taken":0,"relics_obtained":["Frozen Egg 2"],"max_hp_gain":0,"max_hp_loss":0,"event_name":"WeMeetAgain","floor":2,"gold_loss":53},{"damage_healed":0,"gold_gain":0,"cards_transformed":["Strike_R"],"player_choice":"Transformed","damage_taken":0,"max_hp_gain":0,"max_hp_loss":0,"event_name":"Transmorgrifier","floor":19,"gold_loss":0,"cards_obtained":["Cleave"]}],"is_beta":false,"boss_relics":[{"not_picked":["Tiny House","Fusion Hammer"],"picked":"Sozu"}],"items_purged_floors":[5],"is_endless":false,"potions_floor_spawned":[3,11,13,18],"killed_by":"Slavers","ascension_level":18}