{"gold_per_floor":[111,111,111,12,27,58,73,131,131,154,165,184,184,203,203,274,274,286,201,156,156,169,169,194,194,194,194,1,1,1,20,20,20],"floor_reached":33,"playtime":1212,"items_purged":[],"score":585,"play_id":"6d9356d8-cd37-4a55-803d-698deb4a4925","local_time":"20190612201112","is_ascension_mode":true,"campfire_choices":[{"data":"Rage","floor":13,"key":"SMITH"},{"data":"Disarm","floor":15,"key":"SMITH"},{"data":"Bash","floor":23,"key":"SMITH"},{"floor":25,"key":"REST"},{"data":"Immolate","floor":29,"key":"SMITH"},{"data":"Sword Boomerang","floor":32,"key":"SMITH"}],"neow_cost":"NONE","seed_source_timestamp":64126697685700,"circlet_count":0,"master_deck":["AscendersBane","Strike_R+1","Strike_R","Strike_R","Strike_R","Strike_R+1","Defend_R","Defend_R","Defend_R","Defend_R","Bash+1","Sword Boomerang+1","Rage+1","Clothesline","Offering","Carnage","Reaper","Pommel Strike","Disarm+1","Fiend Fire","Shrug It Off","Cleave","Immolate+1","Spot Weakness","Shrug It Off"],"relics":["Burning Blood","NeowsBlessing","Dream Catcher","Singing Bowl","Tiny Chest","Blood Vial","Strawberry","Sozu","Smiling Mask","Shuriken","Torii","Mummified Hand","Happy Flower"],"potions_floor_usage":[16,24],"damage_taken":[{"damage":0,"enemies":"Small Slimes","floor":1,"turns":1},{"damage":0,"enemies":"Jaw Worm","floor":5,"turns":1},{"damage":0,"enemies":"Lagavulin","floor":6,"turns":1},{"damage":0,"enemies":"Cultist","floor":7,"turns":3},{"damage":22,"enemies":"3 Sentries","floor":8,"turns":9},{"damage":7,"enemies":"Looter","floor":11,"turns":2},{"damage":10,"enemies":"Large Slime","floor":12,"turns":5},{"damage":13,"enemies":"Blue Slaver","floor":14,"turns":2},{"damage":38,"enemies":"The Guardian","floor":16,"turns":15},{"damage":4,"enemies":"Chosen","floor":18,"turns":5},{"damage":25,"enemies":"2 Thieves","floor":20,"turns":5},{"damage":11,"enemies":"Centurion and Healer","floor":22,"turns":7},{"damage":55,"enemies":"Gremlin Leader","floor":24,"turns":6},{"damage":15,"enemies":"Snake Plant","floor":31,"turns":2},{"damage":47,"enemies":"Collector","floor":33,"turns":6}],"seed_played":"-8669762303781263346","potions_obtained":[{"floor":5,"key":"Poison Potion"},{"floor":12,"key":"SteroidPotion"},{"floor":16,"key":"Dexterity Potion"}],"is_trial":false,"path_per_floor":["M","?","?","$","M","E","M","E","T","T","M","M","R","M","R","B",null,"M","?","M","?","M","R","E","R","T","T","$","R","$","M","R","B"],"character_chosen":"IRONCLAD","items_purchased":["Rage","Clothesline","Happy Flower","Shrug It Off"],"campfire_rested":1,"item_purchase_floors":[4,4,28,28],"current_hp_per_floor":[74,56,33,33,39,45,51,35,35,42,43,48,48,45,45,19,68,75,75,65,41,48,48,13,40,40,40,40,40,40,35,35,0],"gold":20,"neow_bonus":"THREE_ENEMY_KILL","is_prod":false,"is_daily":false,"chose_seed":false,"campfire_upgraded":5,"win_rate":0,"timestamp":1560395472,"path_taken":["M","?","?","$","M","E","M","E","T","?","M","?","R","M","R","BOSS","M","?","M","?","M","R","E","R","T","?","$","R","?","M","R","BOSS"],"build_version":"2019-01-23","purchased_purges":0,"victory":false,"max_hp_per_floor":[75,75,75,75,75,75,75,75,75,82,82,82,82,84,84,84,84,84,84,84,89,91,91,91,91,91,91,91,91,91,93,93,93],"card_choices":[{"not_picked":["Perfected Strike","Heavy Blade"],"picked":"Sword Boomerang","floor":1},{"not_picked":["Thunderclap","Armaments","Bloodletting"],"picked":"SKIP","floor":5},{"not_picked":["Second Wind","Rampage"],"picked":"Offering","floor":6},{"not_picked":["Clothesline","Wild Strike"],"picked":"Carnage","floor":7},{"not_picked":["Perfected Strike","Iron Wave"],"picked":"Reaper","floor":8},{"not_picked":["Shockwave","Rupture"],"picked":"Pommel Strike","floor":11},{"not_picked":["Power Through","Headbutt"],"picked":"Disarm","floor":12},{"not_picked":["Searing Blow","Headbutt","Reckless Charge"],"picked":"Singing Bowl","floor":14},{"not_picked":["Brutality","Reaper"],"picked":"Fiend Fire","floor":16},{"not_picked":["Burning Pact","Warcry"],"picked":"Shrug It Off","floor":18},{"not_picked":["Dual Wield","Pommel Strike"],"picked":"Cleave","floor":20},{"not_picked":["Flex","Reckless Charge","Clash"],"picked":"Singing Bowl","floor":22},{"not_picked":["Armaments+1","Headbutt"],"picked":"Immolate","floor":24},{"not_picked":["Headbutt","Wild Strike"],"picked":"Spot Weakness","floor":25},{"not_picked":["Sword Boomerang","Armaments","Anger"],"picked":"Singing Bowl","floor":31}],"player_experience":568658,"relics_obtained":[{"floor":6,"key":"Singing Bowl"},{"floor":8,"key":"Tiny Chest"},{"floor":9,"key":"Blood Vial"},{"floor":10,"key":"Strawberry"},{"floor":24,"key":"Shuriken"},{"floor":26,"key":"Torii"},{"floor":27,"key":"Mummified Hand"}],"event_choices":[{"damage_healed":0,"gold_gain":0,"player_choice":"Success","damage_taken":18,"relics_obtained":["Dream Catcher"],"max_hp_gain":0,"max_hp_loss":0,"event_name":"Scrap Ooze","floor":2,"gold_loss":0},{"damage_healed":0,"gold_gain":0,"player_choice":"Entered Light","damage_taken":23,"max_hp_gain":0,"max_hp_loss":0,"event_name":"Shining Light","floor":3,"gold_loss":0,"cards_upgraded":["Strike_R","Strike_R"]},{"damage_healed":0,"gold_gain":0,"player_choice":"Obtained Relic","damage_taken":0,"relics_obtained":["Smiling Mask"],"max_hp_gain":0,"max_hp_loss":0,"event_name":"Addict","floor":19,"gold_loss":85},{"damage_healed":0,"gold_gain":0,"player_choice":"Shed Blood","damage_taken":29,"max_hp_gain":5,"max_hp_loss":0,"event_name":"Forgotten Altar","floor":21,"gold_loss":0}],"is_beta":false,"boss_relics":[{"not_picked":["Runic Cube","Empty Cage"],"picked":"Sozu"}],"items_purged_floors":[],"is_endless":false,"potions_floor_spawned":[5,12,14,16,18,22,24,31],"killed_by":"Collector","ascension_level":19}