{"gold_per_floor":[115,390,409,61,61,61,80,80,80,93,113,129,207,235,235,331,331,345,345,345,306,306],"floor_reached":22,"playtime":7135,"items_purged":["Regret"],"score":244,"play_id":"8476017b-8436-491e-ba88-abb031a7fb15","local_time":"20180913201133","is_ascension_mode":true,"campfire_choices":[{"data":"Footwork","floor":6,"key":"SMITH"},{"data":"Neutralize","floor":8,"key":"SMITH"},{"floor":15,"key":"REST"}],"neow_cost":"CURSE","seed_source_timestamp":83212699840708,"circlet_count":0,"master_deck":["Defend_G","Defend_G","Defend_G","Defend_G","Defend_G","Strike_G","Strike_G","Strike_G","Survivor","Neutralize+1","Deflect","Sucker Punch","Acrobatics","Predator","Footwork+1","Dash","Cloak And Dagger","Distraction","Dash","Outmaneuver","A Thousand Cuts","Heel Hook+1","Footwork","Infinite Blades"],"relics":["Ring of the Snake","Shuriken","Bottled Lightning","Odd Mushroom","Eternal Feather"],"potions_floor_usage":[16,16],"damage_taken":[{"damage":0,"enemies":"Cultist","floor":1,"turns":7},{"damage":0,"enemies":"2 Louse","floor":3,"turns":4},{"damage":0,"enemies":"Jaw Worm","floor":7,"turns":4},{"damage":0,"enemies":"Looter","floor":10,"turns":4},{"damage":0,"enemies":"2 Fungi Beasts","floor":11,"turns":4},{"damage":4,"enemies":"Gremlin Gang","floor":12,"turns":8},{"damage":9,"enemies":"The Mushroom Lair","floor":14,"turns":8},{"damage":53,"enemies":"Slime Boss","floor":16,"turns":20},{"damage":22,"enemies":"Chosen","floor":18,"turns":9},{"damage":43,"enemies":"3 Byrds","floor":22,"turns":3}],"seed_played":"7416792115196408804","potions_obtained":[{"floor":3,"key":"Strength Potion"},{"floor":10,"key":"SpeedPotion"},{"floor":12,"key":"PowerPotion"},{"floor":14,"key":"Block Potion"},{"floor":19,"key":"FairyPotion"},{"floor":19,"key":"Weak Potion"}],"is_trial":false,"path_per_floor":["M","?","M","$","?","R","M","R","T","M","M","M","?","?","R","B",null,"M","?","?","$"],"character_chosen":"THE_SILENT","items_purchased":["Footwork","Shuriken","Infinite Blades"],"campfire_rested":1,"item_purchase_floors":[4,4,21],"current_hp_per_floor":[63,63,63,63,63,63,63,63,63,63,63,59,59,50,70,17,57,35,35,35,35,0],"gold":306,"neow_bonus":"TRANSFORM_TWO_CARDS","is_prod":false,"is_daily":false,"chose_seed":false,"campfire_upgraded":2,"win_rate":0,"timestamp":1536883893,"path_taken":["M","?","?","?","?","R","?","R","T","M","M","M","?","?","R","BOSS","M","?","?","$","M"],"build_version":"2018-09-06","purchased_purges":1,"victory":false,"max_hp_per_floor":[70,70,70,70,70,70,70,70,70,70,70,70,70,70,70,70,70,70,70,70,70,70],"card_choices":[{"not_picked":["Blade Dance","Bane"],"picked":"Acrobatics","floor":1},{"not_picked":["Dagger Spray","Dodge and Roll"],"picked":"Predator","floor":3},{"not_picked":["Backstab","Calculated Gamble"],"picked":"Dash","floor":7},{"not_picked":["Slice","Underhanded Strike"],"picked":"Cloak And Dagger","floor":10},{"not_picked":["Sucker Punch","Tactician"],"picked":"Distraction","floor":11},{"not_picked":["PiercingWail","Flechettes"],"picked":"Dash","floor":12},{"not_picked":["Underhanded Strike","Setup"],"picked":"Outmaneuver","floor":14},{"not_picked":["Phantasmal Killer","Envenom"],"picked":"A Thousand Cuts","floor":16},{"not_picked":["Blade Dance","Flying Knee+1"],"picked":"Heel Hook+1","floor":18}],"player_experience":169982,"relics_obtained":[{"floor":9,"key":"Bottled Lightning"},{"floor":14,"key":"Odd Mushroom"}],"event_choices":[{"event_name":"Golden Shrine","player_choice":"Desecrate","floor":2,"damage_taken":0},{"event_name":"Fountain of Cleansing","player_choice":"Removed Curse","floor":5,"damage_taken":0},{"event_name":"Golden Wing","player_choice":"Gained Gold","floor":13,"damage_taken":0},{"event_name":"Mushrooms","player_choice":"Fought Mushrooms","floor":14,"damage_taken":0},{"event_name":"The Lab","player_choice":"Got Potions","floor":19,"damage_taken":0},{"event_name":"The Library","player_choice":"Read","floor":20,"damage_taken":0}],"is_beta":false,"boss_relics":[{"not_picked":["Calling Bell","Orrery"],"picked":"Eternal Feather"}],"items_purged_floors":[4],"is_endless":false,"potions_floor_spawned":[3,10,12,14],"killed_by":"3 Byrds","ascension_level":8}