{"gold_per_floor":[119,130,36,36,36,70,70,101,101,119,132,151,151,151,151,250,250,266,56,56,155,174,201,201,235,282,298,313,329,355,355,355,355],"floor_reached":33,"playtime":2611,"items_purged":["Strike_G"],"score":544,"play_id":"43b3c8a9-281e-48dc-a16e-5562b2e39034","local_time":"20190428032109","is_ascension_mode":true,"campfire_choices":[{"data":"Crippling Poison","floor":7,"key":"SMITH"},{"data":"Neutralize","floor":13,"key":"SMITH"},{"floor":15,"key":"REST"},{"data":"Deadly Poison","floor":24,"key":"SMITH"},{"data":"Wraith Form v2","floor":32,"key":"SMITH"}],"neow_cost":"NONE","seed_source_timestamp":1218610964515379,"circlet_count":0,"master_deck":["AscendersBane","Defend_G","Defend_G","Defend_G+1","Defend_G+1","Defend_G","Strike_G","Strike_G","Strike_G","Strike_G+1","Survivor","Neutralize+1","PiercingWail","Poisoned Stab+1","Caltrops","Crippling Poison+1","Dodge and Roll","Dash+1","Bullet Time","Mayhem","Deadly Poison+1","Escape Plan","Wraith Form v2+1"],"relics":["Ring of the Snake","NeowsBlessing","StoneCalendar","War Paint","Singing Bowl","The Courier","Snecko Eye","Anchor","Girya","Centennial Puzzle"],"potions_floor_usage":[23,33],"damage_taken":[{"damage":0,"enemies":"Small Slimes","floor":1,"turns":1},{"damage":0,"enemies":"Jaw Worm","floor":2,"turns":1},{"damage":0,"enemies":"3 Sentries","floor":6,"turns":1},{"damage":18,"enemies":"Gremlin Nob","floor":8,"turns":5},{"damage":2,"enemies":"2 Louse","floor":10,"turns":2},{"damage":0,"enemies":"2 Fungi Beasts","floor":11,"turns":3},{"damage":2,"enemies":"3 Louse","floor":12,"turns":2},{"damage":13,"enemies":"Hexaghost","floor":16,"turns":9},{"damage":0,"enemies":"Chosen","floor":18,"turns":4},{"damage":1,"enemies":"Shell Parasite","floor":22,"turns":6},{"damage":11,"enemies":"Slavers","floor":23,"turns":6},{"damage":6,"enemies":"Book of Stabbing","floor":25,"turns":6},{"damage":2,"enemies":"Snake Plant","floor":27,"turns":3},{"damage":0,"enemies":"Cultist and Chosen","floor":28,"turns":7},{"damage":0,"enemies":"Shelled Parasite and Fungi","floor":29,"turns":4},{"damage":8,"enemies":"Slavers","floor":30,"turns":6},{"damage":46,"enemies":"Champ","floor":33,"turns":9}],"seed_played":"-2564554146439516865","potions_obtained":[{"floor":2,"key":"SkillPotion"},{"floor":10,"key":"SteroidPotion"},{"floor":22,"key":"FearPotion"},{"floor":25,"key":"Block Potion"},{"floor":29,"key":"Fire Potion"}],"is_trial":false,"path_per_floor":["M","M","$","?","?","E","R","E","T","M","M","M","R","?","R","B",null,"M","$","?","?","M","E","R","E","T","M","M","M","E","?","R","B"],"character_chosen":"THE_SILENT","items_purchased":["Poisoned Stab","Caltrops","Mayhem"],"campfire_rested":1,"item_purchase_floors":[3,3,19],"current_hp_per_floor":[63,63,63,63,56,56,56,38,38,36,38,38,38,23,45,32,64,66,66,66,66,65,56,56,50,50,50,52,54,46,46,46,0],"gold":355,"neow_bonus":"THREE_ENEMY_KILL","is_prod":false,"is_daily":false,"chose_seed":false,"campfire_upgraded":4,"win_rate":0,"timestamp":1556414469,"path_taken":["M","M","$","?","?","E","R","E","T","M","?","M","R","?","R","BOSS","M","$","?","?","M","E","R","E","T","M","M","M","E","?","R","BOSS"],"build_version":"2019-01-23","purchased_purges":1,"victory":false,"max_hp_per_floor":[70,70,70,70,70,70,70,70,70,70,72,74,74,74,74,74,74,76,76,76,76,76,78,78,78,78,80,82,84,84,84,84,84],"card_choices":[{"not_picked":["Quick Slash","Heel Hook","Flechettes"],"picked":"SKIP","floor":1},{"not_picked":["Reflex","Flying Knee"],"picked":"PiercingWail","floor":2},{"not_picked":["Prepared","Heel Hook"],"picked":"Crippling Poison","floor":6},{"not_picked":["Unload","Slice"],"picked":"Dodge and Roll","floor":8},{"not_picked":["Slice","Concentrate"],"picked":"Dash","floor":10},{"not_picked":["Finisher","Dagger Spray","Quick Slash"],"picked":"Singing Bowl","floor":11},{"not_picked":["PiercingWail","Bane","Accuracy"],"picked":"Singing Bowl","floor":12},{"not_picked":["Phantasmal Killer","Glass Knife"],"picked":"Bullet Time","floor":16},{"not_picked":["Prepared","Flying Knee","Deflect+1"],"picked":"Singing Bowl","floor":18},{"not_picked":["Eviscerate","Dagger Throw"],"picked":"Deadly Poison","floor":22},{"not_picked":["Underhanded Strike","Envenom","All Out Attack"],"picked":"Singing Bowl","floor":23},{"not_picked":["Bane","Sucker Punch"],"picked":"Escape Plan","floor":25},{"not_picked":["Dagger Spray+1","PiercingWail","Quick Slash"],"picked":"Singing Bowl","floor":27},{"not_picked":["Bane","Quick Slash+1","Outmaneuver"],"picked":"Singing Bowl","floor":28},{"not_picked":["Blade Dance","Infinite Blades","Dagger Spray"],"picked":"Singing Bowl","floor":29},{"not_picked":["Backflip","Caltrops"],"picked":"Wraith Form v2","floor":30}],"player_experience":531023,"relics_obtained":[{"floor":6,"key":"War Paint"},{"floor":8,"key":"Singing Bowl"},{"floor":9,"key":"The Courier"},{"floor":23,"key":"Anchor"},{"floor":25,"key":"Girya"},{"floor":30,"key":"Centennial Puzzle"}],"event_choices":[{"damage_healed":0,"gold_gain":0,"player_choice":"Grow","damage_taken":0,"max_hp_gain":0,"max_hp_loss":0,"event_name":"Living Wall","floor":4,"gold_loss":0,"cards_upgraded":["Poisoned Stab"]},{"damage_healed":0,"gold_gain":0,"player_choice":"Success","damage_taken":7,"relics_obtained":["StoneCalendar"],"max_hp_gain":0,"max_hp_loss":0,"event_name":"Scrap Ooze","floor":5,"gold_loss":0},{"damage_healed":0,"gold_gain":0,"player_choice":"Entered Light","damage_taken":15,"max_hp_gain":0,"max_hp_loss":0,"event_name":"Shining Light","floor":14,"gold_loss":0,"cards_upgraded":["Strike_G","Dash"]},{"damage_healed":0,"gold_gain":0,"player_choice":"Ignored","damage_taken":0,"max_hp_gain":0,"max_hp_loss":0,"event_name":"Beggar","floor":20,"gold_loss":0},{"damage_healed":0,"gold_gain":99,"player_choice":"Stole From Cult","damage_taken":0,"max_hp_gain":0,"max_hp_loss":0,"event_name":"Nest","floor":21,"gold_loss":0},{"damage_healed":0,"gold_gain":0,"player_choice":"Ignored","damage_taken":0,"max_hp_gain":0,"max_hp_loss":0,"event_name":"The Mausoleum","floor":31,"gold_loss":0}],"is_beta":false,"boss_relics":[{"not_picked":["Coffee Dripper","Runic Dome"],"picked":"Snecko Eye"}],"items_purged_floors":[19],"is_endless":false,"potions_floor_spawned":[2,10,16,22,25,28,29],"killed_by":"Champ","ascension_level":12}