{"gold_per_floor":[368,368,16,33,49,49,62,76,101,133,133,153,153,169,169,268,268,255,255,290,300,24,49,49,60,105,125,141,141,158,177,177,277,277,288,15,34,49,64,64,77,77,77,92,92,124,124,34,34,34,34,34,34,61,61],"floor_reached":55,"playtime":3656,"items_purged":["Defend_G"],"score":825,"play_id":"bc6125d1-ccd8-4ad3-9311-25a7f2edd22f","local_time":"20190608010405","is_ascension_mode":false,"campfire_choices":[{"data":"Footwork","floor":6,"key":"SMITH"},{"data":"Footwork","floor":13,"key":"SMITH"},{"data":"Noxious Fumes","floor":15,"key":"SMITH"},{"floor":29,"key":"REST"},{"floor":32,"key":"REST"},{"data":"Catalyst","floor":40,"key":"SMITH"},{"data":"Caltrops","floor":42,"key":"SMITH"},{"data":"Caltrops","floor":45,"key":"SMITH"},{"data":"Neutralize","floor":47,"key":"SMITH"},{"floor":49,"key":"RECALL"},{"data":"Neutralize","floor":52,"key":"SMITH"}],"neow_cost":"PERCENT_DAMAGE","seed_source_timestamp":1053232165557900,"circlet_count":0,"master_deck":["Defend_G","Defend_G","Defend_G","Defend_G","Strike_G","Survivor","Neutralize+1","Cloak And Dagger","Bullet Time","Neutralize+1","Dash","Deadly Poison","Noxious Fumes+1","Footwork+1","Footwork+1","Dagger Spray+1","Unload","Glass Knife+1","Deflect+1","Noxious Fumes","Deflect+1","Caltrops+1","Caltrops+1","Die Die Die+1","Catalyst+1","Crippling Poison+1","Deadly Poison","Malaise","PiercingWail+1","Adrenaline","Noxious Fumes+1"],"relics":["Ring of the Serpent","Singing Bowl","Strawberry","Boot","Empty Cage","Red Mask","Membership Card","Vajra","Happy Flower","Potion Belt","Meat on the Bone","Torii","Snake Skull","Whetstone"],"potions_floor_usage":[20,23,23,23,33,33,41,50,50],"damage_taken":[{"damage":0,"enemies":"Jaw Worm","floor":1,"turns":5},{"damage":0,"enemies":"Cultist","floor":4,"turns":3},{"damage":0,"enemies":"Small Slimes","floor":5,"turns":4},{"damage":0,"enemies":"Exordium Wildlife","floor":7,"turns":6},{"damage":0,"enemies":"3 Louse","floor":8,"turns":4},{"damage":0,"enemies":"Lagavulin","floor":10,"turns":10},{"damage":2,"enemies":"Gremlin Gang","floor":12,"turns":3},{"damage":0,"enemies":"Looter","floor":14,"turns":4},{"damage":0,"enemies":"Hexaghost","floor":16,"turns":12},{"damage":3,"enemies":"2 Thieves","floor":18,"turns":5},{"damage":23,"enemies":"Masked Bandits","floor":20,"turns":4},{"damage":10,"enemies":"3 Byrds","floor":21,"turns":4},{"damage":21,"enemies":"Slavers","floor":23,"turns":5},{"damage":0,"enemies":"3 Cultists","floor":25,"turns":5},{"damage":2,"enemies":"Shelled Parasite and Fungi","floor":27,"turns":7},{"damage":3,"enemies":"Snake Plant","floor":28,"turns":3},{"damage":4,"enemies":"Centurion and Healer","floor":30,"turns":6},{"damage":5,"enemies":"Snecko","floor":31,"turns":6},{"damage":24,"enemies":"Collector","floor":33,"turns":10},{"damage":37,"enemies":"3 Darklings","floor":35,"turns":5},{"damage":2,"enemies":"Orb Walker","floor":37,"turns":5},{"damage":9,"enemies":"3 Darklings","floor":38,"turns":5},{"damage":6,"enemies":"4 Shapes","floor":39,"turns":6},{"damage":9,"enemies":"Maw","floor":41,"turns":8},{"damage":1,"enemies":"Sphere and 2 Shapes","floor":44,"turns":5},{"damage":9,"enemies":"Reptomancer","floor":46,"turns":7},{"damage":31,"enemies":"Donu and Deca","floor":50,"turns":8},{"damage":44,"enemies":"Shield and Spear","floor":54,"turns":7},{"damage":77,"enemies":"The Heart","floor":55,"turns":5}],"seed_played":"1453036422672698104","potions_obtained":[{"floor":7,"key":"Energy Potion"},{"floor":10,"key":"Energy Potion"},{"floor":14,"key":"FearPotion"},{"floor":21,"key":"FearPotion"},{"floor":27,"key":"Fire Potion"},{"floor":31,"key":"Weak Potion"},{"floor":38,"key":"Fire Potion"},{"floor":44,"key":"Poison Potion"},{"floor":46,"key":"SkillPotion"}],"is_trial":false,"path_per_floor":["M","?","$","M","M","R","M","M","T","E","?","M","R","M","R","B",null,"M","?","?","M","$","E","?","M","T","M","M","R","M","M","R","B",null,"M","$","M","M","M","R","M","R","T","M","R","E","R","?","R","B",null,"R","$","E","B"],"character_chosen":"THE_SILENT","items_purchased":["Singing Bowl","Dash","Deadly Poison","Membership Card","Caltrops","Meat on the Bone","Torii"],"campfire_rested":2,"item_purchase_floors":[3,3,3,22,22,36,36],"current_hp_per_floor":[49,49,49,49,49,49,49,49,56,58,51,49,49,49,49,49,79,76,61,38,28,28,7,7,7,7,5,2,27,25,20,45,21,86,51,51,49,54,50,50,53,53,53,54,54,57,57,57,57,38,94,94,94,52,0],"gold":61,"neow_bonus":"TWO_FIFTY_GOLD","is_prod":false,"is_daily":false,"chose_seed":false,"campfire_upgraded":8,"win_rate":0,"timestamp":1559981045,"path_taken":["M","?","$","?","M","R","M","M","T","E","?","M","R","M","R","BOSS","M","?","?","M","$","E","?","M","T","?","M","R","M","M","R","BOSS","M","$","M","M","M","R","M","R","T","M","R","E","R","?","R","BOSS","R","$","E","BOSS"],"build_version":"2019-01-23","purchased_purges":1,"victory":false,"max_hp_per_floor":[70,70,70,70,70,70,70,70,77,79,79,79,79,79,79,79,79,79,84,84,84,84,84,84,84,84,84,84,84,86,86,86,86,86,88,88,88,90,92,92,92,92,92,94,94,94,94,94,94,94,94,94,94,96,96],"card_choices":[{"not_picked":["Flying Knee","Infinite Blades"],"picked":"Cloak And Dagger","floor":1},{"not_picked":["Concentrate","Outmaneuver"],"picked":"Noxious Fumes","floor":4},{"not_picked":["Escape Plan","Riddle With Holes"],"picked":"Footwork","floor":5},{"not_picked":["Cloak And Dagger","Prepared"],"picked":"Footwork","floor":7},{"not_picked":["Distraction","Outmaneuver"],"picked":"Dagger Spray","floor":8},{"not_picked":["Flying Knee","Slice","Prepared"],"picked":"Singing Bowl","floor":10},{"not_picked":["Poisoned Stab","Prepared"],"picked":"Blur","floor":12},{"not_picked":["Eviscerate","Outmaneuver"],"picked":"Unload","floor":14},{"not_picked":["Storm of Steel","Tools of the Trade"],"picked":"Glass Knife","floor":16},{"not_picked":["Acrobatics","Poisoned Stab"],"picked":"Deflect+1","floor":18},{"not_picked":["Choke+1","Bane"],"picked":"Noxious Fumes","floor":20},{"not_picked":["Sucker Punch+1","Masterful Stab"],"picked":"Deflect+1","floor":21},{"not_picked":["Deadly Poison","Footwork"],"picked":"Caltrops","floor":23},{"not_picked":["Flechettes+1","Slice"],"picked":"Die Die Die","floor":25},{"not_picked":["Slice","Prepared"],"picked":"Catalyst","floor":27},{"not_picked":["Sucker Punch","Blade Dance"],"picked":"Crippling Poison+1","floor":28},{"not_picked":["Acrobatics","Blade Dance","Cloak And Dagger"],"picked":"Singing Bowl","floor":30},{"not_picked":["Dagger Spray","Dagger Throw"],"picked":"Deadly Poison","floor":31},{"not_picked":["Venomology","Unload"],"picked":"Malaise","floor":33},{"not_picked":["Deadly Poison+1","Backflip","Acrobatics+1"],"picked":"Singing Bowl","floor":35},{"not_picked":["Quick Slash+1","Dagger Spray"],"picked":"PiercingWail+1","floor":37},{"not_picked":["Prepared","Reflex","Endless Agony+1"],"picked":"Singing Bowl","floor":38},{"not_picked":["Backflip","Prepared","Poisoned Stab+1"],"picked":"Singing Bowl","floor":39},{"not_picked":["Dodge and Roll+1","PiercingWail+1"],"picked":"Adrenaline","floor":41},{"not_picked":["Dagger Spray","Endless Agony","Terror+1"],"picked":"Singing Bowl","floor":44},{"not_picked":["Prepared","Poisoned Stab"],"picked":"Noxious Fumes+1","floor":46},{"not_picked":["Tactician","Slice","Infinite Blades"],"picked":"Singing Bowl","floor":54}],"player_experience":537440,"relics_obtained":[{"floor":9,"key":"Strawberry"},{"floor":10,"key":"Boot"},{"floor":20,"key":"Red Mask"},{"floor":23,"key":"Vajra"},{"floor":26,"key":"Potion Belt"},{"floor":46,"key":"Snake Skull"},{"floor":54,"key":"Whetstone"}],"event_choices":[{"damage_healed":0,"gold_gain":0,"player_choice":"2 cards matched","damage_taken":0,"max_hp_gain":0,"max_hp_loss":0,"event_name":"Match and Keep!","floor":2,"gold_loss":0,"cards_obtained":["Bullet Time","Neutralize"]},{"damage_healed":0,"gold_gain":0,"player_choice":"2 cards matched","damage_taken":0,"max_hp_gain":0,"max_hp_loss":0,"event_name":"Match and Keep!","floor":2,"gold_loss":0,"cards_obtained":["Bullet Time","Neutralize"]},{"cards_removed":["Strike_G"],"damage_healed":0,"gold_gain":0,"player_choice":"Card Removal","damage_taken":7,"max_hp_gain":0,"max_hp_loss":0,"event_name":"Golden Wing","floor":11,"gold_loss":0},{"damage_healed":0,"gold_gain":0,"player_choice":"Shed Blood","damage_taken":20,"max_hp_gain":5,"max_hp_loss":0,"event_name":"Forgotten Altar","floor":19,"gold_loss":0},{"damage_healed":0,"gold_gain":0,"player_choice":"Fought Bandits","damage_taken":0,"max_hp_gain":0,"max_hp_loss":0,"event_name":"Masked Bandits","floor":20,"gold_loss":0},{"cards_removed":["Blur"],"damage_healed":0,"gold_gain":0,"player_choice":"Gave Card","damage_taken":0,"relics_obtained":["Happy Flower"],"max_hp_gain":0,"max_hp_loss":0,"event_name":"WeMeetAgain","floor":24,"gold_loss":0},{"cards_removed":["Strike_G"],"damage_healed":0,"gold_gain":0,"player_choice":"Upgrade and Remove","damage_taken":0,"max_hp_gain":0,"max_hp_loss":0,"event_name":"Designer","floor":48,"gold_loss":90,"cards_upgraded":["Glass Knife"]}],"is_beta":false,"boss_relics":[{"not_picked":["Ectoplasm","Calling Bell"],"picked":"Empty Cage"},{"not_picked":["Fusion Hammer","Runic Pyramid"],"picked":"Ring of the Serpent"}],"items_purged_floors":[22],"is_endless":false,"potions_floor_spawned":[7,10,14,16,18,21,27,31,38,44,46],"killed_by":"The Heart","ascension_level":0}