{"gold_per_floor":[114,114,114,114,79,110,110,5,74,74,4,4,14,14,14,112,112,128,141,141,160,160,160,173,173],"floor_reached":25,"playtime":1785,"items_purged":[],"score":286,"play_id":"f43bba51-168a-41b6-99f6-cad969f55fdc","local_time":"20180914143712","is_ascension_mode":true,"campfire_choices":[{"floor":7,"key":"REST"},{"data":"Footwork","floor":10,"key":"SMITH"},{"data":"Neutralize","floor":12,"key":"SMITH"},{"floor":15,"key":"REST"},{"floor":23,"key":"REST"}],"neow_cost":"","seed_source_timestamp":154898220653219,"circlet_count":0,"master_deck":["Defend_G","Defend_G","Defend_G","Defend_G","Defend_G","Strike_G","Strike_G","Strike_G+1","Strike_G","Strike_G","Survivor","Neutralize","Dash","Slice","Dark Shackles+1","Neutralize+1","PiercingWail","Footwork+1","Backstab","Blur","Catalyst","Venomology","Shame","Clumsy","Injury","Cloak And Dagger","Blur","Writhe","Cloak And Dagger","Footwork","Dodge and Roll"],"relics":["Ring of the Snake","Bag of Preparation","Pear","Sundial","Calling Bell","Happy Flower","Letter Opener","Calipers","Bird Faced Urn"],"potions_floor_usage":[6,16,19,21,21,21,25],"damage_taken":[{"damage":5,"enemies":"Cultist","floor":1,"turns":5},{"damage":22,"enemies":"3 Sentries","floor":6,"turns":11},{"damage":0,"enemies":"2 Louse","floor":13,"turns":2},{"damage":43,"enemies":"The Guardian","floor":16,"turns":22},{"damage":3,"enemies":"3 Byrds","floor":18,"turns":8},{"damage":13,"enemies":"Chosen","floor":19,"turns":8},{"damage":39,"enemies":"Centurion and Healer","floor":21,"turns":15},{"damage":17,"enemies":"Snake Plant","floor":24,"turns":12},{"damage":46,"enemies":"3 Cultists","floor":25,"turns":7}],"seed_played":"-7159661277342051697","potions_obtained":[{"floor":1,"key":"Block Potion"},{"floor":6,"key":"SteroidPotion"},{"floor":18,"key":"Swift Potion"},{"floor":19,"key":"PowerPotion"}],"is_trial":false,"path_per_floor":["M","?","?","?","?","E","R","$","T","R","$","R","M","?","R","B",null,"M","M","?","M","?","R","M"],"character_chosen":"THE_SILENT","items_purchased":["Footwork","Backstab","Blur"],"campfire_rested":3,"item_purchase_floors":[8,8,11],"current_hp_per_floor":[58,58,58,58,70,58,80,80,80,80,80,80,80,64,80,37,69,66,53,53,18,18,42,29,0],"gold":173,"neow_bonus":"","is_prod":false,"is_daily":false,"chose_seed":false,"campfire_upgraded":2,"win_rate":0,"timestamp":1536950232,"path_taken":["M","?","?","?","?","E","R","$","T","R","$","R","M","?","R","BOSS","M","M","?","?","?","R","M","?"],"build_version":"2018-09-06","purchased_purges":0,"victory":false,"max_hp_per_floor":[70,70,70,70,70,80,80,80,80,80,80,80,80,80,80,80,80,80,80,80,80,80,80,80,80],"card_choices":[{"not_picked":["Caltrops","Blade Dance"],"picked":"Dash","floor":1},{"not_picked":["Blade Dance","Flying Knee"],"picked":"PiercingWail","floor":6},{"not_picked":["Masterful Stab","Outmaneuver"],"picked":"Catalyst","floor":13},{"not_picked":["Storm of Steel","Wraith Form v2"],"picked":"Venomology","floor":16},{"not_picked":["Masterful Stab","Outmaneuver"],"picked":"Cloak And Dagger","floor":18},{"not_picked":["Backstab","Expertise"],"picked":"Blur","floor":19},{"not_picked":["Deadly Poison","Endless Agony"],"picked":"Cloak And Dagger","floor":21},{"not_picked":["Acrobatics","Deadly Poison"],"picked":"Dodge and Roll","floor":24}],"player_experience":187768,"relics_obtained":[{"floor":6,"key":"Pear"},{"floor":9,"key":"Sundial"},{"floor":17,"key":"Happy Flower"},{"floor":17,"key":"Letter Opener"},{"floor":17,"key":"Calipers"}],"event_choices":[{"event_name":"Big Fish","player_choice":"Box","floor":2,"damage_taken":0},{"event_name":"Fountain of Cleansing","player_choice":"Removed Curse","floor":3,"damage_taken":0},{"event_name":"Match and Keep!","player_choice":"3 cards matched","floor":4,"damage_taken":0},{"event_name":"The Cleric","player_choice":"Healed","floor":5,"damage_taken":0},{"event_name":"Shining Light","player_choice":"Entered Light","floor":14,"damage_taken":0},{"event_name":"The Mausoleum","player_choice":"Yes","floor":20,"damage_taken":0},{"event_name":"The Library","player_choice":"Read","floor":22,"damage_taken":0}],"is_beta":false,"boss_relics":[{"not_picked":["Sozu","Velvet Choker"],"picked":"Calling Bell"}],"items_purged_floors":[],"is_endless":false,"potions_floor_spawned":[1,6,18,19],"killed_by":"3 Cultists","ascension_level":9}