{"gold_per_floor":[111,130,30,30,49,83,83,124,124,124,124,140,7,46,46,176,176,199,324,239,263,282,318,318,332,409,409,427,427,471,495,495,626,626,647,647,663,42,58,58,96,117,143,167,180,180,216,239,239,239,239,239,6,39,39],"floor_reached":56,"playtime":10949,"items_purged":["Strike_G"],"score":1714,"play_id":"9090978b-2083-4824-bd24-398d79cdcdf1","local_time":"20181223212413","is_ascension_mode":true,"campfire_choices":[{"floor":7.0,"key":"REST"},{"floor":10.0,"key":"REST"},{"data":"Leg Sweep","floor":15.0,"key":"SMITH"},{"floor":24.0,"key":"REST"},{"floor":27.0,"key":"REST"},{"floor":32.0,"key":"REST"},{"floor":40.0,"key":"RECALL"},{"floor":46.0,"key":"REST"},{"floor":49.0,"key":"REST"},{"floor":52.0,"key":"REST"}],"neow_cost":"NONE","seed_source_timestamp":943188715413615,"circlet_count":0,"master_deck":["Defend_G","Defend_G","Defend_G","Defend_G","Defend_G","Strike_G","Strike_G","Strike_G","Survivor","Neutralize","Cloak And Dagger","Cloak And Dagger","Sucker Punch","Dash","Prepared","A Thousand Cuts","Leg Sweep+1","Caltrops","Backstab","Adrenaline","Leg Sweep","Crippling Poison+1","Backflip+1","Footwork","Tools of the Trade","Flechettes","Leg Sweep+1","Crippling Poison+1","Cloak And Dagger+1","Heel Hook+1","Caltrops+1","Caltrops","After Image","Cloak And Dagger+1","Backflip+1","Cloak And Dagger+1","Caltrops","Terror+1","Cloak And Dagger+1","Crippling Poison+1","Predator+1","Escape Plan+1","Backflip+1","Parasite","Prepared+1","Envenom","Cloak And Dagger+1","Blade Dance+1","Wraith Form v2","Footwork","Bouncing Flask+1","Noxious Fumes","Blade Dance+1","Well Laid Plans"],"special_seed":0,"relics":["Philosopher\u0027s Stone","Golden Idol","Pear","Gambling Chip","Unceasing Top","Blood Vial","Black Star","Prayer Wheel","Toxic Egg 2","Art of War","Tingsha","Calipers","Question Card","Kunai","Paper Crane","Fusion Hammer","Letter Opener","Meat on the Bone","TheAbacus","Bird Faced Urn","Bag of Preparation","Pantograph","Bag of Marbles","Snake Skull","Pen Nib","Bottled Flame"],"potions_floor_usage":[55,55],"damage_taken":[{"damage":0.0,"enemies":"Cultist","floor":1.0,"turns":4.0},{"damage":0.0,"enemies":"2 Louse","floor":2.0,"turns":4.0},{"damage":0.0,"enemies":"Jaw Worm","floor":5.0,"turns":4.0},{"damage":10.0,"enemies":"Lagavulin","floor":6.0,"turns":8.0},{"damage":37.0,"enemies":"3 Sentries","floor":8.0,"turns":15.0},{"damage":8.0,"enemies":"Exordium Thugs","floor":12.0,"turns":5.0},{"damage":9.0,"enemies":"Lagavulin","floor":14.0,"turns":9.0},{"damage":24.0,"enemies":"Slime Boss","floor":16.0,"turns":14.0},{"damage":0.0,"enemies":"Shell Parasite","floor":18.0,"turns":8.0},{"damage":5.0,"enemies":"Colosseum Slavers","floor":19.0,"turns":6.0},{"damage":47.0,"enemies":"Colosseum Nobs","floor":19.0,"turns":8.0},{"damage":6.0,"enemies":"3 Byrds","floor":21.0,"turns":4.0},{"damage":8.0,"enemies":"Snake Plant","floor":22.0,"turns":5.0},{"damage":30.0,"enemies":"Gremlin Leader","floor":23.0,"turns":12.0},{"damage":0.0,"enemies":"Cultist and Chosen","floor":25.0,"turns":6.0},{"damage":14.0,"enemies":"Snecko","floor":28.0,"turns":6.0},{"damage":13.0,"enemies":"Book of Stabbing","floor":30.0,"turns":7.0},{"damage":19.0,"enemies":"Sentry and Sphere","floor":31.0,"turns":7.0},{"damage":11.0,"enemies":"Collector","floor":33.0,"turns":13.0},{"damage":3.0,"enemies":"Orb Walker","floor":35.0,"turns":4.0},{"damage":0.0,"enemies":"3 Shapes","floor":37.0,"turns":5.0},{"damage":1.0,"enemies":"Sphere and 2 Shapes","floor":39.0,"turns":5.0},{"damage":0.0,"enemies":"Nemesis","floor":41.0,"turns":8.0},{"damage":0.0,"enemies":"Spire Growth","floor":42.0,"turns":4.0},{"damage":9.0,"enemies":"Writhing Mass","floor":44.0,"turns":7.0},{"damage":0.0,"enemies":"Jaw Worm Horde","floor":45.0,"turns":4.0},{"damage":0.0,"enemies":"Reptomancer","floor":47.0,"turns":7.0},{"damage":3.0,"enemies":"Maw","floor":48.0,"turns":7.0},{"damage":0.0,"enemies":"Awakened One","floor":50.0,"turns":19.0},{"damage":10.0,"enemies":"Shield and Spear","floor":54.0,"turns":6.0},{"damage":84,"enemies":"The Heart","floor":55,"turns":9}],"seed_played":"2991179463174080623","potions_obtained":[{"floor":5.0,"key":"Fire Potion"},{"floor":6.0,"key":"GamblersBrew"},{"floor":14.0,"key":"Block Potion"},{"floor":16.0,"key":"Swift Potion"},{"floor":18.0,"key":"Poison Potion"},{"floor":19.0,"key":"Poison Potion"},{"floor":21.0,"key":"Ancient Potion"},{"floor":22.0,"key":"Regen Potion"},{"floor":33.0,"key":"FearPotion"},{"floor":37.0,"key":"Fire Potion"},{"floor":39.0,"key":"Explosive Potion"},{"floor":41.0,"key":"EssenceOfSteel"},{"floor":48.0,"key":"SkillPotion"}],"is_trial":false,"path_per_floor":["M","M","$","?","M","E","R","E","T","R","?","M","$","E","R","B",null,"M","?","?","M","M","E","R","M","T","R","M","?","E","M","R","B",null,"M","?","M","$","M","R","E","M","T","M","M","R","E","M","R","B",null,"R","$","E","B",null],"character_chosen":"THE_SILENT","items_purchased":["Sucker Punch","Caltrops","Dexterity Potion","Meat on the Bone","Caltrops","TheAbacus","Terror+1","Cloak And Dagger+1","Snake Skull","Noxious Fumes","Blade Dance+1"],"campfire_rested":8,"item_purchase_floors":[3,13,13,38,38,38,38,38,53,53,53],"current_hp_per_floor":[70,70,70,53,53,53,77,40,40,64,57,49,49,40,40,18,80,80,30,30,26,20,7,31,33,33,57,45,71,60,43,67,58,80,77,77,79,79,79,79,80,80,80,75,80,80,80,80,80,80,80,80,80,80,30],"gold":39,"neow_bonus":"BOSS_RELIC","is_prod":false,"is_daily":false,"chose_seed":false,"campfire_upgraded":1,"win_rate":0,"timestamp":1545618253,"path_taken":["M","?","$","?","M","E","R","E","T","R","?","?","?","E","R","BOSS","M","?","?","M","M","E","R","M","T","R","M","?","E","M","R","BOSS","M","?","M","$","M","R","E","M","T","M","M","R","E","?","R","BOSS","R","$","E","BOSS"],"build_version":"2018-12-20","purchased_purges":1,"victory":true,"max_hp_per_floor":[70,70,70,70,70,80,80,80,80,80,80,80,80,80,80,80,80,80,80,80,80,80,80,80,80,80,80,80,80,80,80,80,80,80,80,80,80,80,80,80,80,80,80,80,80,80,80,80,80,80,80,80,80,80,80],"card_choices":[{"not_picked":["Blade Dance","Predator"],"picked":"Cloak And Dagger","floor":1.0},{"not_picked":["Deflect","Dodge and Roll"],"picked":"Cloak And Dagger","floor":2.0},{"not_picked":["Blur","Prepared"],"picked":"Dash","floor":5.0},{"not_picked":["Tactician","All Out Attack"],"picked":"Prepared","floor":6.0},{"not_picked":["Well Laid Plans","Dagger Throw"],"picked":"A Thousand Cuts","floor":8.0},{"not_picked":["Infinite Blades","Blade Dance"],"picked":"Leg Sweep","floor":12.0},{"not_picked":["Outmaneuver","Prepared"],"picked":"Backstab","floor":14.0},{"not_picked":["Doppelganger","A Thousand Cuts"],"picked":"Adrenaline","floor":16.0},{"not_picked":["Deflect","Flechettes"],"picked":"Leg Sweep","floor":18.0},{"not_picked":["Flying Knee","Dagger Throw"],"picked":"Crippling Poison","floor":19.0},{"not_picked":["Dodge and Roll+1","Expertise+1"],"picked":"Backflip+1","floor":21.0},{"not_picked":["Slice","Blade Dance+1","Flying Knee+1"],"picked":"SKIP","floor":21.0},{"not_picked":["Slice","Finisher"],"picked":"Footwork","floor":22.0},{"not_picked":["Outmaneuver+1","Masterful Stab","Dagger Spray"],"picked":"SKIP","floor":22.0},{"not_picked":["Outmaneuver+1","Flechettes"],"picked":"Tools of the Trade","floor":23.0},{"not_picked":["Outmaneuver+1","Endless Agony"],"picked":"Flechettes","floor":25.0},{"not_picked":["Dash","Bouncing Flask+1"],"picked":"Leg Sweep+1","floor":25.0},{"not_picked":["Deflect+1","Distraction+1","Deadly Poison+1"],"picked":"Crippling Poison+1","floor":28.0},{"not_picked":["Blade Dance+1","Sucker Punch+1","A Thousand Cuts"],"picked":"Cloak And Dagger+1","floor":28.0},{"not_picked":["Skewer","Expertise+1","Dodge and Roll+1"],"picked":"Heel Hook+1","floor":30.0},{"not_picked":["Underhanded Strike","Bane","Poisoned Stab+1"],"picked":"Caltrops+1","floor":31.0},{"not_picked":["Setup+1","Deadly Poison+1","Quick Slash"],"picked":"Caltrops","floor":31.0},{"not_picked":["Burst+1","Envenom","Doppelganger+1"],"picked":"After Image","floor":33.0},{"not_picked":["Flying Knee+1","Acrobatics+1","Reflex+1"],"picked":"Cloak And Dagger+1","floor":35.0},{"not_picked":["Flying Knee","Deadly Poison+1","Quick Slash","Slice+1"],"picked":"SKIP","floor":35.0},{"not_picked":["Infinite Blades","Finisher+1","Dodge and Roll+1"],"picked":"Backflip+1","floor":37.0},{"not_picked":["Quick Slash+1","Dodge and Roll+1","Flying Knee+1"],"picked":"Cloak And Dagger+1","floor":37.0},{"not_picked":["Slice+1","Bullet Time+1","Dodge and Roll+1"],"picked":"Crippling Poison+1","floor":39.0},{"not_picked":["Deflect+1","Expertise+1","Dodge and Roll+1","PiercingWail+1"],"picked":"SKIP","floor":39.0},{"not_picked":["Underhanded Strike","All Out Attack+1","Slice+1"],"picked":"Predator+1","floor":41.0},{"not_picked":["Bane+1","Setup+1","Dodge and Roll+1"],"picked":"Escape Plan+1","floor":42.0},{"not_picked":["Calculated Gamble+1","Dagger Spray+1","Dagger Throw+1"],"picked":"Backflip+1","floor":42.0},{"not_picked":["Flechettes+1","Acrobatics+1","Endless Agony"],"picked":"Prepared+1","floor":44.0},{"not_picked":["Quick Slash+1","Blade Dance+1","Dodge and Roll+1"],"picked":"Envenom","floor":44.0},{"not_picked":["Dagger Throw","Sucker Punch","Prepared+1"],"picked":"Cloak And Dagger+1","floor":45.0},{"not_picked":["Bouncing Flask+1","Acrobatics+1","Backflip+1"],"picked":"Blade Dance+1","floor":45.0},{"not_picked":["Dagger Spray+1","Quick Slash+1","Poisoned Stab+1"],"picked":"Wraith Form v2","floor":47.0},{"not_picked":["Bane","Accuracy","Cloak And Dagger+1"],"picked":"Footwork","floor":48.0},{"not_picked":["Crippling Poison+1","Terror+1","Prepared+1"],"picked":"Bouncing Flask+1","floor":48.0},{"not_picked":["Deadly Poison+1","Dodge and Roll+1","Outmaneuver+1"],"picked":"Well Laid Plans","floor":54.0}],"player_experience":430978,"relics_obtained":[{"floor":6.0,"key":"Pear"},{"floor":8.0,"key":"Gambling Chip"},{"floor":9.0,"key":"Unceasing Top"},{"floor":14.0,"key":"Blood Vial"},{"floor":19.0,"key":"Prayer Wheel"},{"floor":19.0,"key":"Toxic Egg 2"},{"floor":23.0,"key":"Tingsha"},{"floor":23.0,"key":"Calipers"},{"floor":26.0,"key":"Question Card"},{"floor":30.0,"key":"Kunai"},{"floor":30.0,"key":"Paper Crane"},{"floor":41.0,"key":"Bird Faced Urn"},{"floor":41.0,"key":"Bag of Preparation"},{"floor":47.0,"key":"Pantograph"},{"floor":47.0,"key":"Bag of Marbles"},{"floor":54.0,"key":"Pen Nib"},{"floor":54.0,"key":"Bottled Flame"}],"event_choices":[{"damage_healed":0.0,"max_hp_gain":0.0,"max_hp_loss":0.0,"gold_gain":0.0,"event_name":"Golden Idol","player_choice":"Take Damage","floor":4.0,"gold_loss":0.0,"damage_taken":17.0,"relics_obtained":["Golden Idol"]},{"cards_removed":["Strike_G"],"damage_healed":0.0,"max_hp_gain":0.0,"max_hp_loss":0.0,"gold_gain":0.0,"event_name":"Golden Wing","player_choice":"Card Removal","floor":11.0,"gold_loss":0.0,"damage_taken":7.0},{"damage_healed":0.0,"max_hp_gain":0.0,"max_hp_loss":0.0,"gold_gain":0.0,"event_name":"Colosseum","player_choice":"Fight","floor":19.0,"gold_loss":0.0,"damage_taken":0.0},{"damage_healed":0.0,"max_hp_gain":0.0,"max_hp_loss":0.0,"gold_gain":0.0,"event_name":"Colosseum","player_choice":"Fought Nobs","floor":19.0,"gold_loss":0.0,"damage_taken":0.0},{"damage_healed":0.0,"max_hp_gain":0.0,"max_hp_loss":0.0,"gold_gain":0.0,"event_name":"Addict","player_choice":"Obtained Relic","floor":20.0,"gold_loss":85.0,"damage_taken":0.0,"relics_obtained":["Art of War"]},{"damage_healed":26.0,"max_hp_gain":0.0,"max_hp_loss":0.0,"gold_gain":0.0,"event_name":"The Library","player_choice":"Heal","floor":29.0,"gold_loss":0.0,"damage_taken":0.0},{"damage_healed":0.0,"max_hp_gain":0.0,"max_hp_loss":0.0,"gold_gain":0.0,"event_name":"WeMeetAgain","player_choice":"Gave Potion","floor":36.0,"gold_loss":0.0,"damage_taken":0.0,"relics_obtained":["Letter Opener"]}],"is_beta":false,"boss_relics":[{"not_picked":["Lizard Tail","Cursed Key"],"picked":"Black Star"},{"not_picked":["HoveringKite","Orrery"],"picked":"Fusion Hammer"}],"items_purged_floors":[3],"is_endless":false,"potions_floor_spawned":[5,6,14,16,18,19,21,22,33,37,39,41,48],"ascension_level":4}