{"gold_per_floor":[109,125,28,103,4,33,33,49,49,49,49,49,199,234,234,234],"floor_reached":16,"playtime":483,"items_purged":[],"score":196,"play_id":"f0a727d2-9623-40c8-9ae0-146d903b9f48","local_time":"20190508024322","is_ascension_mode":true,"campfire_choices":[{"floor":7,"key":"REST"},{"data":"Entrench","floor":11,"key":"SMITH"},{"floor":15,"key":"REST"}],"neow_cost":"NONE","seed_source_timestamp":336293078984000,"circlet_count":0,"master_deck":["AscendersBane","Strike_R","Strike_R+1","Strike_R+1","Strike_R","Strike_R","Defend_R","Defend_R","Defend_R","Defend_R","Bash","Juggernaut","Armaments","Body Slam","PanicButton","Feel No Pain","Shrug It Off","Entrench+1","Doubt","Headbutt"],"relics":["Burning Blood","Darkstone Periapt","Singing Bowl","Whetstone"],"potions_floor_usage":[14,16,16],"damage_taken":[{"damage":11,"enemies":"Jaw Worm","floor":1,"turns":4},{"damage":13,"enemies":"Small Slimes","floor":2,"turns":4},{"damage":35,"enemies":"Lagavulin","floor":6,"turns":5},{"damage":0,"enemies":"2 Louse","floor":8,"turns":3},{"damage":28,"enemies":"Gremlin Nob","floor":14,"turns":4},{"damage":47,"enemies":"Hexaghost","floor":16,"turns":12}],"seed_played":"-3318469462979041696","potions_obtained":[{"floor":2,"key":"Block Potion"},{"floor":8,"key":"LiquidBronze"},{"floor":14,"key":"AttackPotion"}],"is_trial":false,"path_per_floor":["M","M","$","?","$","E","R","M","T","?","R","?","?","E","R","B"],"character_chosen":"IRONCLAD","items_purchased":["PanicButton","Feel No Pain","Shrug It Off"],"campfire_rested":2,"item_purchase_floors":[3,5,5],"current_hp_per_floor":[63,56,56,45,45,16,38,44,44,44,44,39,45,23,47,0],"gold":234,"neow_bonus":"ONE_RANDOM_RARE_CARD","is_prod":false,"is_daily":false,"chose_seed":false,"campfire_upgraded":1,"win_rate":0,"timestamp":1557297802,"path_taken":["M","M","$","?","$","E","R","M","T","?","R","?","?","E","R","BOSS"],"build_version":"2019-01-23","purchased_purges":0,"victory":false,"max_hp_per_floor":[75,75,75,75,75,75,75,75,75,75,75,75,81,81,81,81],"card_choices":[{"not_picked":["Pommel Strike","Thunderclap"],"picked":"Armaments","floor":1},{"not_picked":["Perfected Strike","Intimidate"],"picked":"Body Slam","floor":2},{"not_picked":["Anger","Feed"],"picked":"Entrench","floor":6},{"not_picked":["Cleave","Second Wind","Inflame"],"picked":"SKIP","floor":8},{"not_picked":["Warcry","Dual Wield"],"picked":"Headbutt","floor":14}],"player_experience":429076,"relics_obtained":[{"floor":6,"key":"Darkstone Periapt"},{"floor":9,"key":"Singing Bowl"},{"floor":14,"key":"Whetstone"}],"event_choices":[{"damage_healed":0,"gold_gain":75,"player_choice":"Gather Gold","damage_taken":11,"max_hp_gain":0,"max_hp_loss":0,"event_name":"World of Goop","floor":4,"gold_loss":0},{"damage_healed":0,"gold_gain":0,"player_choice":"Ignored","damage_taken":0,"max_hp_gain":0,"max_hp_loss":0,"event_name":"Shining Light","floor":10,"gold_loss":0},{"damage_healed":0,"gold_gain":0,"player_choice":"Fled","damage_taken":5,"max_hp_gain":0,"max_hp_loss":0,"event_name":"Scrap Ooze","floor":12,"gold_loss":0},{"damage_healed":0,"gold_gain":150,"player_choice":"AGREE","damage_taken":0,"max_hp_gain":0,"max_hp_loss":0,"event_name":"Liars Game","floor":13,"gold_loss":0,"cards_obtained":["Doubt"]}],"is_beta":false,"boss_relics":[],"items_purged_floors":[],"is_endless":false,"potions_floor_spawned":[2,8,14],"killed_by":"Hexaghost","ascension_level":17}