{"gold_per_floor":[116,136,151,151,166,166,184,184,239,239,255,266,266,266,266,368,368,380,380,307,307,34,34,51,71,71,71,82,82],"floor_reached":29,"playtime":1084,"items_purged":["Strike_G"],"score":326,"play_id":"0ddc0252-b98d-42b8-8e60-0ac449a720e8","local_time":"20190331194125","is_ascension_mode":true,"campfire_choices":[{"data":"Neutralize","floor":6.0,"key":"SMITH"},{"data":"Dagger Spray","floor":8,"key":"SMITH"},{"data":"Dodge and Roll","floor":10,"key":"SMITH"},{"data":"Survivor","floor":15,"key":"SMITH"},{"data":"Infinite Blades","floor":23,"key":"SMITH"},{"floor":27,"key":"REST"}],"neow_cost":"NONE","seed_source_timestamp":0,"circlet_count":0,"master_deck":["AscendersBane","Defend_G","Defend_G","Defend_G","Defend_G","Defend_G","Strike_G","Strike_G","Strike_G","Survivor+1","Neutralize+1","Backflip","Dagger Spray+1","Dagger Throw","Dagger Throw","Calculated Gamble","Dodge and Roll+1","Flying Knee+1","Storm of Steel","Heel Hook+1","Accuracy","Infinite Blades+1","Cloak And Dagger","Flash of Steel","Infinite Blades"],"special_seed":0,"relics":["Ring of the Snake","Orichalcum","WristBlade","Sundial"],"potions_floor_usage":[12,16,16,16,16,16],"damage_taken":[{"damage":4.0,"enemies":"Small Slimes","floor":1.0,"turns":6.0},{"damage":8.0,"enemies":"Jaw Worm","floor":2.0,"turns":6.0},{"damage":0.0,"enemies":"2 Louse","floor":3.0,"turns":3.0},{"damage":0.0,"enemies":"Exordium Wildlife","floor":5.0,"turns":3.0},{"damage":6,"enemies":"2 Fungi Beasts","floor":7,"turns":3},{"damage":0,"enemies":"Blue Slaver","floor":11,"turns":4},{"damage":5,"enemies":"Exordium Wildlife","floor":12,"turns":4},{"damage":46,"enemies":"Slime Boss","floor":16,"turns":17},{"damage":0,"enemies":"3 Byrds","floor":18,"turns":4},{"damage":18,"enemies":"Shell Parasite","floor":24,"turns":5},{"damage":18,"enemies":"Centurion and Healer","floor":25,"turns":4},{"damage":28,"enemies":"Snecko","floor":28,"turns":6},{"damage":0,"enemies":"Shelled Parasite and Fungi","floor":29,"turns":1}],"seed_played":"-450912779643229359","potions_obtained":[{"floor":2.0,"key":"Regen Potion"},{"floor":5.0,"key":"EntropicBrew"},{"floor":11,"key":"AttackPotion"},{"floor":18,"key":"Ancient Potion"},{"floor":25,"key":"Weak Potion"}],"is_trial":false,"path_per_floor":["M","M","M","?","M","R","M","R","T","R","M","M","?","?","R","B",null,"M","?","$","?","$","R","M","M","T","R","M","M"],"character_chosen":"THE_SILENT","items_purchased":["Accuracy","Infinite Blades","Cloak And Dagger","Flash of Steel"],"campfire_rested":1,"item_purchase_floors":[20,22,22,22],"current_hp_per_floor":[59,51,51,44,44,44,38,38,38,38,38,45,45,50,50,4,57,57,57,57,43,43,43,25,7,7,31,3,3],"gold":82,"neow_bonus":"THREE_CARDS","is_prod":false,"is_daily":false,"chose_seed":false,"campfire_upgraded":5,"win_rate":0,"timestamp":1554075685,"path_taken":["M","M","M","?","M","R","M","R","T","R","M","M","?","?","R","BOSS","M","?","$","?","$","R","M","M","T","R","M","M"],"build_version":"2019-01-23","purchased_purges":1,"victory":false,"max_hp_per_floor":[70,70,70,70,70,70,70,70,70,70,70,70,70,75,75,75,75,75,75,75,80,80,80,80,80,80,80,80,80],"card_choices":[{"not_picked":["Quick Slash","Dagger Throw"],"picked":"Backflip","floor":0.0},{"not_picked":["Slice","Prepared"],"picked":"Dagger Spray","floor":1.0},{"not_picked":["Bane","Masterful Stab"],"picked":"Dagger Throw","floor":2.0},{"not_picked":["Bane","Phantasmal Killer"],"picked":"Dagger Throw","floor":3.0},{"not_picked":["Skewer","Predator"],"picked":"Calculated Gamble","floor":5.0},{"not_picked":["Tactician","Outmaneuver"],"picked":"Dodge and Roll","floor":7},{"not_picked":["Tactician","Reflex","Calculated Gamble"],"picked":"SKIP","floor":11},{"not_picked":["Dodge and Roll","Predator"],"picked":"Flying Knee","floor":12},{"not_picked":["Tools of the Trade","Night Terror"],"picked":"Storm of Steel","floor":16},{"not_picked":["PiercingWail","Underhanded Strike+1"],"picked":"Heel Hook+1","floor":18},{"not_picked":["Backflip+1","PiercingWail"],"picked":"Infinite Blades","floor":24},{"not_picked":["Corpse Explosion","Underhanded Strike","Prepared"],"picked":"SKIP","floor":25},{"not_picked":["Outmaneuver","Flying Knee","Dodge and Roll"],"picked":"SKIP","floor":28}],"player_experience":357258,"relics_obtained":[{"floor":9,"key":"Orichalcum"},{"floor":26,"key":"Sundial"}],"event_choices":[{"cards_removed":["Strike_G"],"damage_healed":0.0,"max_hp_gain":0.0,"max_hp_loss":0.0,"gold_gain":0.0,"event_name":"Golden Wing","player_choice":"Card Removal","floor":4.0,"gold_loss":0.0,"damage_taken":7.0},{"damage_healed":0,"gold_gain":0,"player_choice":"Grow","damage_taken":0,"max_hp_gain":0,"max_hp_loss":0,"event_name":"Living Wall","floor":13,"gold_loss":0,"cards_upgraded":["Flying Knee"]},{"damage_healed":0,"gold_gain":0,"player_choice":"Donut","damage_taken":0,"max_hp_gain":5,"max_hp_loss":0,"event_name":"Big Fish","floor":14,"gold_loss":0},{"damage_healed":0,"gold_gain":0,"player_choice":"Ignored","damage_taken":0,"max_hp_gain":0,"max_hp_loss":0,"event_name":"Vampires","floor":19,"gold_loss":0},{"damage_healed":0,"gold_gain":0,"player_choice":"Shed Blood","damage_taken":19,"max_hp_gain":5,"max_hp_loss":0,"event_name":"Forgotten Altar","floor":21,"gold_loss":0}],"is_beta":false,"boss_relics":[{"not_picked":["Runic Dome","Snecko Eye"],"picked":"WristBlade"}],"items_purged_floors":[22],"is_endless":false,"potions_floor_spawned":[2,5,11,18,25],"killed_by":"Shelled Parasite and Fungi","ascension_level":10}