{"gold_per_floor":[13,13,13,13,32,32,32,51,51,69,405,420,441,464,464,594,594,612,612,252,271,285,39,39,39],"floor_reached":25,"playtime":1955,"items_purged":["Strike_G","Strike_G"],"score":308,"play_id":"1697c2b6-d41e-43bc-9713-9ce1de4b2b20","local_time":"20190416012551","is_ascension_mode":true,"campfire_choices":[{"data":"Neutralize","floor":6,"key":"SMITH"},{"floor":15,"key":"REST"},{"floor":24,"key":"REST"}],"neow_cost":"NO_GOLD","seed_source_timestamp":175540396959035,"circlet_count":0,"master_deck":["AscendersBane","Defend_G","Defend_G","Defend_G","Defend_G","Defend_G","Strike_G","Strike_G","Strike_G","Survivor","Neutralize+1","A Thousand Cuts+1","Flechettes","Blade Dance","Calculated Gamble","Backflip","Envenom","Infinite Blades","Dodge and Roll"],"relics":["Ring of the Snake","The Specimen","Paper Crane","Golden Idol","Ninja Scroll","Old Coin","Busted Crown","Enchiridion","Question Card","Orichalcum"],"potions_floor_usage":[11,14,21,22,25],"damage_taken":[{"damage":2,"enemies":"Jaw Worm","floor":1,"turns":7},{"damage":0,"enemies":"2 Louse","floor":5,"turns":3},{"damage":4,"enemies":"Small Slimes","floor":8,"turns":4},{"damage":0,"enemies":"Red Slaver","floor":10,"turns":4},{"damage":18,"enemies":"Gremlin Nob","floor":11,"turns":4},{"damage":4,"enemies":"Exordium Thugs","floor":12,"turns":6},{"damage":0,"enemies":"2 Fungi Beasts","floor":13,"turns":3},{"damage":1,"enemies":"Looter","floor":14,"turns":3},{"damage":33,"enemies":"The Guardian","floor":16,"turns":17},{"damage":0,"enemies":"Chosen","floor":18,"turns":5},{"damage":14,"enemies":"2 Thieves","floor":21,"turns":4},{"damage":9,"enemies":"Shelled Parasite and Fungi","floor":22,"turns":7},{"damage":41,"enemies":"Book of Stabbing","floor":25,"turns":5}],"seed_played":"-4881787003932372602","potions_obtained":[{"floor":8,"key":"Ancient Potion"},{"floor":10,"key":"PowerPotion"},{"floor":11,"key":"Dexterity Potion"},{"floor":12,"key":"Swift Potion"},{"floor":13,"key":"Regen Potion"},{"floor":21,"key":"Fruit Juice"}],"is_trial":false,"path_per_floor":["M","?","?","?","M","R","?","M","T","M","E","M","M","M","R","B",null,"M","?","$","M","M","$","R","E"],"character_chosen":"THE_SILENT","items_purchased":["Infinite Blades","Question Card","Orichalcum"],"campfire_rested":2,"item_purchase_floors":[20,20,23],"current_hp_per_floor":[61,43,43,43,43,43,43,39,39,39,21,17,17,25,44,11,52,52,36,36,22,18,18,39,0],"gold":39,"neow_bonus":"ONE_RARE_RELIC","is_prod":false,"is_daily":false,"chose_seed":false,"campfire_upgraded":1,"win_rate":0,"timestamp":1555370751,"path_taken":["M","?","?","?","?","R","?","M","T","M","E","M","?","M","R","BOSS","M","?","?","M","M","$","R","E"],"build_version":"2019-01-23","purchased_purges":2,"victory":false,"max_hp_per_floor":[70,70,70,65,65,65,65,65,65,65,65,65,65,65,65,65,65,65,65,65,65,70,70,70,70],"card_choices":[{"not_picked":["Blade Dance","Riddle With Holes","Acrobatics"],"picked":"SKIP","floor":1},{"not_picked":["Slice","Reflex"],"picked":"A Thousand Cuts","floor":5},{"not_picked":["Distraction","Heel Hook"],"picked":"Flechettes","floor":8},{"not_picked":["Dagger Throw","Bane","Flechettes"],"picked":"SKIP","floor":10},{"not_picked":["Outmaneuver","Deadly Poison"],"picked":"Blade Dance","floor":11},{"not_picked":["Dagger Spray","Expertise"],"picked":"Calculated Gamble","floor":12},{"not_picked":["Prepared","Predator","Dagger Throw"],"picked":"SKIP","floor":13},{"not_picked":["Acrobatics","Calculated Gamble"],"picked":"Backflip","floor":14},{"not_picked":["Burst","Bullet Time"],"picked":"Envenom","floor":16},{"not_picked":["Dagger Spray"],"picked":"SKIP","floor":18},{"not_picked":["Poisoned Stab+1"],"picked":"Dodge and Roll","floor":21},{"not_picked":["Dagger Spray+1","Prepared"],"picked":"SKIP","floor":22}],"player_experience":445632,"relics_obtained":[{"floor":9,"key":"Ninja Scroll"},{"floor":11,"key":"Old Coin"},{"floor":19,"key":"Enchiridion"}],"event_choices":[{"damage_healed":0,"gold_gain":0,"player_choice":"Success","damage_taken":18,"relics_obtained":["Paper Crane"],"max_hp_gain":0,"max_hp_loss":0,"event_name":"Scrap Ooze","floor":2,"gold_loss":0},{"damage_healed":0,"gold_gain":0,"player_choice":"Leave","damage_taken":0,"max_hp_gain":0,"max_hp_loss":0,"event_name":"The Cleric","floor":3,"gold_loss":0},{"damage_healed":0,"gold_gain":0,"player_choice":"Lose Max HP","damage_taken":0,"relics_obtained":["Golden Idol"],"max_hp_gain":0,"max_hp_loss":5,"event_name":"Golden Idol","floor":4,"gold_loss":0},{"damage_healed":0,"gold_gain":0,"player_choice":"Upgraded","damage_taken":0,"max_hp_gain":0,"max_hp_loss":0,"event_name":"Upgrade Shrine","floor":7,"gold_loss":0,"cards_upgraded":["A Thousand Cuts"]},{"damage_healed":0,"gold_gain":0,"player_choice":"Obtained Book","damage_taken":16,"max_hp_gain":0,"max_hp_loss":0,"event_name":"Cursed Tome","floor":19,"gold_loss":0}],"is_beta":false,"boss_relics":[{"not_picked":["Ectoplasm","Lizard Tail"],"picked":"Busted Crown"}],"items_purged_floors":[20,23],"is_endless":false,"potions_floor_spawned":[8,10,11,12,13,21],"killed_by":"Book of Stabbing","ascension_level":10}