{"gold_per_floor":[109,120,39,57,68,68,68,98,167,167,342,360,377,394,394,489,489,509,519,94,114,114,143,143,174,197,0,19,19,29,29,29,132,132,152,14,33,51,61,61,26,26,26,37,37,37,68,68,68,68],"floor_reached":51,"playtime":3288,"items_purged":["Doubt"],"score":759,"play_id":"615683f4-8429-4de4-9618-d45a6d5223fa","local_time":"20190614202929","is_ascension_mode":false,"campfire_choices":[{"data":"Footwork","floor":6,"key":"SMITH"},{"data":"Neutralize","floor":10,"key":"SMITH"},{"data":"Bouncing Flask","floor":15,"key":"SMITH"},{"floor":24,"key":"REST"},{"floor":32,"key":"REST"},{"data":"Footwork","floor":40,"key":"SMITH"},{"data":"Noxious Fumes","floor":42,"key":"SMITH"},{"data":"Adrenaline","floor":45,"key":"SMITH"},{"data":"Storm of Steel","floor":49,"key":"SMITH"}],"neow_cost":"NONE","seed_source_timestamp":3167964457400,"circlet_count":0,"master_deck":["Defend_G","Defend_G","Defend_G","Defend_G","Defend_G","Strike_G","Strike_G","Strike_G","Strike_G","Strike_G","Survivor","Neutralize+1","Dagger Spray","Sucker Punch","Blur","Footwork+1","Bouncing Flask+1","Corpse Explosion","Dagger Spray","Deflect","Deadly Poison","Adrenaline+1","PiercingWail+1","Backflip","Dramatic Entrance","Dagger Spray+1","Terror","Storm of Steel+1","Deadly Poison","Leg Sweep","Glass Knife","Deadly Poison","Adrenaline","Dodge and Roll+1","Footwork+1","Riddle With Holes+1","Noxious Fumes+1","Catalyst+1"],"relics":["Ring of the Snake","Odd Mushroom","Kunai","Eternal Feather","Meat on the Bone","Potion Belt","Omamori","Blood Vial","FaceOfCleric","Philosopher\u0027s Stone","Mummified Hand","Centennial Puzzle"],"potions_floor_usage":[16,16,16,19,21,25,30,37],"damage_taken":[{"damage":2,"enemies":"Small Slimes","floor":1,"turns":4},{"damage":0,"enemies":"2 Louse","floor":2,"turns":2},{"damage":1,"enemies":"Cultist","floor":4,"turns":4},{"damage":10,"enemies":"Lots of Slimes","floor":5,"turns":5},{"damage":0,"enemies":"The Mushroom Lair","floor":8,"turns":5},{"damage":2,"enemies":"Exordium Wildlife","floor":12,"turns":3},{"damage":7,"enemies":"Large Slime","floor":13,"turns":5},{"damage":0,"enemies":"Red Slaver","floor":14,"turns":6},{"damage":46,"enemies":"Slime Boss","floor":16,"turns":14},{"damage":13,"enemies":"Chosen","floor":18,"turns":5},{"damage":4,"enemies":"Spheric Guardian","floor":19,"turns":7},{"damage":9,"enemies":"Cultist and Chosen","floor":21,"turns":4},{"damage":36,"enemies":"Slavers","floor":23,"turns":4},{"damage":30,"enemies":"Gremlin Leader","floor":25,"turns":9},{"damage":17,"enemies":"Centurion and Healer","floor":28,"turns":11},{"damage":25,"enemies":"Shelled Parasite and Fungi","floor":30,"turns":11},{"damage":76,"enemies":"Champ","floor":33,"turns":20},{"damage":18,"enemies":"3 Shapes","floor":35,"turns":7},{"damage":9,"enemies":"3 Darklings","floor":37,"turns":2},{"damage":10,"enemies":"Sphere and 2 Shapes","floor":38,"turns":5},{"damage":13,"enemies":"Spire Growth","floor":39,"turns":5},{"damage":19,"enemies":"4 Shapes","floor":44,"turns":2},{"damage":4,"enemies":"Giant Head","floor":47,"turns":8},{"damage":46,"enemies":"Donu and Deca","floor":50,"turns":7}],"seed_played":"5441440229410604539","potions_obtained":[{"floor":8,"key":"Dexterity Potion"},{"floor":12,"key":"FearPotion"},{"floor":13,"key":"Explosive Potion"},{"floor":16,"key":"GhostInAJar"},{"floor":19,"key":"LiquidBronze"},{"floor":23,"key":"SpeedPotion"},{"floor":28,"key":"Regen Potion"},{"floor":35,"key":"Fire Potion"}],"is_trial":false,"path_per_floor":["M","M","$","M","M","R","$","?","T","R","?","M","M","M","R","B",null,"M","M","$","M","?","E","R","E","T","?","M","$","M","?","R","B",null,"M","$","M","M","M","R","$","R","T","M","R","$","E","$","R","B",null],"character_chosen":"THE_SILENT","items_purchased":["Blur","Meat on the Bone","Dramatic Entrance","Adrenaline","Noxious Fumes"],"campfire_rested":2,"item_purchase_floors":[3,20,20,36,41],"current_hp_per_floor":[75,75,75,74,64,64,64,64,64,64,64,62,55,55,55,9,77,64,60,60,51,37,13,52,34,34,34,31,31,35,35,77,16,83,66,66,60,53,55,76,76,87,87,69,88,88,85,85,89,56],"gold":68,"neow_bonus":"TEN_PERCENT_HP_BONUS","is_prod":false,"is_daily":false,"chose_seed":false,"campfire_upgraded":7,"win_rate":0,"timestamp":1560558569,"path_taken":["M","M","$","M","M","R","$","?","T","R","?","M","M","M","R","BOSS","M","M","$","M","?","E","R","E","T","?","M","$","M","?","R","BOSS","M","$","?","M","M","R","$","R","T","M","R","$","E","?","R","BOSS"],"build_version":"2019-01-23","purchased_purges":1,"victory":true,"max_hp_per_floor":[77,77,77,77,77,77,77,77,77,77,77,77,77,77,77,77,77,77,77,77,77,82,82,82,82,82,82,82,82,82,82,82,83,83,84,84,85,86,87,87,87,87,87,88,88,88,89,89,89,90],"card_choices":[{"not_picked":["Dagger Throw","Dodge and Roll"],"picked":"Dagger Spray","floor":1},{"not_picked":["Dagger Spray","Caltrops"],"picked":"Sucker Punch","floor":2},{"not_picked":["Dagger Spray","Caltrops"],"picked":"Footwork","floor":4},{"not_picked":["Expertise","Endless Agony"],"picked":"Bouncing Flask","floor":5},{"not_picked":["Finisher","All Out Attack"],"picked":"Corpse Explosion","floor":8},{"not_picked":["Flying Knee","Prepared"],"picked":"Dagger Spray","floor":12},{"not_picked":["Caltrops","Sucker Punch"],"picked":"Deflect","floor":13},{"not_picked":["Poisoned Stab","Flying Knee"],"picked":"Deadly Poison","floor":14},{"not_picked":["Grand Finale","Phantasmal Killer"],"picked":"Adrenaline","floor":16},{"not_picked":["Deflect","Underhanded Strike+1"],"picked":"PiercingWail+1","floor":18},{"not_picked":["Heel Hook+1","Acrobatics"],"picked":"Backflip","floor":19},{"not_picked":["Eviscerate","Sucker Punch"],"picked":"Dagger Spray+1","floor":21},{"not_picked":["Choke+1","Poisoned Stab"],"picked":"Terror","floor":23},{"not_picked":["Terror","Dagger Spray"],"picked":"Storm of Steel","floor":25},{"not_picked":["Choke","Expertise+1"],"picked":"Deadly Poison","floor":28},{"not_picked":["Underhanded Strike","Choke"],"picked":"Leg Sweep","floor":30},{"not_picked":["Storm of Steel","Night Terror"],"picked":"Glass Knife","floor":33},{"not_picked":["Dagger Spray+1","Prepared+1"],"picked":"Deadly Poison","floor":35},{"not_picked":["Distraction+1","Setup"],"picked":"Dodge and Roll+1","floor":37},{"not_picked":["Deadly Poison+1","Underhanded Strike+1"],"picked":"Footwork","floor":38},{"not_picked":["Terror","Flying Knee"],"picked":"Riddle With Holes+1","floor":39},{"not_picked":["Escape Plan","Setup"],"picked":"Catalyst+1","floor":44},{"not_picked":["Tactician","Setup+1","Calculated Gamble"],"picked":"SKIP","floor":47}],"player_experience":312323,"relics_obtained":[{"floor":8,"key":"Odd Mushroom"},{"floor":9,"key":"Kunai"},{"floor":23,"key":"Potion Belt"},{"floor":25,"key":"Omamori"},{"floor":26,"key":"Blood Vial"},{"floor":43,"key":"Mummified Hand"},{"floor":47,"key":"Centennial Puzzle"}],"event_choices":[{"damage_healed":0,"gold_gain":0,"player_choice":"Fought Mushrooms","damage_taken":0,"max_hp_gain":0,"max_hp_loss":0,"event_name":"Mushrooms","floor":8,"gold_loss":0},{"damage_healed":0,"gold_gain":175,"player_choice":"AGREE","damage_taken":0,"max_hp_gain":0,"max_hp_loss":0,"event_name":"Liars Game","floor":11,"gold_loss":0,"cards_obtained":["Doubt"]},{"damage_healed":0,"gold_gain":0,"player_choice":"Shed Blood","damage_taken":19,"max_hp_gain":5,"max_hp_loss":0,"event_name":"Forgotten Altar","floor":22,"gold_loss":0},{"damage_healed":0,"gold_gain":0,"player_choice":"Paid Fearfully","damage_taken":0,"max_hp_gain":0,"max_hp_loss":0,"event_name":"Masked Bandits","floor":27,"gold_loss":197},{"damage_healed":0,"gold_gain":0,"player_choice":"Trade","damage_taken":0,"relics_obtained":["FaceOfCleric"],"max_hp_gain":0,"max_hp_loss":0,"event_name":"FaceTrader","floor":31,"gold_loss":0}],"is_beta":false,"boss_relics":[{"not_picked":["Astrolabe","Pandora\u0027s Box"],"picked":"Eternal Feather"},{"not_picked":["Fusion Hammer","Black Star"],"picked":"Philosopher\u0027s Stone"}],"items_purged_floors":[20],"is_endless":false,"potions_floor_spawned":[8,12,13,16,19,23,28,35,44],"ascension_level":0}