{"gold_per_floor":[17,31,45,45,65,65,65,65,65,65,94,94,109,135,135,214,214,226,47,47,47,47],"floor_reached":22,"playtime":1119,"items_purged":[],"score":359,"play_id":"5ee81dfc-6474-4211-9514-ce95bf93b0da","local_time":"20180814183749","is_ascension_mode":true,"campfire_choices":[{"data":"Zap","floor":6.0,"key":"SMITH"},{"data":"Hologram","floor":8.0,"key":"SMITH"},{"data":"Reinforced Body","floor":10.0,"key":"SMITH"},{"data":"Go for the Eyes","floor":12.0,"key":"SMITH"},{"data":"Turbo","floor":15.0,"key":"SMITH"}],"neow_cost":"NO_GOLD","seed_source_timestamp":0,"circlet_count":0,"master_deck":["Strike_B","Strike_B","Defend_B","Defend_B","Defend_B","Defend_B","Zap+1","Dualcast","AscendersBane","Hologram+1","Reinforced Body+1","Turbo+1","Gash","Decay","Go for the Eyes+1","Echo Form","Self Repair","Echo Form"],"special_seed":0,"relics":["Cracked Core","Kunai","Torii","Bottled Flame","Philosopher\u0027s Stone","Vajra"],"potions_floor_usage":[],"damage_taken":[{"damage":7.0,"enemies":"Jaw Worm","floor":1.0,"turns":5.0},{"damage":2.0,"enemies":"2 Louse","floor":2.0,"turns":3.0},{"damage":1.0,"enemies":"Cultist","floor":3.0,"turns":4.0},{"damage":3.0,"enemies":"Blue Slaver","floor":5.0,"turns":4.0},{"damage":10.0,"enemies":"Lagavulin","floor":11.0,"turns":8.0},{"damage":23.0,"enemies":"Gremlin Gang","floor":13.0,"turns":7.0},{"damage":11.0,"enemies":"3 Sentries","floor":14.0,"turns":7.0},{"damage":17.0,"enemies":"The Guardian","floor":16.0,"turns":9.0},{"damage":30.0,"enemies":"Shell Parasite","floor":18.0,"turns":6.0},{"damage":1.0,"enemies":"2 Thieves","floor":21.0,"turns":4.0},{"damage":8,"enemies":"Cultist and Chosen","floor":22,"turns":3}],"seed_played":"-3975023351707635645","potions_obtained":[{"floor":2.0,"key":"Regen Potion"},{"floor":13.0,"key":"FocusPotion"},{"floor":14.0,"key":"FocusPotion"},{"floor":18.0,"key":"SneckoOil"}],"is_trial":false,"path_per_floor":["M","M","M","?","M","R","?","R","T","R","E","R","M","E","R","B",null,"M","$","?","M"],"character_chosen":"DEFECT","items_purchased":["Vajra"],"campfire_rested":0,"item_purchase_floors":[19],"current_hp_per_floor":[57,55,54,54,51,51,51,51,51,51,56,56,33,22,22,12,56,40,40,20,33,25],"gold":47,"neow_bonus":"REMOVE_TWO","is_prod":false,"is_daily":false,"chose_seed":false,"campfire_upgraded":5,"win_rate":0,"timestamp":1534264669,"path_taken":["M","M","M","?","M","R","?","R","T","R","E","R","M","E","R","BOSS","M","$","?","?","M"],"build_version":"2018-08-13v2","purchased_purges":0,"victory":false,"max_hp_per_floor":[71,71,71,71,71,71,71,71,71,71,71,71,71,71,71,71,71,71,71,76,76,76],"card_choices":[{"not_picked":["Steam","Streamline"],"picked":"Hologram","floor":1.0},{"not_picked":["Leap","Lockon"],"picked":"Reinforced Body","floor":2.0},{"not_picked":["Recycle","Turbo","Steam"],"picked":"SKIP","floor":3.0},{"not_picked":["Recycle","Steam"],"picked":"Turbo","floor":3.0},{"not_picked":["Stack","Aggregate"],"picked":"Gash","floor":5.0},{"not_picked":["Redo","BootSequence"],"picked":"Go for the Eyes","floor":11.0},{"not_picked":["Turbo","Tempest"],"picked":"Echo Form","floor":13.0},{"not_picked":["Ball Lightning","Hologram"],"picked":"Self Repair","floor":14.0},{"not_picked":["Multi-Cast","Buffer"],"picked":"Echo Form","floor":16.0},{"not_picked":["Recycle","Compile Driver","Redo"],"picked":"SKIP","floor":18.0},{"not_picked":["Sweeping Beam","Heatsinks","Hello World"],"picked":"SKIP","floor":21.0}],"player_experience":871649,"relics_obtained":[{"floor":9.0,"key":"Kunai"},{"floor":11.0,"key":"Torii"},{"floor":14.0,"key":"Bottled Flame"}],"event_choices":[{"event_name":"Liars Game","player_choice":"disagreed","floor":4.0,"damage_taken":0.0},{"event_name":"Wheel of Change","player_choice":"Curse","floor":7.0,"damage_taken":0.0},{"event_name":"Forgotten Altar","player_choice":"Shed Blood","floor":20.0,"damage_taken":0.0}],"is_beta":true,"boss_relics":[{"not_picked":["Pandora\u0027s Box","Black Star"],"picked":"Philosopher\u0027s Stone"}],"items_purged_floors":[],"is_endless":false,"potions_floor_spawned":[2,13,14,18],"killed_by":"Cultist and Chosen","ascension_level":17}