{"gold_per_floor":[359,375,45,62,82,112,11,44,44,44,59,87,107,107],"floor_reached":14,"playtime":1259,"items_purged":["Defend_B"],"score":134,"play_id":"4bfe2f4d-6f2b-467c-95cc-95db61034e4c","local_time":"20190607191527","is_ascension_mode":true,"campfire_choices":[],"neow_cost":"TEN_PERCENT_HP_LOSS","seed_source_timestamp":1034714572846000,"circlet_count":0,"master_deck":["Strike_B","Strike_B","Strike_B","Strike_B","Defend_B","Defend_B","Defend_B","Zap","Dualcast","Sunder+1","Steam","Turbo","Sweeping Beam","Coolheaded","Defragment","Hologram","Go for the Eyes+1","Leap"],"relics":["Cracked Core","Meat on the Bone","Anchor","Molten Egg 2","Bottled Tornado","Juzu Bracelet"],"potions_floor_usage":[],"damage_taken":[{"damage":3,"enemies":"2 Louse","floor":1,"turns":2},{"damage":2,"enemies":"Jaw Worm","floor":2,"turns":3},{"damage":0,"enemies":"Small Slimes","floor":4,"turns":2},{"damage":3,"enemies":"Blue Slaver","floor":5,"turns":2},{"damage":24,"enemies":"3 Sentries","floor":6,"turns":6},{"damage":29,"enemies":"Gremlin Nob","floor":8,"turns":4},{"damage":0,"enemies":"Looter","floor":11,"turns":3},{"damage":2,"enemies":"3 Sentries","floor":12,"turns":4},{"damage":0,"enemies":"Large Slime","floor":13,"turns":4},{"damage":8,"enemies":"Gremlin Nob","floor":14,"turns":3}],"seed_played":"-1433639001523338963","potions_obtained":[{"floor":1,"key":"EssenceOfSteel"},{"floor":11,"key":"Poison Potion"},{"floor":12,"key":"Regen Potion"},{"floor":13,"key":"Fire Potion"}],"is_trial":false,"path_per_floor":["M","M","$","M","M","E","$","E","T","?","M","E","M","E"],"character_chosen":"DEFECT","items_purchased":["Meat on the Bone","Coolheaded","Defragment"],"campfire_rested":0,"item_purchase_floors":[3,7,7],"current_hp_per_floor":[65,63,63,63,60,36,36,19,19,19,31,41,41,33],"gold":107,"neow_bonus":"TWO_FIFTY_GOLD","is_prod":false,"is_daily":false,"chose_seed":false,"campfire_upgraded":0,"win_rate":0,"timestamp":1559960127,"path_taken":["M","M","$","M","M","E","$","E","T","?","M","E","M","E"],"build_version":"2019-01-23","purchased_purges":1,"victory":false,"max_hp_per_floor":[68,68,68,68,68,68,68,68,68,68,68,68,68,68],"card_choices":[{"not_picked":["Chaos","Redo"],"picked":"Sunder","floor":1},{"not_picked":["Streamline","Redo"],"picked":"Steam","floor":2},{"not_picked":["Go for the Eyes","Leap"],"picked":"Turbo","floor":4},{"not_picked":["Stack","Aggregate","Streamline"],"picked":"SKIP","floor":5},{"not_picked":["Recycle","Coolheaded"],"picked":"Sweeping Beam","floor":6},{"not_picked":["Fusion","Rainbow"],"picked":"Hologram","floor":8},{"not_picked":["Ball Lightning+1","Skim"],"picked":"Go for the Eyes+1","floor":11},{"not_picked":["Gash+1","Beam Cell+1","Turbo"],"picked":"SKIP","floor":12},{"not_picked":["Compile Driver+1","Sweeping Beam+1"],"picked":"Leap","floor":13}],"player_experience":529928,"relics_obtained":[{"floor":6,"key":"Anchor"},{"floor":8,"key":"Molten Egg 2"},{"floor":9,"key":"Bottled Tornado"},{"floor":12,"key":"Juzu Bracelet"}],"event_choices":[{"damage_healed":0,"gold_gain":0,"player_choice":"Grow","damage_taken":0,"max_hp_gain":0,"max_hp_loss":0,"event_name":"Living Wall","floor":10,"gold_loss":0,"cards_upgraded":["Sunder"]}],"is_beta":false,"boss_relics":[],"items_purged_floors":[3],"is_endless":false,"potions_floor_spawned":[1,11,12,13],"killed_by":"Gremlin Nob","ascension_level":4}