{"gold_per_floor":[113,113,113,84,28,58,58,58,58,85,103,153,178,504,504,504],"floor_reached":16,"playtime":367,"items_purged":[],"score":331,"play_id":"80170ae3-b5e6-4708-bae5-d30b9cf83666","local_time":"20190528160254","is_ascension_mode":true,"campfire_choices":[{"data":"Bash","floor":8,"key":"SMITH"},{"data":"Inflame","floor":15,"key":"SMITH"}],"neow_cost":"NONE","seed_source_timestamp":160065289415600,"circlet_count":0,"master_deck":["AscendersBane","Strike_R","Strike_R","Strike_R","Strike_R","Defend_R","Defend_R","Defend_R","Defend_R","Bash+1","Inflame+1","Shrug It Off","Twin Strike","Shrug It Off","Juggernaut","Cleave","Heavy Blade","Seeing Red"],"relics":["Burning Blood","NeowsBlessing","Art of War","Ice Cream","Omamori","WingedGreaves","Old Coin"],"potions_floor_usage":[13,14],"damage_taken":[{"damage":0,"enemies":"Jaw Worm","floor":1,"turns":1},{"damage":0,"enemies":"Lagavulin","floor":6,"turns":1},{"damage":0,"enemies":"3 Sentries","floor":10,"turns":2},{"damage":12,"enemies":"Small Slimes","floor":11,"turns":3},{"damage":27,"enemies":"Gremlin Nob","floor":13,"turns":4},{"damage":22,"enemies":"Lagavulin","floor":14,"turns":6},{"damage":47,"enemies":"The Guardian","floor":16,"turns":4}],"seed_played":"6143914866532619611","potions_obtained":[{"floor":1,"key":"Regen Potion"},{"floor":10,"key":"Weak Potion"},{"floor":13,"key":"EssenceOfSteel"}],"is_trial":false,"path_per_floor":["M","?","?","$","$","E","?","R","T","E","M","?","E","E","R","B"],"character_chosen":"IRONCLAD","items_purchased":["Shrug It Off","Twin Strike"],"campfire_rested":0,"item_purchase_floors":[4,5],"current_hp_per_floor":[74,74,67,67,67,73,73,73,73,75,69,69,48,47,47,0],"gold":504,"neow_bonus":"THREE_ENEMY_KILL","is_prod":false,"is_daily":false,"chose_seed":false,"campfire_upgraded":2,"win_rate":0,"timestamp":1559084574,"path_taken":["M","?","?","?","$","E","?","R","T","E","?","?","E","E","R","BOSS"],"build_version":"2019-01-23","purchased_purges":0,"victory":false,"max_hp_per_floor":[75,75,75,75,75,75,75,75,75,75,75,75,75,75,75,75],"card_choices":[{"not_picked":["Havoc","True Grit"],"picked":"Inflame","floor":1},{"not_picked":["Clash","Headbutt"],"picked":"Shrug It Off","floor":6},{"not_picked":["Perfected Strike","Reckless Charge"],"picked":"Cleave","floor":10},{"not_picked":["Armaments","Twin Strike"],"picked":"Heavy Blade","floor":11},{"not_picked":["Cleave","Ghostly Armor","Thunderclap"],"picked":"SKIP","floor":13},{"not_picked":["Clash","Burning Pact"],"picked":"Seeing Red","floor":14}],"player_experience":491214,"relics_obtained":[{"floor":9,"key":"Ice Cream"},{"floor":10,"key":"Omamori"},{"floor":13,"key":"WingedGreaves"},{"floor":14,"key":"Old Coin"}],"event_choices":[{"damage_healed":0,"gold_gain":0,"player_choice":"Box","damage_taken":0,"relics_obtained":["Art of War"],"max_hp_gain":0,"max_hp_loss":0,"event_name":"Big Fish","floor":2,"gold_loss":0,"cards_obtained":["Regret"]},{"cards_removed":["Regret"],"damage_healed":0,"gold_gain":0,"player_choice":"Card Removal","damage_taken":7,"max_hp_gain":0,"max_hp_loss":0,"event_name":"Golden Wing","floor":3,"gold_loss":0},{"damage_healed":0,"gold_gain":0,"cards_transformed":["Strike_R"],"player_choice":"Transformed","damage_taken":0,"max_hp_gain":0,"max_hp_loss":0,"event_name":"Transmorgrifier","floor":7,"gold_loss":0,"cards_obtained":["Juggernaut"]},{"damage_healed":0,"gold_gain":50,"player_choice":"Pray","damage_taken":0,"max_hp_gain":0,"max_hp_loss":0,"event_name":"Golden Shrine","floor":12,"gold_loss":0}],"is_beta":false,"boss_relics":[],"items_purged_floors":[],"is_endless":false,"potions_floor_spawned":[1,10,13],"killed_by":"The Guardian","ascension_level":18}