{"gold_per_floor":[114,114,114,124,22,49,60,70,70,85,85,103,103,123,123,224,224,243,260,278,278,278,278,296,296,321,337,34,34,54,54,54,149,149,163,38,57,102,102,102,116,0,0,19,19,31,31,48,48,48],"floor_reached":50,"playtime":3040,"items_purged":["Regret","Decay","Shame"],"score":767,"play_id":"31ce8210-46d9-42bf-b307-3f70b9c256cb","local_time":"20190614192542","is_ascension_mode":true,"campfire_choices":[{"floor":11.0,"key":"REST"},{"floor":13.0,"key":"REST"},{"floor":15.0,"key":"REST"},{"floor":23.0,"key":"REST"},{"floor":29.0,"key":"REST"},{"data":"Panache","floor":32.0,"key":"SMITH"},{"floor":40.0,"key":"REST"},{"floor":45.0,"key":"REST"},{"floor":49.0,"key":"REST"}],"neow_cost":"CURSE","seed_source_timestamp":0,"circlet_count":0,"master_deck":["AscendersBane","Defend_G","Defend_G","Defend_G","Defend_G+1","Defend_G","Survivor","Neutralize+1","Quick Slash","Dagger Spray","Cloak And Dagger+1","Blade Dance+1","Crippling Poison+1","Sucker Punch","Finisher","Unload","Finisher","Venomology+1","Outmaneuver+1","Cloak And Dagger+1","Dagger Spray","Bite","Bite","Bite","Bite","Bite","Sucker Punch","Adrenaline+1","Leg Sweep+1","Cloak And Dagger+1","Panache+1","Blur+1","A Thousand Cuts","Deflect+1","Terror+1","Writhe","Backflip+1","PiercingWail+1","Noxious Fumes","Outmaneuver+1"],"special_seed":0,"relics":["Ring of the Serpent","Toxic Egg 2","Pantograph","Happy Flower","Snake Skull","Nloth\u0027s Gift","Lizard Tail","Pen Nib","Red Mask","Mummified Hand","Bronze Scales"],"potions_floor_usage":[],"damage_taken":[{"damage":3.0,"enemies":"2 Louse","floor":1.0,"turns":5.0},{"damage":2.0,"enemies":"Small Slimes","floor":4.0,"turns":5.0},{"damage":20.0,"enemies":"Gremlin Nob","floor":6.0,"turns":6.0},{"damage":4.0,"enemies":"Jaw Worm","floor":7.0,"turns":3.0},{"damage":7.0,"enemies":"Lots of Slimes","floor":8.0,"turns":2.0},{"damage":0.0,"enemies":"3 Louse","floor":10.0,"turns":2.0},{"damage":14.0,"enemies":"Red Slaver","floor":12.0,"turns":3.0},{"damage":0.0,"enemies":"Looter","floor":14.0,"turns":2.0},{"damage":72.0,"enemies":"Slime Boss","floor":16.0,"turns":16.0},{"damage":21.0,"enemies":"2 Thieves","floor":18.0,"turns":4.0},{"damage":10.0,"enemies":"Shell Parasite","floor":19.0,"turns":5.0},{"damage":30.0,"enemies":"Centurion and Healer","floor":20.0,"turns":6.0},{"damage":34.0,"enemies":"Snake Plant","floor":24.0,"turns":7.0},{"damage":4.0,"enemies":"3 Cultists","floor":27.0,"turns":4.0},{"damage":6.0,"enemies":"Sentry and Sphere","floor":30.0,"turns":3.0},{"damage":58.0,"enemies":"Automaton","floor":33.0,"turns":10.0},{"damage":45.0,"enemies":"3 Darklings","floor":35.0,"turns":6.0},{"damage":0.0,"enemies":"3 Shapes","floor":37.0,"turns":6.0},{"damage":34.0,"enemies":"Maw","floor":41.0,"turns":8.0},{"damage":0.0,"enemies":"3 Darklings","floor":44.0,"turns":3.0},{"damage":43.0,"enemies":"Transient","floor":46.0,"turns":5.0},{"damage":0.0,"enemies":"4 Shapes","floor":48.0,"turns":4.0},{"damage":0,"enemies":"Awakened One","floor":50,"turns":1}],"seed_played":"-7660332347641692535","potions_obtained":[{"floor":4.0,"key":"Block Potion"},{"floor":6.0,"key":"AttackPotion"},{"floor":14.0,"key":"Strength Potion"},{"floor":16.0,"key":"Fire Potion"},{"floor":20.0,"key":"EssenceOfSteel"},{"floor":24.0,"key":"Block Potion"},{"floor":27.0,"key":"Ancient Potion"},{"floor":46.0,"key":"Poison Potion"},{"floor":48.0,"key":"Regen Potion"}],"is_trial":false,"path_per_floor":["M","?","?","M","$","E","M","M","T","M","R","M","R","M","R","B",null,"M","M","M","?","?","R","M","?","T","M","$","R","M","?","R","B",null,"M","$","M","T","?","R","M","?","T","M","R","M","T","M","R","B"],"character_chosen":"THE_SILENT","items_purchased":["Cloak And Dagger+1","Leg Sweep+1","Cloak And Dagger+1","Panache"],"campfire_rested":8,"item_purchase_floors":[5,28,28,28],"current_hp_per_floor":[74,71,54,52,52,32,28,21,21,21,46,32,57,57,82,12,66,45,35,5,5,5,22,4,4,4,22,22,39,41,41,41,12,47,8,8,14,14,29,46,18,18,18,20,37,2,2,6,23,48],"gold":48,"neow_bonus":"TWENTY_PERCENT_HP_BONUS","is_prod":false,"is_daily":false,"chose_seed":false,"campfire_upgraded":1,"win_rate":0,"timestamp":1560554742,"path_taken":["M","?","?","M","$","E","M","M","T","M","R","M","R","M","R","BOSS","M","M","M","?","?","R","M","?","T","?","?","R","M","?","R","BOSS","M","$","M","?","?","R","M","?","T","M","R","M","?","M","R","BOSS"],"build_version":"2019-01-23","purchased_purges":3,"victory":false,"max_hp_per_floor":[84,84,84,84,84,84,84,84,84,84,84,84,84,84,84,84,84,84,84,84,58,58,58,58,58,58,58,58,58,58,58,58,58,58,58,58,58,58,58,58,58,58,58,58,58,58,58,58,58,58],"card_choices":[{"not_picked":["Bane","Blade Dance"],"picked":"Quick Slash","floor":1.0},{"not_picked":["Setup+1","Well Laid Plans"],"picked":"Dagger Spray","floor":4.0},{"not_picked":["Dagger Throw","Flying Knee"],"picked":"Blade Dance+1","floor":6.0},{"not_picked":["Flying Knee","Dagger Spray"],"picked":"Crippling Poison+1","floor":7.0},{"not_picked":["Accuracy","Poisoned Stab"],"picked":"Sucker Punch","floor":8.0},{"not_picked":["Slice","Flying Knee"],"picked":"Finisher","floor":10.0},{"not_picked":["Outmaneuver+1","Slice"],"picked":"Unload","floor":12.0},{"not_picked":["Bane","Dagger Throw"],"picked":"Finisher","floor":14.0},{"not_picked":["Tools of the Trade","Night Terror+1"],"picked":"Venomology+1","floor":16.0},{"not_picked":["Dagger Throw","Poisoned Stab+1"],"picked":"Outmaneuver+1","floor":18.0},{"not_picked":["Dagger Throw","Bane"],"picked":"Cloak And Dagger+1","floor":19.0},{"not_picked":["Poisoned Stab","Bane"],"picked":"Dagger Spray","floor":20.0},{"not_picked":["Poisoned Stab","Flying Knee"],"picked":"Sucker Punch","floor":24.0},{"not_picked":["Deadly Poison+1","Outmaneuver+1"],"picked":"Adrenaline+1","floor":27.0},{"not_picked":["Poisoned Stab","Finisher"],"picked":"Blur+1","floor":30.0},{"not_picked":["Tools of the Trade","Malaise+1"],"picked":"A Thousand Cuts","floor":33.0},{"not_picked":["Blade Dance+1","Underhanded Strike"],"picked":"Deflect+1","floor":35.0},{"not_picked":["Sucker Punch+1","Bane"],"picked":"Terror+1","floor":37.0},{"not_picked":["PiercingWail+1","Slice"],"picked":"Backflip+1","floor":41.0},{"not_picked":["Outmaneuver+1","Unload"],"picked":"PiercingWail+1","floor":44.0},{"not_picked":["Cloak And Dagger+1","Acrobatics+1"],"picked":"Noxious Fumes","floor":46.0},{"not_picked":["Flying Knee","Quick Slash"],"picked":"Outmaneuver+1","floor":48.0}],"player_experience":309231,"relics_obtained":[{"floor":6.0,"key":"Pantograph"},{"floor":9.0,"key":"The Courier"},{"floor":26.0,"key":"Snake Skull"},{"floor":38.0,"key":"Pen Nib"},{"floor":43.0,"key":"Mummified Hand"},{"floor":47.0,"key":"Bronze Scales"}],"event_choices":[{"damage_healed":0.0,"max_hp_gain":0.0,"max_hp_loss":0.0,"gold_gain":0.0,"event_name":"Scrap Ooze","player_choice":"Success","floor":2.0,"gold_loss":0.0,"damage_taken":3.0,"relics_obtained":["Toxic Egg 2"]},{"damage_healed":0.0,"max_hp_gain":0.0,"max_hp_loss":0.0,"gold_gain":0.0,"event_name":"Shining Light","player_choice":"Entered Light","floor":3.0,"gold_loss":0.0,"damage_taken":17.0,"cards_upgraded":["Neutralize","Defend_G"]},{"damage_healed":0.0,"max_hp_gain":0.0,"max_hp_loss":26.0,"gold_gain":0.0,"event_name":"Vampires","player_choice":"Became a vampire","floor":21.0,"gold_loss":0.0,"damage_taken":0.0,"cards_obtained":["Bite","Bite","Bite","Bite","Bite"]},{"damage_healed":0.0,"max_hp_gain":0.0,"max_hp_loss":0.0,"gold_gain":0.0,"event_name":"Addict","player_choice":"Stole Relic","floor":22.0,"gold_loss":0.0,"damage_taken":0.0,"relics_obtained":["Happy Flower"],"cards_obtained":["Shame"]},{"damage_healed":0.0,"max_hp_gain":0.0,"max_hp_loss":0.0,"gold_gain":0.0,"event_name":"Forgotten Altar","player_choice":"Smashed Altar","floor":25.0,"gold_loss":0.0,"damage_taken":0.0,"cards_obtained":["Decay"]},{"damage_healed":0.0,"max_hp_gain":0.0,"max_hp_loss":0.0,"gold_gain":0.0,"event_name":"N\u0027loth","player_choice":"Traded Relic","floor":31.0,"relics_lost":["The Courier"],"gold_loss":0.0,"damage_taken":0.0,"relics_obtained":["Nloth\u0027s Gift"]},{"damage_healed":15.0,"max_hp_gain":0.0,"max_hp_loss":0.0,"gold_gain":0.0,"event_name":"Winding Halls","player_choice":"Writhe","floor":39.0,"gold_loss":0.0,"damage_taken":0.0,"cards_obtained":["Writhe"]},{"damage_healed":0.0,"max_hp_gain":0.0,"max_hp_loss":0.0,"gold_gain":0.0,"event_name":"Tomb of Lord Red Mask","player_choice":"Paid","floor":42.0,"gold_loss":116.0,"damage_taken":0.0,"relics_obtained":["Red Mask"]}],"is_beta":false,"boss_relics":[{"not_picked":["Busted Crown","White Beast Statue"],"picked":"Ring of the Serpent"},{"not_picked":["Runic Dome","Coffee Dripper"],"picked":"Lizard Tail"}],"items_purged_floors":[5,28,36],"is_endless":false,"potions_floor_spawned":[4,6,14,16,20,24,27,46,48],"killed_by":"Awakened One","ascension_level":12}