{"gold_per_floor":[115,130,142,92,108,138,138,152,177,211,226,184,184,198,198,300,300,315,315,333,345,6,6,16,41,41,41,41,67,67,77,77,175,175,189,200,200,220,220,255,255,255,278,278,290,290,290],"floor_reached":47,"playtime":14126,"items_purged":[],"score":662,"play_id":"d1496f6e-8b19-40ad-9735-c9eca87e9a0e","local_time":"20180704010038","is_ascension_mode":false,"campfire_choices":[{"floor":7.0,"key":"REST"},{"floor":13.0,"key":"REST"},{"floor":15.0,"key":"REST"},{"data":"Secret Technique","floor":23.0,"key":"SMITH"},{"floor":28.0,"key":"REST"},{"data":"Malaise","floor":32.0,"key":"SMITH"},{"floor":41,"key":"REST"}],"neow_cost":"","seed_source_timestamp":0,"circlet_count":0,"master_deck":["Defend_G+1","Defend_G+1","Defend_G+1","Defend_G+1","Strike_G+1","Strike_G+1","Strike_G+1","Strike_G+1","Strike_G+1","Survivor","Neutralize","Flechettes","Underhanded Strike","Blade Dance","Slice","Finisher","Glass Knife","Skewer","Terror","Malaise+1","Endless Agony","Adrenaline+1","PiercingWail+1","Bullet Time","Flechettes","Skewer","Crippling Poison","Secret Technique+1","Bullet Time","Leg Sweep","Envenom","Acrobatics","Phantasmal Killer","Reflex+1","Backflip+1","Flechettes+1","Predator+1","Tools of the Trade","Quick Slash+1","Riddle With Holes+1"],"special_seed":17716,"relics":["Ring of the Snake","Dream Catcher","Bronze Scales","Blood Vial","Runic Pyramid","War Paint","Bottled Lightning","Pen Nib","Sozu","Ice Cream","Toxic Egg 2","Darkstone Periapt","Strawberry","Gremlin Horn"],"potions_floor_usage":[],"damage_taken":[{"damage":2.0,"enemies":"Small Slimes","floor":1.0,"turns":3.0},{"damage":1.0,"enemies":"Cultist","floor":2.0,"turns":4.0},{"damage":0.0,"enemies":"2 Louse","floor":3.0,"turns":2.0},{"damage":8.0,"enemies":"2 Fungi Beasts","floor":5.0,"turns":4.0},{"damage":19.0,"enemies":"Lagavulin","floor":6.0,"turns":8.0},{"damage":2.0,"enemies":"Large Slime","floor":8.0,"turns":5.0},{"damage":36.0,"enemies":"Gremlin Nob","floor":10.0,"turns":5.0},{"damage":2.0,"enemies":"Looter","floor":11.0,"turns":2.0},{"damage":0.0,"enemies":"2 Fungi Beasts","floor":14.0,"turns":2.0},{"damage":40.0,"enemies":"Slime Boss","floor":16.0,"turns":12.0},{"damage":4.0,"enemies":"Shell Parasite","floor":18.0,"turns":3.0},{"damage":0.0,"enemies":"Spheric Guardian","floor":20.0,"turns":2.0},{"damage":13.0,"enemies":"Snake Plant","floor":21.0,"turns":3.0},{"damage":6.0,"enemies":"Cultist and Chosen","floor":24.0,"turns":6.0},{"damage":9.0,"enemies":"Gremlin Leader","floor":25.0,"turns":7.0},{"damage":0.0,"enemies":"Snecko","floor":31.0,"turns":4.0},{"damage":38.0,"enemies":"Collector","floor":33.0,"turns":6.0},{"damage":5,"enemies":"3 Darklings","floor":35,"turns":5},{"damage":9,"enemies":"Orb Walker","floor":36,"turns":3},{"damage":6,"floor":37,"turns":6},{"damage":13,"enemies":"Sphere and 2 Shapes","floor":38,"turns":5},{"damage":19,"enemies":"2 Orb Walkers","floor":40,"turns":5},{"damage":2,"enemies":"3 Darklings","floor":45,"turns":4},{"damage":67,"enemies":"4 Shapes","floor":47,"turns":4}],"seed_played":"-719995444796133880","potions_obtained":[{"floor":6.0,"key":"FearPotion"},{"floor":8.0,"key":"EssenceOfSteel"},{"floor":10.0,"key":"Explosive Potion"},{"floor":11.0,"key":"GhostInAJar"},{"floor":18.0,"key":"FearPotion"},{"floor":20.0,"key":"Regen Potion"},{"floor":24.0,"key":"AttackPotion"}],"is_trial":false,"path_per_floor":["M","M","M","?","M","E","R","M","T","E","M","?","R","M","R","B",null,"M","?","M","M","$","R","M","E","T","?","R","T","?","M","R","B",null,"M","M","?","M","T","E","R","?","T","T","M","?"],"character_chosen":"THE_SILENT","items_purchased":["Secret Technique","Bullet Time"],"campfire_rested":5,"item_purchase_floors":[],"current_hp_per_floor":[68,67,67,67,59,40,61,59,59,23,23,23,44,46,67,29,70,66,66,68,57,57,57,67,60,60,47,69,69,69,71,71,35,75,70,63,59,48,48,31,53,53,60,60,60,60,0],"gold":290,"neow_bonus":"","is_prod":false,"is_daily":false,"chose_seed":false,"campfire_upgraded":2,"win_rate":0.0,"timestamp":1530680438,"path_taken":["M","M","M","?","M","E","R","M","T","E","M","?","R","M","R","BOSS","M","?","M","M","$","R","M","E","T","?","R","?","?","M","R","BOSS","M","M","?","M","?","E","R","?","T","?","?","?","?"],"build_version":"2018-06-28","purchased_purges":0,"victory":false,"max_hp_per_floor":[70,70,70,70,70,70,70,70,70,70,70,70,70,70,70,70,70,70,70,70,70,70,70,70,70,70,75,75,75,75,75,75,75,75,75,75,75,75,75,75,75,75,82,82,82,82,82],"card_choices":[{"not_picked":["Slice","Dagger Throw"],"picked":"Flechettes","floor":1.0},{"not_picked":["Dodge and Roll","Deflect"],"picked":"Underhanded Strike","floor":2.0},{"not_picked":["Eviscerate","Poisoned Stab"],"picked":"Blade Dance","floor":3.0},{"not_picked":["Backflip","Flechettes"],"picked":"Slice","floor":5.0},{"not_picked":["Deflect","Backflip"],"picked":"Finisher","floor":6.0},{"not_picked":["Backstab","Flying Knee"],"picked":"Glass Knife","floor":7.0},{"not_picked":["PiercingWail","Quick Slash"],"picked":"Skewer","floor":8.0},{"not_picked":["Acrobatics","Sucker Punch"],"picked":"Terror","floor":10.0},{"not_picked":["PiercingWail","Flying Knee"],"picked":"Malaise","floor":11.0},{"not_picked":["Quick Slash","Prepared"],"picked":"Endless Agony","floor":13.0},{"not_picked":["PiercingWail","Dodge and Roll"],"picked":"Adrenaline","floor":14.0},{"not_picked":["Backflip","Dodge and Roll"],"picked":"PiercingWail","floor":15.0},{"not_picked":["Night Terror","Phantasmal Killer"],"picked":"Bullet Time","floor":16.0},{"not_picked":["Underhanded Strike","Terror+1"],"picked":"Flechettes","floor":18.0},{"not_picked":["Deadly Poison","Quick Slash+1"],"picked":"Skewer","floor":20.0},{"not_picked":["Escape Plan","Predator+1"],"picked":"Crippling Poison","floor":21.0},{"not_picked":["Dagger Throw","Deadly Poison"],"picked":"Leg Sweep","floor":24.0},{"not_picked":["Well Laid Plans","Doppelganger"],"picked":"Envenom","floor":25.0},{"not_picked":["Dagger Throw","Underhanded Strike"],"picked":"Acrobatics","floor":28.0},{"not_picked":["Underhanded Strike","Reflex"],"picked":"Slice+1","floor":31.0},{"not_picked":["Burst","Tools of the Trade"],"picked":"Phantasmal Killer","floor":33.0},{"not_picked":["Distraction","Backflip"],"picked":"Reflex+1","floor":35},{"not_picked":["Sucker Punch","PiercingWail+1"],"picked":"Backflip+1","floor":36},{"not_picked":["Reflex","Expertise"],"picked":"Flechettes+1","floor":37},{"not_picked":["All Out Attack","Reflex"],"picked":"Predator+1","floor":38},{"not_picked":["Slice+1","Skewer+1"],"picked":"Tools of the Trade","floor":40},{"not_picked":["Prepared+1","Deflect+1"],"picked":"Quick Slash+1","floor":41},{"not_picked":["Blade Dance+1","Acrobatics+1"],"picked":"Riddle With Holes+1","floor":45}],"player_experience":34115,"relics_obtained":[{"floor":6.0,"key":"Dream Catcher"},{"floor":9.0,"key":"Bronze Scales"},{"floor":10.0,"key":"Blood Vial"},{"floor":25.0,"key":"War Paint"},{"floor":26.0,"key":"Bottled Lightning"},{"floor":29.0,"key":"Pen Nib"},{"floor":37,"key":"Ice Cream"},{"floor":39,"key":"Toxic Egg 2"},{"floor":40,"key":"Darkstone Periapt"},{"floor":43,"key":"Strawberry"},{"floor":44,"key":"Gremlin Horn"}],"event_choices":[{"event_name":"The Cleric","player_choice":"Card Removal","floor":4.0,"damage_taken":0.0},{"event_name":"World of Goop","player_choice":"Left","floor":12.0,"damage_taken":0.0},{"event_name":"Back to Basics","player_choice":"Simplicity","floor":19.0,"damage_taken":0.0},{"event_name":"Forgotten Altar","player_choice":"Shed Blood","floor":27.0,"damage_taken":0.0},{"event_name":"Beggar","player_choice":"Ignored","floor":30.0,"damage_taken":0.0},{"event_name":"MindBloom","player_choice":"Fight","floor":37,"damage_taken":0},{"event_name":"Tomb of Lord Red Mask","player_choice":"Ignored","floor":42,"damage_taken":0},{"event_name":"Falling","player_choice":"Removed Attack","floor":46,"damage_taken":0}],"boss_relics":[{"not_picked":["Tiny House","Fusion Hammer"],"picked":"Runic Pyramid"},{"not_picked":["Busted Crown","Philosopher\u0027s Stone"],"picked":"Sozu"}],"items_purged_floors":[],"is_endless":false,"potions_floor_spawned":[6,8,10,11,18,20,24,25,36,38,45],"killed_by":"4 Shapes","ascension_level":0}