{"gold_per_floor":[119,138,138,35,51,85,85,95,166,176,44,44,9,27,27,125,125,139,156,156,0,0,0,0],"floor_reached":24,"playtime":1262,"items_purged":[],"score":235,"play_id":"cc2ed293-06bd-4945-805d-a4092d08467c","local_time":"20180831235234","is_ascension_mode":true,"campfire_choices":[{"floor":7,"key":"REST"},{"floor":12,"key":"REST"},{"floor":15,"key":"REST"},{"floor":23,"key":"REST"}],"neow_cost":"NONE","seed_source_timestamp":1448339498304602,"circlet_count":0,"master_deck":["Defend_G","Defend_G","Defend_G","Defend_G","Defend_G","Strike_G","Strike_G","Strike_G","Strike_G","Survivor","Neutralize","Sucker Punch","Finisher","Catalyst","Noxious Fumes","Backflip","Heel Hook","Crippling Poison","Noxious Fumes","PiercingWail","Bandage Up","Infinite Blades","Noxious Fumes","Envenom","Distraction","Slice"],"relics":["Ring of the Snake","Unceasing Top","Matryoshka","Busted Crown"],"potions_floor_usage":[6,24,24],"damage_taken":[{"damage":0,"enemies":"Cultist","floor":1,"turns":5},{"damage":9,"enemies":"Jaw Worm","floor":2,"turns":2},{"damage":0,"enemies":"Small Slimes","floor":5,"turns":3},{"damage":47,"enemies":"Lagavulin","floor":6,"turns":10},{"damage":11,"enemies":"Exordium Thugs","floor":8,"turns":5},{"damage":13,"enemies":"Red Slaver","floor":10,"turns":5},{"damage":15,"enemies":"Large Slime","floor":14,"turns":7},{"damage":32,"enemies":"Slime Boss","floor":16,"turns":8},{"damage":37,"enemies":"Spheric Guardian","floor":18,"turns":6},{"damage":14,"enemies":"3 Byrds","floor":19,"turns":5},{"damage":41,"enemies":"Gremlin Leader","floor":24,"turns":5}],"seed_played":"-5790518956872825811","potions_obtained":[{"floor":2,"key":"AttackPotion"},{"floor":5,"key":"Strength Potion"},{"floor":16,"key":"LiquidBronze"}],"is_trial":false,"path_per_floor":["M","M","?","$","M","E","R","M","T","M","$","R","?","M","R","B",null,"M","M","?","?","$","R"],"character_chosen":"THE_SILENT","items_purchased":["Noxious Fumes","Backflip","Bandage Up","Infinite Blades"],"campfire_rested":4,"item_purchase_floors":[4,4,11,11],"current_hp_per_floor":[70,61,61,61,61,14,35,24,24,11,11,32,49,38,59,31,70,33,23,10,10,10,32,0],"gold":0,"neow_bonus":"TRANSFORM_CARD","is_prod":false,"is_daily":false,"chose_seed":false,"campfire_upgraded":0,"win_rate":0,"timestamp":1535773954,"path_taken":["M","?","?","?","M","E","R","M","T","?","?","R","?","M","R","BOSS","M","M","?","?","?","R","E"],"build_version":"2018-08-30","purchased_purges":0,"victory":false,"max_hp_per_floor":[70,70,70,70,70,70,70,70,70,70,70,70,70,70,70,70,70,70,70,75,75,75,75,75],"card_choices":[{"not_picked":["Poisoned Stab","Deflect"],"picked":"Finisher","floor":1},{"not_picked":["Underhanded Strike","Poisoned Stab"],"picked":"Catalyst","floor":2},{"not_picked":["Outmaneuver","Slice"],"picked":"Heel Hook","floor":5},{"not_picked":["Dagger Spray","Prepared"],"picked":"Crippling Poison","floor":6},{"not_picked":["Deflect","Poisoned Stab"],"picked":"Noxious Fumes","floor":8},{"not_picked":["Outmaneuver","Flying Knee"],"picked":"PiercingWail","floor":10},{"not_picked":["Bane","Choke"],"picked":"Noxious Fumes","floor":14},{"not_picked":["Tools of the Trade","Die Die Die"],"picked":"Envenom","floor":16},{"not_picked":[],"picked":"Distraction","floor":18},{"not_picked":[],"picked":"Slice","floor":19}],"player_experience":134305,"relics_obtained":[{"floor":6,"key":"Unceasing Top"},{"floor":9,"key":"Matryoshka"}],"event_choices":[{"event_name":"Golden Wing","player_choice":"Ignored","floor":3,"damage_taken":0},{"event_name":"The Cleric","player_choice":"Healed","floor":13,"damage_taken":0},{"event_name":"Forgotten Altar","player_choice":"Shed Blood","floor":20,"damage_taken":0},{"event_name":"Masked Bandits","player_choice":"Paid Fearfully","floor":21,"damage_taken":0}],"is_beta":false,"boss_relics":[{"not_picked":["Pandora\u0027s Box","Calling Bell"],"picked":"Busted Crown"}],"items_purged_floors":[],"is_endless":false,"potions_floor_spawned":[2,5,16],"killed_by":"Gremlin Leader","ascension_level":4}