{"gold_per_floor":[10,27,27,42,54,82,82,99,152,7,38,38,51,62,62,159,159,171,191,291,310,327,327,327,356,356,356,375,403,429,442,442,537,537,550,550,650,665,685,685,713,726,726,726,757,6,6,6,6,6,6,6,6,36,36],"floor_reached":55,"playtime":3603,"items_purged":["Strike_R"],"score":817,"play_id":"90bb22df-cc94-4911-8cc0-249007e1b82d","local_time":"20190613023514","is_ascension_mode":true,"campfire_choices":[{"data":"Uppercut","floor":7,"key":"SMITH"},{"data":"True Grit","floor":12,"key":"SMITH"},{"data":"Limit Break","floor":15,"key":"SMITH"},{"data":"1","floor":23,"key":"LIFT"},{"data":"2","floor":27,"key":"LIFT"},{"data":"3","floor":32,"key":"LIFT"},{"data":"True Grit","floor":40,"key":"SMITH"},{"data":"Bash","floor":44,"key":"SMITH"},{"floor":47,"key":"RECALL"},{"data":"Corruption","floor":49,"key":"SMITH"},{"data":"Iron Wave","floor":52,"key":"SMITH"}],"neow_cost":"NO_GOLD","seed_source_timestamp":2500284733781236,"circlet_count":0,"master_deck":["Strike_R","Strike_R","Strike_R","Defend_R","Defend_R","Defend_R","Defend_R","Bash+1","Limit Break+1","Uppercut+1","Headbutt","True Grit+1","Iron Wave+1","Shrug It Off","True Grit+1","Shrug It Off","Corruption+1","Offering","Battle Trance","Seeing Red","Thunderclap+1","Feel No Pain","Spot Weakness+1","Clash+1","Sentinel+1","Dropkick","Flash of Steel","Secret Weapon+1","Sentinel+1"],"relics":["Burning Blood","Paper Frog","Blood Vial","Red Skull","Darkstone Periapt","Runic Dome","Girya","Matryoshka","Bag of Preparation","Meat on the Bone","Anchor","Magic Flower","Red Mask","Runic Pyramid","FossilizedHelix","Oddly Smooth Stone","Strawberry","Orichalcum","TheAbacus","Bag of Marbles","War Paint"],"potions_floor_usage":[28,31,55,55,55],"damage_taken":[{"damage":0,"enemies":"Small Slimes","floor":1,"turns":4},{"damage":7,"enemies":"2 Louse","floor":2,"turns":2},{"damage":6,"enemies":"Jaw Worm","floor":4,"turns":3},{"damage":17,"enemies":"2 Fungi Beasts","floor":5,"turns":4},{"damage":40,"enemies":"Lagavulin","floor":6,"turns":6},{"damage":8,"enemies":"Exordium Wildlife","floor":8,"turns":4},{"damage":12,"enemies":"Gremlin Nob","floor":11,"turns":4},{"damage":0,"enemies":"Looter","floor":13,"turns":2},{"damage":6,"enemies":"3 Louse","floor":14,"turns":4},{"damage":13,"enemies":"Hexaghost","floor":16,"turns":7},{"damage":14,"enemies":"Shell Parasite","floor":18,"turns":4},{"damage":5,"enemies":"Chosen","floor":19,"turns":6},{"damage":14,"enemies":"Colosseum Slavers","floor":20,"turns":6},{"damage":19,"enemies":"Colosseum Nobs","floor":20,"turns":7},{"damage":19,"enemies":"Shelled Parasite and Fungi","floor":21,"turns":6},{"damage":27,"enemies":"Snake Plant","floor":22,"turns":3},{"damage":28,"enemies":"Book of Stabbing","floor":25,"turns":5},{"damage":30,"enemies":"Snecko","floor":28,"turns":6},{"damage":18,"enemies":"Gremlin Leader","floor":29,"turns":3},{"damage":6,"enemies":"Masked Bandits","floor":30,"turns":3},{"damage":6,"enemies":"Cultist and Chosen","floor":31,"turns":3},{"damage":30,"enemies":"Collector","floor":33,"turns":7},{"damage":9,"enemies":"Orb Walker","floor":35,"turns":3},{"damage":28,"enemies":"Mind Bloom Boss Battle","floor":37,"turns":4},{"damage":6,"enemies":"3 Shapes","floor":38,"turns":5},{"damage":6,"enemies":"Writhing Mass","floor":39,"turns":3},{"damage":0,"enemies":"Nemesis","floor":41,"turns":3},{"damage":0,"enemies":"3 Darklings","floor":42,"turns":4},{"damage":23,"enemies":"Reptomancer","floor":45,"turns":4},{"damage":35,"enemies":"Awakened One","floor":50,"turns":6},{"damage":66,"enemies":"Shield and Spear","floor":54,"turns":7},{"damage":61,"enemies":"The Heart","floor":55,"turns":3}],"seed_played":"764596201606229128","potions_obtained":[{"floor":1,"key":"PowerPotion"},{"floor":2,"key":"AttackPotion"},{"floor":5,"key":"Swift Potion"},{"floor":8,"key":"Fire Potion"},{"floor":21,"key":"Strength Potion"},{"floor":28,"key":"Fruit Juice"},{"floor":31,"key":"Fruit Juice"},{"floor":37,"key":"GamblersBrew"},{"floor":54,"key":"Strength Potion"}],"is_trial":false,"path_per_floor":["M","M","?","M","M","E","R","M","T","$","E","R","M","M","R","B",null,"M","M","?","M","M","R","?","E","T","R","M","E","?","M","R","B",null,"M","?","?","M","M","R","E","M","T","R","E","$","R","$","R","B",null,"R","$","E","B"],"character_chosen":"IRONCLAD","items_purchased":["Red Skull","TheAbacus","Bag of Marbles","Flash of Steel","Secret Weapon","Fire Potion"],"campfire_rested":0,"item_purchase_floors":[10,46,46,46,46,46],"current_hp_per_floor":[80,79,79,79,68,34,34,32,32,32,28,28,36,38,38,33,80,72,75,58,47,28,28,54,34,34,34,29,31,55,66,66,66,90,90,90,71,77,83,83,90,90,97,97,83,83,83,83,83,60,97,97,97,58,0],"gold":36,"neow_bonus":"THREE_RARE_CARDS","is_prod":false,"is_daily":false,"chose_seed":false,"campfire_upgraded":7,"win_rate":0,"timestamp":1560364514,"path_taken":["M","M","?","M","M","E","R","M","T","$","E","R","M","M","R","BOSS","M","M","?","M","M","R","?","E","T","R","M","E","?","?","R","BOSS","M","?","?","M","M","R","E","M","T","R","E","$","R","$","R","BOSS","R","$","E","BOSS"],"build_version":"2019-01-23","purchased_purges":1,"victory":false,"max_hp_per_floor":[80,80,80,80,80,80,80,80,80,80,80,80,80,80,80,80,80,80,80,80,80,80,80,80,80,80,80,85,85,85,90,90,90,90,90,90,90,90,90,90,90,90,97,97,97,97,97,97,97,97,97,97,97,97,97],"card_choices":[{"not_picked":["Exhume","Double Tap"],"picked":"Limit Break","floor":0},{"not_picked":["Rupture","Power Through"],"picked":"Uppercut","floor":1},{"not_picked":["Anger","Rupture"],"picked":"Headbutt","floor":2},{"not_picked":["Iron Wave","Anger"],"picked":"True Grit","floor":4},{"not_picked":["Warcry","Headbutt"],"picked":"Iron Wave","floor":5},{"not_picked":["Sever Soul","Perfected Strike"],"picked":"Shrug It Off","floor":6},{"not_picked":["Clothesline","Impervious"],"picked":"True Grit","floor":8},{"not_picked":["Rage","Warcry","Burning Pact"],"picked":"SKIP","floor":11},{"not_picked":["Heavy Blade","Headbutt"],"picked":"Shrug It Off","floor":13},{"not_picked":["Sever Soul","Twin Strike"],"picked":"Corruption","floor":14},{"not_picked":["Bludgeon","Impervious"],"picked":"Offering","floor":16},{"not_picked":["Intimidate","Heavy Blade","Clothesline+1"],"picked":"SKIP","floor":18},{"not_picked":["True Grit+1","Pommel Strike"],"picked":"Battle Trance","floor":19},{"not_picked":["Entrench+1","Twin Strike+1"],"picked":"Seeing Red","floor":20},{"not_picked":["Anger+1","Iron Wave"],"picked":"Thunderclap+1","floor":21},{"not_picked":["Shockwave","Combust","Clothesline"],"picked":"SKIP","floor":22},{"not_picked":["Offering","True Grit","Pummel"],"picked":"SKIP","floor":25},{"not_picked":["Whirlwind+1","Entrench+1","Reckless Charge+1"],"picked":"SKIP","floor":28},{"not_picked":["Bludgeon","Body Slam+1","Thunderclap+1"],"picked":"SKIP","floor":29},{"not_picked":["Thunderclap+1","Warcry"],"picked":"Feel No Pain","floor":30},{"not_picked":["Burning Pact+1","Wild Strike+1"],"picked":"Spot Weakness","floor":31},{"not_picked":["Wild Strike+1","Disarm+1"],"picked":"Clash+1","floor":35},{"not_picked":["Sword Boomerang+1","Havoc+1"],"picked":"Sentinel+1","floor":37},{"not_picked":["Uppercut+1","Warcry+1","Headbutt+1"],"picked":"SKIP","floor":38},{"not_picked":["Perfected Strike","Iron Wave+1","Ghostly Armor+1"],"picked":"SKIP","floor":39},{"not_picked":["Infernal Blade","True Grit","Armaments+1"],"picked":"SKIP","floor":41},{"not_picked":["Berserk","Sword Boomerang"],"picked":"Dropkick","floor":42},{"not_picked":["Ghostly Armor+1","Pommel Strike","Corruption+1"],"picked":"SKIP","floor":45},{"not_picked":["Pommel Strike","Body Slam"],"picked":"Sentinel+1","floor":54}],"player_experience":192940,"relics_obtained":[{"floor":6,"key":"Paper Frog"},{"floor":9,"key":"Blood Vial"},{"floor":11,"key":"Darkstone Periapt"},{"floor":20,"key":"Girya"},{"floor":20,"key":"Matryoshka"},{"floor":25,"key":"Bag of Preparation"},{"floor":26,"key":"Meat on the Bone"},{"floor":26,"key":"Anchor"},{"floor":29,"key":"Magic Flower"},{"floor":30,"key":"Red Mask"},{"floor":37,"key":"FossilizedHelix"},{"floor":41,"key":"Oddly Smooth Stone"},{"floor":43,"key":"Strawberry"},{"floor":45,"key":"Orichalcum"},{"floor":54,"key":"War Paint"}],"event_choices":[{"cards_removed":["Strike_R"],"damage_healed":0,"gold_gain":0,"player_choice":"Forget","damage_taken":0,"max_hp_gain":0,"max_hp_loss":0,"event_name":"Living Wall","floor":3,"gold_loss":0},{"damage_healed":0,"gold_gain":0,"player_choice":"Fight","damage_taken":0,"max_hp_gain":0,"max_hp_loss":0,"event_name":"Colosseum","floor":20,"gold_loss":0},{"damage_healed":0,"gold_gain":0,"player_choice":"Fought Nobs","damage_taken":0,"max_hp_gain":0,"max_hp_loss":0,"event_name":"Colosseum","floor":20,"gold_loss":0},{"damage_healed":26,"gold_gain":0,"player_choice":"Heal","damage_taken":0,"max_hp_gain":0,"max_hp_loss":0,"event_name":"The Library","floor":24,"gold_loss":0},{"damage_healed":0,"gold_gain":0,"player_choice":"Fought Bandits","damage_taken":0,"max_hp_gain":0,"max_hp_loss":0,"event_name":"Masked Bandits","floor":30,"gold_loss":0},{"damage_healed":0,"gold_gain":0,"player_choice":"Memory 1","damage_taken":0,"max_hp_gain":0,"max_hp_loss":0,"event_name":"SensoryStone","floor":36,"gold_loss":0},{"damage_healed":0,"gold_gain":0,"player_choice":"Fight","damage_taken":0,"max_hp_gain":0,"max_hp_loss":0,"event_name":"MindBloom","floor":37,"gold_loss":0}],"is_beta":false,"boss_relics":[{"not_picked":["Pandora\u0027s Box","Empty Cage"],"picked":"Runic Dome"},{"not_picked":["Velvet Choker","Sozu"],"picked":"Runic Pyramid"}],"items_purged_floors":[46],"is_endless":false,"potions_floor_spawned":[1,2,5,8,13,16,18,21,22,28,31,37,38,42,45,54],"killed_by":"The Heart","ascension_level":1}