{"gold_per_floor":[111,111,111,124,137,171,190,223,223,223,257,26,26,26,26,129,129,118,130,149,165,183,183],"floor_reached":23,"playtime":18913,"items_purged":[],"score":320,"play_id":"57b6aecf-7cc5-42a1-a6d5-d94d3e684ae1","local_time":"20190116172223","is_ascension_mode":true,"campfire_choices":[{"floor":10,"key":"REST"},{"data":"White Noise","floor":13,"key":"SMITH"},{"data":"Zap","floor":15,"key":"SMITH"}],"neow_cost":"NONE","seed_source_timestamp":2927648981641079,"circlet_count":0,"master_deck":["AscendersBane","Strike_B","Strike_B","Strike_B","Defend_B","Defend_B","Defend_B","Defend_B","Zap+1","Dualcast","Streamline","Chill","Glacier","White Noise+1","Ball Lightning","Cold Snap","Core Surge","Self Repair","Seek","Ball Lightning","Chill","Conserve Battery+1","Beam Cell+1","White Noise"],"special_seed":0,"relics":["Cracked Core","Anchor","Potion Belt","Thread and Needle","Sundial","Darkstone Periapt","ClockworkSouvenir","Black Star"],"potions_floor_usage":[8,8,11,19],"damage_taken":[{"damage":5.0,"enemies":"Small Slimes","floor":1.0,"turns":3.0},{"damage":0.0,"enemies":"Jaw Worm","floor":4.0,"turns":3.0},{"damage":0.0,"enemies":"2 Louse","floor":5.0,"turns":2.0},{"damage":26.0,"enemies":"Lagavulin","floor":6.0,"turns":8.0},{"damage":4.0,"enemies":"Blue Slaver","floor":7.0,"turns":4.0},{"damage":18,"enemies":"Gremlin Nob","floor":8,"turns":4},{"damage":2,"enemies":"3 Sentries","floor":11,"turns":7},{"damage":32,"enemies":"Slime Boss","floor":16,"turns":6},{"damage":0,"enemies":"2 Thieves","floor":18,"turns":4},{"damage":0,"enemies":"3 Byrds","floor":19,"turns":6},{"damage":18,"enemies":"Snecko","floor":20,"turns":5},{"damage":15,"enemies":"Snake Plant","floor":21,"turns":5},{"damage":7,"enemies":"Centurion and Healer","floor":22,"turns":6},{"damage":51,"enemies":"Slavers","floor":23,"turns":6}],"seed_played":"-1987894588425765258","potions_obtained":[{"floor":1.0,"key":"LiquidBronze"},{"floor":7.0,"key":"AttackPotion"},{"floor":8,"key":"Regen Potion"},{"floor":16,"key":"Energy Potion"},{"floor":21,"key":"Explosive Potion"},{"floor":22,"key":"Ancient Potion"}],"is_trial":false,"path_per_floor":["M","?","?","M","M","E","M","E","T","R","E","$","R","?","R","B",null,"M","M","M","M","M","E"],"character_chosen":"DEFECT","items_purchased":["ClockworkSouvenir","Self Repair"],"campfire_rested":1,"item_purchase_floors":[12,12],"current_hp_per_floor":[70,75,68,68,68,42,38,20,20,46,58,58,58,51,51,19,70,70,70,52,44,44,0],"gold":183,"neow_bonus":"TEN_PERCENT_HP_BONUS","is_prod":false,"is_daily":false,"chose_seed":false,"campfire_upgraded":2,"win_rate":0,"timestamp":1547677343,"path_taken":["M","?","?","M","M","E","M","E","T","R","E","$","R","?","R","BOSS","M","M","M","M","M","E"],"build_version":"2019-01-10","purchased_purges":0,"victory":false,"max_hp_per_floor":[82,87,87,87,87,87,87,87,87,87,87,87,87,87,87,87,87,87,87,87,87,87,87],"card_choices":[{"not_picked":["Chaos","Gash"],"picked":"Streamline","floor":1.0},{"not_picked":["Leap","Steam"],"picked":"Chill","floor":4.0},{"not_picked":["Chill","Hyperbeam"],"picked":"Glacier","floor":5.0},{"not_picked":["Coolheaded","Beam Cell"],"picked":"White Noise","floor":6.0},{"not_picked":["Lockon","Rebound"],"picked":"Ball Lightning","floor":7.0},{"not_picked":["Gash","Rebound"],"picked":"Cold Snap","floor":8},{"not_picked":["Compile Driver","BootSequence"],"picked":"Core Surge","floor":11},{"not_picked":["Meteor Strike","Reboot"],"picked":"Seek","floor":16},{"not_picked":["Sweeping Beam","Chaos"],"picked":"Ball Lightning","floor":18},{"not_picked":["Stack","Lockon"],"picked":"Chill","floor":19},{"not_picked":["Aggregate","Darkness+1"],"picked":"Conserve Battery+1","floor":20},{"not_picked":["Sweeping Beam","Leap+1"],"picked":"Beam Cell+1","floor":21},{"not_picked":["Ball Lightning","Sweeping Beam"],"picked":"White Noise","floor":22}],"player_experience":716071,"relics_obtained":[{"floor":6.0,"key":"Potion Belt"},{"floor":8,"key":"Thread and Needle"},{"floor":9,"key":"Sundial"},{"floor":11,"key":"Darkstone Periapt"}],"event_choices":[{"damage_healed":0.0,"max_hp_gain":5.0,"max_hp_loss":0.0,"gold_gain":0.0,"event_name":"Big Fish","player_choice":"Donut","floor":2.0,"gold_loss":0.0,"damage_taken":0.0},{"damage_healed":0.0,"max_hp_gain":0.0,"max_hp_loss":0.0,"gold_gain":0.0,"event_name":"Scrap Ooze","player_choice":"Success","floor":3.0,"gold_loss":0.0,"damage_taken":7.0,"relics_obtained":["Anchor"]},{"cards_removed":["Strike_B"],"damage_healed":0,"gold_gain":0,"player_choice":"Card Removal","damage_taken":7,"max_hp_gain":0,"max_hp_loss":0,"event_name":"Golden Wing","floor":14,"gold_loss":0}],"is_beta":false,"boss_relics":[{"not_picked":["Lizard Tail","Orrery"],"picked":"Black Star"}],"items_purged_floors":[],"is_endless":false,"potions_floor_spawned":[1,7,8,16,21,22],"killed_by":"Slavers","ascension_level":10}