{"gold_per_floor":[109,125,275,63,79,109,109,129,153,181,204,204,239,239,239,239],"floor_reached":16,"playtime":719,"items_purged":["Doubt"],"score":236,"play_id":"c8286beb-c44c-44c3-9726-b5bfac100a98","local_time":"20190223134030","is_ascension_mode":true,"campfire_choices":[{"floor":7.0,"key":"REST"},{"data":"Hologram","floor":12.0,"key":"SMITH"},{"data":"Recycle","floor":15.0,"key":"SMITH"}],"neow_cost":"PERCENT_DAMAGE","seed_source_timestamp":36635822538000,"circlet_count":0,"master_deck":["AscendersBane","Strike_B","Strike_B","Strike_B","Defend_B","Defend_B","Defend_B","Defend_B","Zap","Dualcast","Go for the Eyes","Beam Cell","Hologram+1","Ball Lightning","Go for the Eyes","Glacier","Reboot","Conserve Battery","Gash","Recycle+1","Fission","Buffer"],"special_seed":0,"relics":["Cracked Core","Nunchaku","Blood Vial","Pen Nib","Potion Belt","Odd Mushroom","The Courier"],"potions_floor_usage":[16,16,16,16],"damage_taken":[{"damage":2.0,"enemies":"2 Louse","floor":1.0,"turns":2.0},{"damage":9.0,"enemies":"Small Slimes","floor":2.0,"turns":3.0},{"damage":0.0,"enemies":"Cultist","floor":5.0,"turns":2.0},{"damage":25.0,"enemies":"Lagavulin","floor":6.0,"turns":9.0},{"damage":4.0,"enemies":"Red Slaver","floor":8.0,"turns":3.0},{"damage":19.0,"enemies":"Gremlin Nob","floor":10.0,"turns":4.0},{"damage":5.0,"enemies":"The Mushroom Lair","floor":11.0,"turns":4.0},{"damage":3.0,"enemies":"Lagavulin","floor":13.0,"turns":7.0},{"damage":10,"enemies":"Hexaghost","floor":16,"turns":8}],"seed_played":"-1277570799999090707","potions_obtained":[{"floor":2.0,"key":"FearPotion"},{"floor":8.0,"key":"EssenceOfSteel"},{"floor":10.0,"key":"Strength Potion"},{"floor":11.0,"key":"Block Potion"},{"floor":13.0,"key":"FocusPotion"}],"is_trial":false,"path_per_floor":["M","M","?","$","M","E","R","M","T","E","?","R","E","?","R","B"],"character_chosen":"DEFECT","items_purchased":["Hologram","Ball Lightning","Go for the Eyes"],"campfire_rested":1,"item_purchase_floors":[4,4,4],"current_hp_per_floor":[44,35,35,35,35,10,31,29,29,12,9,9,8,8,8,0],"gold":239,"neow_bonus":"ONE_RARE_RELIC","is_prod":false,"is_daily":false,"chose_seed":false,"campfire_upgraded":2,"win_rate":0,"timestamp":1550925630,"path_taken":["M","M","?","$","M","E","R","M","T","E","?","R","E","?","R","BOSS"],"build_version":"2019-02-06","purchased_purges":1,"victory":false,"max_hp_per_floor":[71,71,71,71,71,71,71,71,71,71,71,71,71,71,71,71],"card_choices":[{"not_picked":["Rebound","Beam Cell"],"picked":"Go for the Eyes","floor":1.0},{"not_picked":["Turbo","Consume"],"picked":"Beam Cell","floor":2.0},{"not_picked":["Force Field","Go for the Eyes"],"picked":"Glacier","floor":5.0},{"not_picked":["Ball Lightning","Doom and Gloom"],"picked":"Reboot","floor":6.0},{"not_picked":["Turbo","Doom and Gloom"],"picked":"Conserve Battery","floor":8.0},{"not_picked":["Consume","Hyperbeam"],"picked":"Gash","floor":10.0},{"not_picked":["Coolheaded","Turbo"],"picked":"Recycle","floor":11.0},{"not_picked":["Compile Driver","Tempest"],"picked":"Fission","floor":13.0}],"player_experience":1236198,"relics_obtained":[{"floor":6.0,"key":"Blood Vial"},{"floor":9.0,"key":"Pen Nib"},{"floor":10.0,"key":"Potion Belt"},{"floor":11.0,"key":"Odd Mushroom"},{"floor":13.0,"key":"The Courier"}],"event_choices":[{"damage_healed":0.0,"max_hp_gain":0.0,"max_hp_loss":0.0,"gold_gain":150.0,"event_name":"Liars Game","player_choice":"AGREE","floor":3.0,"gold_loss":0.0,"damage_taken":0.0,"cards_obtained":["Doubt"]},{"damage_healed":0.0,"max_hp_gain":0.0,"max_hp_loss":0.0,"gold_gain":0.0,"event_name":"Mushrooms","player_choice":"Fought Mushrooms","floor":11.0,"gold_loss":0.0,"damage_taken":0.0},{"damage_healed":0.0,"max_hp_gain":0.0,"max_hp_loss":0.0,"gold_gain":0.0,"cards_transformed":["Strike_B"],"event_name":"Transmorgrifier","player_choice":"Transformed","floor":14.0,"gold_loss":0.0,"damage_taken":0.0,"cards_obtained":["Buffer"]}],"is_beta":true,"boss_relics":[],"items_purged_floors":[4],"is_endless":false,"potions_floor_spawned":[2,8,10,11,13],"killed_by":"Hexaghost","ascension_level":20}