{"gold_per_floor":[114,114,133,152,171,209,209,247,247,266,285,216,275,294,294,419,419,438,457,476,495,420,458,458,458,483,483,502,540,540,559,559,684,684,703,703,722,741,741,741,779,779,804,842,861,880,880,918,918,918],"floor_reached":51,"playtime":6344,"items_purged":[],"score":791,"play_id":"0b32665d-87db-465f-b2c6-b35dc31bcc31","local_time":"20180715002531","daily_mods":["Heirloom","Elite Swarm","Binary"],"is_ascension_mode":false,"campfire_choices":[{"floor":7.0,"key":"REST"},{"floor":15.0,"key":"REST"},{"floor":24,"key":"REST"},{"floor":30,"key":"REST"},{"floor":32,"key":"REST"},{"floor":40,"key":"REST"},{"floor":42,"key":"REST"},{"floor":47,"key":"REST"},{"floor":49,"key":"REST"}],"neow_cost":"","seed_source_timestamp":0,"circlet_count":0,"master_deck":["Defend_G+1","Defend_G+1","Defend_G+1","Defend_G+1","Defend_G+1","Strike_G+1","Strike_G+1","Strike_G+1","Strike_G+1","Survivor","Neutralize","Dagger Spray","Masterful Stab","Poisoned Stab","Well Laid Plans","Bullet Time","After Image","Terror","Deflect","Poisoned Stab","Dash","After Image","Dagger Throw","Deadly Poison","Poisoned Stab","All Out Attack","Envenom","Writhe","Outmaneuver","Corpse Explosion+1","Masterful Stab+1","Malaise+1","Dodge and Roll+1","Die Die Die","Predator","Skewer","Flechettes+1","Backstab+1","A Thousand Cuts","Quick Slash+1","Clumsy","Bullet Time","Terror+1","Expertise+1","Quick Slash+1","Burst","Backflip"],"special_seed":17725,"relics":["Ring of the Snake","Bird Faced Urn","Golden Idol","Regal Pillow","Bag of Preparation","Shuriken","Cursed Key","Ginger","Dream Catcher","Matryoshka","Gremlin Horn","Fusion Hammer","Darkstone Periapt","Centennial Puzzle","War Paint","Anchor","Oddly Smooth Stone"],"potions_floor_usage":[23,29,33,50,50,50],"damage_taken":[{"damage":0.0,"enemies":"2 Louse","floor":1.0,"turns":4.0},{"damage":0.0,"enemies":"Jaw Worm","floor":3.0,"turns":5.0},{"damage":0.0,"enemies":"Cultist","floor":4.0,"turns":3.0},{"damage":16.0,"enemies":"Large Slime","floor":5.0,"turns":10.0},{"damage":29.0,"enemies":"Lagavulin","floor":6.0,"turns":11.0},{"damage":22.0,"enemies":"Gremlin Nob","floor":8.0,"turns":5.0},{"damage":5.0,"enemies":"2 Fungi Beasts","floor":10.0,"turns":4.0},{"damage":10.0,"enemies":"Looter","floor":11.0,"turns":4.0},{"damage":5.0,"enemies":"3 Louse","floor":14.0,"turns":3.0},{"damage":26.0,"enemies":"Hexaghost","floor":16.0,"turns":9.0},{"damage":3,"enemies":"Shell Parasite","floor":18,"turns":6},{"damage":4,"enemies":"3 Byrds","floor":19,"turns":5},{"damage":15,"enemies":"Sentry and Sphere","floor":20,"turns":7},{"damage":6,"enemies":"Chosen and Byrds","floor":21,"turns":6},{"damage":28,"enemies":"Gremlin Leader","floor":23,"turns":7},{"damage":10,"enemies":"Centurion and Healer","floor":28,"turns":6},{"damage":52,"enemies":"Book of Stabbing","floor":29,"turns":8},{"damage":14,"enemies":"Snecko","floor":31,"turns":5},{"damage":42,"enemies":"Champ","floor":33,"turns":13},{"damage":26,"enemies":"3 Darklings","floor":35,"turns":5},{"damage":13,"enemies":"3 Shapes","floor":37,"turns":2},{"damage":0,"enemies":"3 Darklings","floor":38,"turns":4},{"damage":28,"enemies":"Nemesis","floor":41,"turns":7},{"damage":6,"enemies":"Giant Head","floor":44,"turns":8},{"damage":16,"enemies":"Sphere and 2 Shapes","floor":45,"turns":6},{"damage":7,"enemies":"4 Shapes","floor":46,"turns":4},{"damage":19,"enemies":"2 Orb Walkers","floor":48,"turns":3},{"damage":54,"enemies":"Awakened One","floor":50,"turns":12}],"seed_played":"5986081896675769642","potions_obtained":[{"floor":1.0,"key":"Ancient Potion"},{"floor":3.0,"key":"Weak Potion"},{"floor":10.0,"key":"SpeedPotion"},{"floor":11.0,"key":"Ancient Potion"},{"floor":16.0,"key":"Poison Potion"},{"floor":23,"key":"SteroidPotion"},{"floor":28,"key":"Fruit Juice"},{"floor":31,"key":"GhostInAJar"},{"floor":38,"key":"PowerPotion"},{"floor":41,"key":"Strength Potion"},{"floor":46,"key":"Regen Potion"}],"is_trial":false,"path_per_floor":["M","?","M","M","M","E","R","E","T","M","M","$","?","M","R","B",null,"M","M","M","M","?","E","R","?","T","?","M","E","R","M","R","B",null,"M","?","M","M","?","R","E","R","T","E","M","M","R","E","R","B"],"character_chosen":"THE_SILENT","items_purchased":["Deadly Poison","Poisoned Stab"],"campfire_rested":9,"item_purchase_floors":[12,12],"current_hp_per_floor":[70,53,53,53,37,10,46,26,26,25,19,19,19,18,54,32,70,67,68,57,57,57,35,70,70,70,70,60,21,58,52,75,36,75,53,53,42,48,48,75,49,75,81,76,66,67,81,66,81,50],"gold":918,"neow_bonus":"","is_prod":false,"is_daily":true,"chose_seed":false,"campfire_upgraded":0,"win_rate":0,"timestamp":1531628731,"path_taken":["M","?","M","?","M","E","R","E","T","M","M","$","?","M","R","BOSS","M","?","?","M","?","E","R","?","T","?","?","E","R","M","R","BOSS","M","?","M","M","?","R","E","R","T","E","M","M","R","E","R","BOSS"],"build_version":"2018-07-12","purchased_purges":0,"victory":true,"max_hp_per_floor":[70,70,70,70,70,70,70,70,70,70,70,70,70,70,70,70,70,70,70,70,70,70,70,70,70,70,70,70,75,75,75,75,75,75,75,75,75,75,75,75,75,75,81,81,81,81,81,81,81,81],"card_choices":[{"not_picked":["Accuracy"],"picked":"Dagger Spray","floor":1.0},{"not_picked":["Dagger Throw"],"picked":"Masterful Stab","floor":3.0},{"not_picked":["PiercingWail"],"picked":"Poisoned Stab","floor":4.0},{"not_picked":["Venomology"],"picked":"Well Laid Plans","floor":5.0},{"not_picked":["Venomology"],"picked":"Bullet Time","floor":6.0},{"not_picked":["Phantasmal Killer"],"picked":"After Image","floor":8.0},{"not_picked":["Slice"],"picked":"Terror","floor":10.0},{"not_picked":["Prepared"],"picked":"Deflect","floor":11.0},{"not_picked":["Endless Agony"],"picked":"Dash","floor":14.0},{"not_picked":["Doppelganger"],"picked":"After Image","floor":16.0},{"not_picked":["Acrobatics"],"picked":"Dagger Throw","floor":18},{"not_picked":["Flechettes"],"picked":"Deadly Poison","floor":19},{"not_picked":["Deflect"],"picked":"Poisoned Stab","floor":20},{"not_picked":["Reflex"],"picked":"All Out Attack","floor":21},{"not_picked":["Storm of Steel"],"picked":"Envenom","floor":23},{"not_picked":["Concentrate"],"picked":"Outmaneuver","floor":28},{"not_picked":["Phantasmal Killer"],"picked":"Corpse Explosion","floor":29},{"not_picked":["Prepared"],"picked":"Masterful Stab+1","floor":30},{"not_picked":["Reflex"],"picked":"Malaise","floor":31},{"not_picked":["Slice"],"picked":"Dodge and Roll+1","floor":32},{"not_picked":["Corpse Explosion"],"picked":"Die Die Die","floor":33},{"not_picked":["Dagger Spray+1"],"picked":"Predator","floor":35},{"not_picked":["Setup+1"],"picked":"Skewer","floor":37},{"not_picked":["Reflex"],"picked":"Flechettes+1","floor":38},{"not_picked":["Blade Dance+1"],"picked":"Backstab+1","floor":40},{"not_picked":["Storm of Steel"],"picked":"A Thousand Cuts","floor":41},{"not_picked":["Accuracy+1"],"picked":"Quick Slash+1","floor":42},{"not_picked":["Venomology"],"picked":"Bullet Time","floor":44},{"not_picked":["Calculated Gamble+1"],"picked":"Terror+1","floor":45},{"not_picked":["Dagger Spray+1"],"picked":"Expertise+1","floor":46},{"not_picked":["Dagger Throw+1"],"picked":"Quick Slash+1","floor":47},{"not_picked":["Storm of Steel"],"picked":"Burst","floor":48},{"not_picked":["Reflex"],"picked":"Backflip","floor":49}],"player_experience":24936,"relics_obtained":[{"floor":6.0,"key":"Regal Pillow"},{"floor":8.0,"key":"Bag of Preparation"},{"floor":9.0,"key":"Shuriken"},{"floor":23,"key":"Ginger"},{"floor":26,"key":"Dream Catcher"},{"floor":29,"key":"Gremlin Horn"},{"floor":41,"key":"Darkstone Periapt"},{"floor":43,"key":"Centennial Puzzle"},{"floor":43,"key":"War Paint"},{"floor":44,"key":"Anchor"},{"floor":48,"key":"Oddly Smooth Stone"}],"event_choices":[{"event_name":"Golden Idol","player_choice":"Take Damage","floor":2.0,"damage_taken":0.0},{"event_name":"Golden Wing","player_choice":"Gained Gold","floor":13.0,"damage_taken":0.0},{"event_name":"Beggar","player_choice":"Gave Gold","floor":22,"damage_taken":0},{"event_name":"Back to Basics","player_choice":"Simplicity","floor":25,"damage_taken":0},{"event_name":"The Mausoleum","player_choice":"Yes","floor":27,"damage_taken":0},{"event_name":"Falling","player_choice":"Removed Skill","floor":36,"damage_taken":0},{"event_name":"Purifier","player_choice":"One Purge","floor":39,"damage_taken":0}],"boss_relics":[{"not_picked":["Tiny House","Orrery"],"picked":"Cursed Key"},{"not_picked":["Velvet Choker","Pandora\u0027s Box"],"picked":"Fusion Hammer"}],"items_purged_floors":[],"is_endless":false,"potions_floor_spawned":[1,3,10,11,16,18,21,23,28,31,38,41,44,45,46],"ascension_level":0}