{"gold_per_floor":[118,118,132,150,160,195,206,221,221,221,232,232,249,249,249,249],"floor_reached":16,"playtime":1030,"items_purged":[],"score":133,"play_id":"cdabd772-552d-4aaf-8693-86fb9ec78c5d","local_time":"20180905152903","is_ascension_mode":true,"campfire_choices":[{"floor":10,"key":"REST"},{"floor":12,"key":"REST"},{"floor":15,"key":"REST"}],"neow_cost":"PERCENT_DAMAGE","seed_source_timestamp":1850356786957410,"circlet_count":0,"master_deck":["Defend_G","Defend_G","Defend_G","Defend_G","Defend_G","Strike_G","Strike_G","Strike_G","Strike_G","Strike_G","Survivor","Neutralize","Skewer","Blur","All Out Attack","Leg Sweep","Backflip","Dagger Spray","Dodge and Roll","Predator","Leg Sweep","Injury"],"relics":["Ring of the Snake","Vajra","Pantograph","Golden Idol"],"potions_floor_usage":[6,16],"damage_taken":[{"damage":6,"enemies":"Jaw Worm","floor":1,"turns":5},{"damage":0,"enemies":"Cultist","floor":3,"turns":3},{"damage":0,"enemies":"2 Louse","floor":4,"turns":4},{"damage":12,"enemies":"Lots of Slimes","floor":5,"turns":5},{"damage":21,"enemies":"Gremlin Nob","floor":6,"turns":6},{"damage":0,"enemies":"Blue Slaver","floor":7,"turns":5},{"damage":0,"enemies":"Exordium Wildlife","floor":8,"turns":5},{"damage":4,"enemies":"Red Slaver","floor":11,"turns":4},{"damage":1,"enemies":"Exordium Thugs","floor":13,"turns":5},{"damage":93,"enemies":"Hexaghost","floor":16,"turns":17}],"seed_played":"-4718957719161467246","potions_obtained":[{"floor":3,"key":"SpeedPotion"},{"floor":5,"key":"Dexterity Potion"},{"floor":6,"key":"SkillPotion"},{"floor":13,"key":"FairyPotion"}],"is_trial":false,"path_per_floor":["M","?","M","M","M","E","M","M","T","R","M","R","M","?","R"],"character_chosen":"THE_SILENT","items_purchased":[],"campfire_rested":3,"item_purchase_floors":[],"current_hp_per_floor":[54,54,54,54,42,21,21,21,21,46,42,67,66,66,84,0],"gold":249,"neow_bonus":"TWENTY_PERCENT_HP_BONUS","is_prod":false,"is_daily":false,"chose_seed":false,"campfire_upgraded":0,"win_rate":0,"timestamp":1536175743,"path_taken":["M","?","?","M","M","E","M","M","T","R","M","R","M","?","R","BOSS"],"build_version":"2018-08-30","purchased_purges":0,"victory":false,"max_hp_per_floor":[84,84,84,84,84,84,84,84,84,84,84,84,84,84,84,84],"card_choices":[{"not_picked":["Underhanded Strike","Prepared"],"picked":"Skewer","floor":1},{"not_picked":["Catalyst","Bane"],"picked":"Blur","floor":3},{"not_picked":["Deadly Poison","Outmaneuver"],"picked":"All Out Attack","floor":4},{"not_picked":["PiercingWail","Expertise"],"picked":"Leg Sweep","floor":5},{"not_picked":["Caltrops","Choke"],"picked":"Backflip","floor":6},{"not_picked":["Flying Knee","Deadly Poison"],"picked":"Dagger Spray","floor":7},{"not_picked":["All Out Attack","Deadly Poison"],"picked":"Dodge and Roll","floor":8},{"not_picked":["Flying Knee","Masterful Stab"],"picked":"Predator","floor":11},{"not_picked":["PiercingWail","Tools of the Trade"],"picked":"Leg Sweep","floor":13}],"player_experience":152915,"relics_obtained":[{"floor":6,"key":"Vajra"},{"floor":9,"key":"Pantograph"}],"event_choices":[{"event_name":"Golden Wing","player_choice":"Ignored","floor":2,"damage_taken":0},{"event_name":"Golden Idol","player_choice":"Take Wound","floor":14,"damage_taken":0}],"is_beta":false,"boss_relics":[],"items_purged_floors":[],"is_endless":false,"potions_floor_spawned":[3,5,6,13],"killed_by":"Hexaghost","ascension_level":5}