{"gold_per_floor":[115,131,141,154,168,168,186,186,209,209,234,11,41,41,41,113,113,131,146,162,162,172,172,200,200,200,62,90,108,108,33,33,110,110,126,126,138,13,28,28,45,45,72,101,17,37,71,91,91,91,91,91,8,35,35],"floor_reached":55,"playtime":3017,"items_purged":["Defend_R","Strike_R","Strike_R"],"score":1363,"play_id":"3cb880fb-33f3-4aa0-a9f1-0d870ba61e00","local_time":"20190502150740","is_ascension_mode":true,"campfire_choices":[{"data":"Feel No Pain","floor":6,"key":"SMITH"},{"data":"Evolve","floor":8,"key":"SMITH"},{"data":"Bash","floor":10,"key":"SMITH"},{"data":"Inflame","floor":15,"key":"SMITH"},{"floor":23,"key":"REST"},{"data":"Clothesline","floor":25,"key":"SMITH"},{"data":"Heavy Blade","floor":30,"key":"SMITH"},{"data":"Double Tap","floor":32,"key":"SMITH"},{"data":"Offering","floor":40,"key":"SMITH"},{"data":"Battle Trance","floor":42,"key":"SMITH"},{"floor":49,"key":"RECALL"},{"data":"Battle Trance","floor":52,"key":"SMITH"}],"neow_cost":"NONE","seed_source_timestamp":705387589627600,"circlet_count":0,"master_deck":["AscendersBane","Strike_R","Strike_R","Defend_R","Defend_R","Defend_R","Bash+1","Twin Strike","Ghostly Armor","Clothesline+1","Evolve+1","Feel No Pain+1","Battle Trance+1","Reaper","Inflame+1","Double Tap+1","Offering+1","Intimidate","Dropkick","Sword Boomerang","Inflame+1","Battle Trance+1","Ghostly Armor+1","Headbutt","Heavy Blade+1","Limit Break+1","Dramatic Entrance","Headbutt","Reckless Charge","Enlightenment+1"],"relics":["Burning Blood","Red Skull","Lantern","Bag of Marbles","Happy Flower","Omamori","Ancient Tea Set","Toxic Egg 2","Bag of Preparation","Cursed Key","Darkstone Periapt","Letter Opener","Pen Nib"],"potions_floor_usage":[11,13,16,19,28,28,33,47,50],"damage_taken":[{"damage":8,"enemies":"Jaw Worm","floor":1,"turns":5},{"damage":1,"enemies":"Cultist","floor":2,"turns":3},{"damage":3,"enemies":"Small Slimes","floor":3,"turns":5},{"damage":11,"enemies":"Red Slaver","floor":4,"turns":6},{"damage":13,"enemies":"Blue Slaver","floor":5,"turns":5},{"damage":2,"enemies":"2 Fungi Beasts","floor":7,"turns":5},{"damage":26,"enemies":"Lagavulin","floor":11,"turns":8},{"damage":24,"enemies":"Gremlin Nob","floor":13,"turns":4},{"damage":36,"enemies":"Hexaghost","floor":16,"turns":11},{"damage":24,"enemies":"Spheric Guardian","floor":18,"turns":4},{"damage":16,"enemies":"Chosen","floor":19,"turns":5},{"damage":34,"enemies":"Snecko","floor":20,"turns":5},{"damage":28,"enemies":"Centurion and Healer","floor":22,"turns":5},{"damage":22,"enemies":"Gremlin Leader","floor":24,"turns":6},{"damage":6,"enemies":"Slavers","floor":28,"turns":2},{"damage":18,"enemies":"3 Cultists","floor":29,"turns":4},{"damage":92,"enemies":"Champ","floor":33,"turns":10},{"damage":8,"enemies":"3 Shapes","floor":35,"turns":7},{"damage":25,"enemies":"3 Darklings","floor":37,"turns":7},{"damage":49,"enemies":"Writhing Mass","floor":39,"turns":4},{"damage":11,"enemies":"Maw","floor":41,"turns":6},{"damage":21,"enemies":"Nemesis","floor":44,"turns":3},{"damage":31,"enemies":"Transient","floor":46,"turns":5},{"damage":57,"enemies":"Reptomancer","floor":47,"turns":5},{"damage":9,"enemies":"Sphere and 2 Shapes","floor":48,"turns":5},{"damage":68,"enemies":"Donu and Deca","floor":50,"turns":7},{"damage":18,"enemies":"Shield and Spear","floor":54,"turns":2},{"damage":69,"enemies":"The Heart","floor":55,"turns":3}],"seed_played":"8584307712158127618","potions_obtained":[{"floor":4,"key":"LiquidBronze"},{"floor":5,"key":"Weak Potion"},{"floor":7,"key":"SkillPotion"},{"floor":11,"key":"GamblersBrew"},{"floor":18,"key":"Weak Potion"},{"floor":19,"key":"Explosive Potion"},{"floor":22,"key":"Fire Potion"},{"floor":29,"key":"GamblersBrew"},{"floor":36,"key":"Ancient Potion"},{"floor":36,"key":"SpeedPotion"},{"floor":37,"key":"Dexterity Potion"},{"floor":39,"key":"Energy Potion"},{"floor":47,"key":"Fire Potion"}],"is_trial":false,"path_per_floor":["M","M","M","M","M","R","M","R","T","R","E","$","E","?","R","B",null,"M","M","M","?","M","R","E","R","T","$","E","M","R","?","R","B",null,"M","?","M","$","M","R","M","R","T","E","$","M","E","M","R","B",null,"R","$","E","B"],"character_chosen":"IRONCLAD","items_purchased":["Happy Flower","Ghostly Armor+1","Dramatic Entrance","Enlightenment+1"],"campfire_rested":1,"item_purchase_floors":[12,27,45,53],"current_hp_per_floor":[66,71,74,69,62,62,66,66,66,66,46,46,34,34,34,29,64,48,63,35,35,13,35,63,63,63,63,75,63,63,63,63,15,60,65,65,75,75,32,32,34,34,34,47,47,55,40,54,54,17,61,61,61,49,0],"gold":35,"neow_bonus":"RANDOM_COMMON_RELIC","is_prod":false,"is_daily":false,"chose_seed":false,"campfire_upgraded":10,"win_rate":0,"timestamp":1556824060,"path_taken":["M","M","M","M","M","R","M","R","T","R","E","$","E","?","R","BOSS","M","?","M","?","M","R","E","R","T","$","E","?","R","?","R","BOSS","M","?","M","$","?","R","M","R","T","E","$","M","E","M","R","BOSS","R","$","E","BOSS"],"build_version":"2019-01-23","purchased_purges":3,"victory":false,"max_hp_per_floor":[75,75,75,75,75,75,75,75,75,75,75,75,75,75,75,75,75,75,75,75,75,75,75,75,75,75,75,75,75,75,75,75,75,75,75,75,75,75,75,75,75,75,75,75,75,75,75,75,75,75,75,75,75,75,75],"card_choices":[{"not_picked":["Thunderclap","Iron Wave"],"picked":"Twin Strike","floor":1},{"not_picked":["Havoc","Sentinel"],"picked":"Ghostly Armor","floor":2},{"not_picked":["Clash","Sever Soul"],"picked":"Clothesline","floor":3},{"not_picked":["Havoc","Entrench"],"picked":"Evolve","floor":4},{"not_picked":["Headbutt","Hemokinesis"],"picked":"Feel No Pain","floor":5},{"not_picked":["Berserk","Armaments"],"picked":"Battle Trance","floor":7},{"not_picked":["Wild Strike","Infernal Blade"],"picked":"Reaper","floor":11},{"not_picked":["Blood for Blood","Intimidate"],"picked":"Inflame","floor":13},{"not_picked":["Berserk","Fiend Fire"],"picked":"Offering","floor":16},{"not_picked":["Body Slam","Searing Blow"],"picked":"Intimidate","floor":18},{"not_picked":["Armaments","Flame Barrier"],"picked":"Dropkick","floor":19},{"not_picked":["Clothesline","Warcry"],"picked":"Sword Boomerang","floor":20},{"not_picked":["Disarm","Sword Boomerang"],"picked":"Battle Trance","floor":22},{"not_picked":["Ghostly Armor","Pommel Strike","Cleave"],"picked":"SKIP","floor":24},{"not_picked":["Perfected Strike","Bloodletting+1"],"picked":"Headbutt","floor":28},{"not_picked":["Exhume+1","Headbutt"],"picked":"Heavy Blade","floor":29},{"not_picked":["Reaper","Immolate"],"picked":"Limit Break+1","floor":33},{"not_picked":["Clash","Pommel Strike","Body Slam"],"picked":"SKIP","floor":35},{"not_picked":["Entrench+1","Feel No Pain","Wild Strike"],"picked":"SKIP","floor":37},{"not_picked":["Flex+1","Uppercut","Combust"],"picked":"SKIP","floor":39},{"not_picked":["Sentinel+1","Evolve","True Grit+1"],"picked":"SKIP","floor":41},{"not_picked":["Fire Breathing","Metallicize","Cleave+1"],"picked":"SKIP","floor":44},{"not_picked":["Wild Strike","Power Through+1"],"picked":"Headbutt","floor":46},{"not_picked":["Sword Boomerang","Bloodletting+1"],"picked":"Reckless Charge","floor":47},{"not_picked":["Anger+1","Hemokinesis","Warcry+1"],"picked":"SKIP","floor":48},{"not_picked":["Clash","Heavy Blade","Cleave"],"picked":"SKIP","floor":54}],"player_experience":411829,"relics_obtained":[{"floor":9,"key":"Lantern"},{"floor":11,"key":"Bag of Marbles"},{"floor":13,"key":"Omamori"},{"floor":24,"key":"Ancient Tea Set"},{"floor":26,"key":"Toxic Egg 2"},{"floor":28,"key":"Bag of Preparation"},{"floor":44,"key":"Darkstone Periapt"},{"floor":47,"key":"Letter Opener"},{"floor":54,"key":"Pen Nib"}],"event_choices":[{"damage_healed":0,"gold_gain":0,"player_choice":"1 cards matched","damage_taken":0,"max_hp_gain":0,"max_hp_loss":0,"event_name":"Match and Keep!","floor":14,"gold_loss":0,"cards_obtained":["Double Tap"]},{"damage_healed":0,"gold_gain":0,"player_choice":"Copied","damage_taken":0,"max_hp_gain":0,"max_hp_loss":0,"event_name":"Duplicator","floor":21,"gold_loss":0,"cards_obtained":["Inflame"]},{"cards_removed":["Strike_R"],"damage_healed":0,"gold_gain":0,"player_choice":"Gave Gold","damage_taken":0,"max_hp_gain":0,"max_hp_loss":0,"event_name":"Beggar","floor":31,"gold_loss":75},{"damage_healed":0,"gold_gain":0,"player_choice":"Got Potions","damage_taken":0,"max_hp_gain":0,"max_hp_loss":0,"event_name":"Lab","floor":36,"gold_loss":0}],"is_beta":false,"boss_relics":[{"not_picked":["Coffee Dripper","Runic Pyramid","Runic Dome"]},{"not_picked":["Astrolabe","Busted Crown"],"picked":"Cursed Key"}],"items_purged_floors":[12,27,38],"is_endless":false,"potions_floor_spawned":[4,5,7,11,18,19,22,29,37,39,41,47],"killed_by":"The Heart","ascension_level":15}