{"gold_per_floor":[119,133,147,97,112,141,141,176,176,15,25,25,53,71,71,171,171,187,9,9,9,9,43,62,62,62,80,105,105,138,138,138,234,234,244,244,259,1258,1275,1275,1275,1275,1275,1275,9,29,62,114,114,114],"floor_reached":51,"playtime":8973,"items_purged":[],"score":885,"play_id":"5a983a32-3327-41ed-8cf6-db762af3dc8a","local_time":"20181223142233","is_ascension_mode":true,"campfire_choices":[{"floor":15,"key":"REST"},{"data":"Wraith Form v2","floor":25,"key":"SMITH"},{"data":"Tools of the Trade","floor":29,"key":"SMITH"},{"floor":32,"key":"REST"},{"floor":40,"key":"RECALL"},{"floor":42,"key":"REST"},{"data":"Adrenaline","floor":49,"key":"SMITH"}],"neow_cost":"NONE","seed_source_timestamp":920496327647339,"circlet_count":0,"master_deck":["Defend_G","Defend_G","Defend_G","Defend_G","Defend_G","Strike_G","Strike_G","Strike_G","Strike_G","Survivor","Neutralize","Predator","Noxious Fumes","Wraith Form v2+1","Tools of the Trade+1","Parasite","Noxious Fumes","Dash","Caltrops","Backflip","Dodge and Roll","PiercingWail","A Thousand Cuts","Footwork","Predator","RitualDagger","Adrenaline+1","Caltrops+1","Dash","Backstab","A Thousand Cuts","Blade Dance+1","Backflip+1","Normality","Normality","Good Instincts","Writhe","Noxious Fumes","Backstab+1","Caltrops+1","Distraction+1"],"relics":["Ring of the Serpent","NeowsBlessing","Mummified Hand","Anchor","Happy Flower","Mercury Hourglass","Juzu Bracelet","The Courier","Ninja Scroll","Du-Vu Doll","Tough Bandages","Paper Crane","Nilry\u0027s Codex","WristBlade","Shuriken","HandDrill","Blood Vial","FossilizedHelix","Dream Catcher","Dodecahedron","Bronze Scales","Toxic Egg 2","Frozen Egg 2","Calipers"],"potions_floor_usage":[6,13,23,27,33,35,39,47],"damage_taken":[{"damage":0,"enemies":"Cultist","floor":1,"turns":1},{"damage":0,"enemies":"Jaw Worm","floor":2,"turns":1},{"damage":0,"enemies":"2 Louse","floor":3,"turns":1},{"damage":20,"enemies":"Lots of Slimes","floor":5,"turns":4},{"damage":8,"enemies":"Gremlin Nob","floor":6,"turns":6},{"damage":28,"enemies":"Lagavulin","floor":8,"turns":8},{"damage":0,"enemies":"3 Louse","floor":11,"turns":4},{"damage":5,"enemies":"3 Sentries","floor":13,"turns":6},{"damage":0,"enemies":"Blue Slaver","floor":14,"turns":3},{"damage":13,"enemies":"Hexaghost","floor":16,"turns":9},{"damage":7,"enemies":"Chosen","floor":18,"turns":5},{"damage":4,"enemies":"Gremlin Leader","floor":23,"turns":8},{"damage":9,"enemies":"Shell Parasite","floor":24,"turns":5},{"damage":4,"enemies":"Centurion and Healer","floor":27,"turns":4},{"damage":3,"enemies":"Book of Stabbing","floor":28,"turns":5},{"damage":1,"enemies":"Gremlin Leader","floor":30,"turns":6},{"damage":6,"enemies":"Champ","floor":33,"turns":12},{"damage":19,"enemies":"3 Darklings","floor":35,"turns":3},{"damage":1,"enemies":"Orb Walker","floor":37,"turns":2},{"damage":30,"enemies":"Maw","floor":39,"turns":6},{"damage":1,"enemies":"Spire Growth","floor":46,"turns":5},{"damage":0,"enemies":"Nemesis","floor":47,"turns":5},{"damage":0,"enemies":"2 Orb Walkers","floor":48,"turns":2},{"damage":22,"enemies":"Donu and Deca","floor":50,"turns":7}],"seed_played":"-7860731623957387897","potions_obtained":[{"floor":1,"key":"Block Potion"},{"floor":3,"key":"Dexterity Potion"},{"floor":14,"key":"SmokeBomb"},{"floor":18,"key":"Regen Potion"},{"floor":24,"key":"EssenceOfSteel"},{"floor":30,"key":"Dexterity Potion"},{"floor":37,"key":"GamblersBrew"},{"floor":39,"key":"Dexterity Potion"}],"is_trial":false,"path_per_floor":["M","M","M","?","M","E","?","E","T","$","M","?","E","M","R","B",null,"M","$","?","T","?","E","M","R","T","M","E","R","E","?","R","B",null,"M","?","M","?","M","R","?","R","T","?","$","M","E","?","R","B",null],"character_chosen":"THE_SILENT","items_purchased":["Dash","Caltrops","Block Potion","Juzu Bracelet","Predator","HandDrill","Blood Vial","FossilizedHelix","Dream Catcher","Dodecahedron","Bronze Scales","Toxic Egg 2","Noxious Fumes","Block Potion"],"campfire_rested":3,"item_purchase_floors":[10,10,10,19,19,45,45,45,45,45,45,45,45,45],"current_hp_per_floor":[70,70,70,70,50,42,59,31,31,31,31,24,19,19,40,27,70,63,63,63,63,57,67,58,58,58,54,51,51,50,34,55,49,70,51,51,50,50,20,20,20,41,41,59,59,60,62,64,64,44],"gold":114,"neow_bonus":"THREE_ENEMY_KILL","is_prod":false,"is_daily":false,"chose_seed":false,"campfire_upgraded":3,"win_rate":0,"timestamp":1545592953,"path_taken":["M","M","M","?","M","E","?","E","T","$","M","?","E","M","R","BOSS","M","?","?","?","?","E","M","R","T","M","E","R","E","?","R","BOSS","M","?","M","?","M","R","?","R","T","?","?","M","E","?","R","BOSS"],"build_version":"2018-12-20","purchased_purges":0,"victory":true,"max_hp_per_floor":[70,70,70,70,70,70,70,70,70,70,70,70,70,70,70,70,70,70,70,70,70,70,70,70,70,70,70,70,70,70,70,70,70,70,70,70,70,70,70,70,70,70,70,70,70,70,70,70,70,70],"card_choices":[{"not_picked":["Expertise","Poisoned Stab"],"picked":"Predator","floor":1},{"not_picked":["Dagger Spray","Slice"],"picked":"Acrobatics","floor":2},{"not_picked":["Deflect","Deadly Poison"],"picked":"Noxious Fumes","floor":3},{"not_picked":["Backflip","Outmaneuver"],"picked":"Wraith Form v2","floor":5},{"not_picked":["Flying Knee","Underhanded Strike"],"picked":"Tools of the Trade","floor":6},{"not_picked":["Deadly Poison","Prepared"],"picked":"Noxious Fumes","floor":8},{"not_picked":["Prepared","Dagger Throw"],"picked":"Backflip","floor":11},{"not_picked":["Eviscerate","Deadly Poison"],"picked":"Dodge and Roll","floor":13},{"not_picked":["Flying Knee","Slice"],"picked":"PiercingWail","floor":14},{"not_picked":["Envenom","Bullet Time"],"picked":"A Thousand Cuts","floor":16},{"not_picked":["Prepared","Dagger Spray"],"picked":"Footwork","floor":18},{"not_picked":["Backstab","Bouncing Flask"],"picked":"Adrenaline","floor":23},{"not_picked":["Infinite Blades","Acrobatics"],"picked":"Caltrops+1","floor":24},{"not_picked":["Quick Slash","Underhanded Strike","Deadly Poison+1"],"picked":"SKIP","floor":27},{"not_picked":["Quick Slash","Expertise"],"picked":"Dash","floor":28},{"not_picked":["PiercingWail","Cloak And Dagger"],"picked":"Backstab","floor":30},{"not_picked":["Corpse Explosion","Bullet Time"],"picked":"A Thousand Cuts","floor":33},{"not_picked":["Prepared","Choke"],"picked":"Blade Dance+1","floor":35},{"not_picked":["Dodge and Roll","Underhanded Strike+1"],"picked":"Backflip+1","floor":37},{"not_picked":["Underhanded Strike","Flying Knee+1","Dagger Spray"],"picked":"SKIP","floor":39},{"not_picked":["HandOfGreed","Forethought"],"picked":"Good Instincts","floor":41},{"not_picked":["Crippling Poison+1","Prepared+1"],"picked":"Backstab+1","floor":46},{"not_picked":["Flying Knee+1","Grand Finale"],"picked":"Caltrops+1","floor":47},{"not_picked":["Flechettes+1","Deflect+1"],"picked":"Distraction+1","floor":48}],"player_experience":409012,"relics_obtained":[{"floor":6,"key":"Mummified Hand"},{"floor":8,"key":"Anchor"},{"floor":9,"key":"Happy Flower"},{"floor":13,"key":"Mercury Hourglass"},{"floor":21,"key":"The Courier"},{"floor":23,"key":"Ninja Scroll"},{"floor":26,"key":"Du-Vu Doll"},{"floor":28,"key":"Tough Bandages"},{"floor":30,"key":"Paper Crane"},{"floor":31,"key":"Nilry\u0027s Codex"},{"floor":43,"key":"Shuriken"},{"floor":47,"key":"Frozen Egg 2"},{"floor":48,"key":"Calipers"}],"event_choices":[{"cards_removed":["Strike_G"],"damage_healed":0,"gold_gain":0,"player_choice":"Card Removal","damage_taken":0,"max_hp_gain":0,"max_hp_loss":0,"event_name":"The Cleric","floor":4,"gold_loss":50},{"damage_healed":17,"gold_gain":0,"player_choice":"Healed and dodged fight","damage_taken":0,"max_hp_gain":0,"max_hp_loss":0,"event_name":"Mushrooms","floor":7,"gold_loss":0,"cards_obtained":["Parasite"]},{"damage_healed":0,"gold_gain":0,"player_choice":"Damaged","damage_taken":7,"max_hp_gain":0,"max_hp_loss":0,"event_name":"Wheel of Change","floor":12,"gold_loss":0},{"damage_healed":0,"gold_gain":0,"player_choice":"Ignored","damage_taken":0,"max_hp_gain":0,"max_hp_loss":0,"event_name":"Beggar","floor":20,"gold_loss":0},{"damage_healed":0,"gold_gain":0,"player_choice":"Joined the Cult","damage_taken":6,"max_hp_gain":0,"max_hp_loss":0,"event_name":"Nest","floor":22,"gold_loss":0,"cards_obtained":["RitualDagger"]},{"damage_healed":0,"gold_gain":0,"player_choice":"Obtained Book","damage_taken":16,"max_hp_gain":0,"max_hp_loss":0,"event_name":"Cursed Tome","floor":31,"gold_loss":0},{"cards_removed":["Acrobatics"],"damage_healed":0,"gold_gain":0,"player_choice":"Removed Skill","damage_taken":0,"max_hp_gain":0,"max_hp_loss":0,"event_name":"Falling","floor":36,"gold_loss":0},{"damage_healed":0,"gold_gain":999,"player_choice":"Gold","damage_taken":0,"max_hp_gain":0,"max_hp_loss":0,"event_name":"MindBloom","floor":38,"gold_loss":0,"cards_obtained":["Normality","Normality"]},{"damage_healed":0,"gold_gain":0,"player_choice":"Memory 1","damage_taken":0,"max_hp_gain":0,"max_hp_loss":0,"event_name":"SensoryStone","floor":41,"gold_loss":0},{"damage_healed":18,"gold_gain":0,"player_choice":"Writhe","damage_taken":0,"max_hp_gain":0,"max_hp_loss":0,"event_name":"Winding Halls","floor":44,"gold_loss":0,"cards_obtained":["Writhe"]},{"damage_healed":0,"gold_gain":0,"player_choice":"Fight","damage_taken":0,"max_hp_gain":0,"max_hp_loss":0,"event_name":"Mysterious Sphere","floor":48,"gold_loss":0}],"is_beta":false,"boss_relics":[{"not_picked":["Runic Dome","Velvet Choker"],"picked":"Ring of the Serpent"},{"not_picked":["Lizard Tail","Runic Pyramid"],"picked":"WristBlade"}],"items_purged_floors":[],"is_endless":false,"potions_floor_spawned":[1,3,14,18,24,30,37,39,46],"ascension_level":3}