{"gold_per_floor":[110,110,60,60,72,72,99,109,135,135,135,154,229,154,154,255,255,275,275,13,13,27,27,27,27,27,27,27,27,39,59,59,59],"floor_reached":33,"playtime":867,"items_purged":["Strike_B+1","Fission"],"score":277,"play_id":"05785b68-69e7-4c77-ab77-fde76d244cec","local_time":"20190221230754","is_ascension_mode":true,"campfire_choices":[{"data":"Sweeping Beam","floor":6,"key":"SMITH"},{"data":"Redo","floor":10,"key":"SMITH"},{"data":"Zap","floor":15,"key":"SMITH"},{"data":"Dualcast","floor":23,"key":"SMITH"},{"data":"Defend_B","floor":25,"key":"SMITH"},{"data":"Magnetism","floor":29,"key":"SMITH"},{"floor":32,"key":"REST"}],"neow_cost":"NONE","seed_source_timestamp":30446104465637,"circlet_count":0,"master_deck":["Defend_B","Defend_B","Defend_B+1","Zap+1","Dualcast+1","Redo+1","Sweeping Beam+1","White Noise","Magnetism+1"],"relics":["Cracked Core","NeowsBlessing","Whetstone","Strawberry","Eternal Feather","Ice Cream"],"potions_floor_usage":[16,30],"damage_taken":[{"damage":0,"enemies":"2 Louse","floor":1,"turns":1},{"damage":0,"enemies":"Jaw Worm","floor":5,"turns":1},{"damage":0,"enemies":"3 Sentries","floor":7,"turns":1},{"damage":10,"enemies":"Small Slimes","floor":8,"turns":3},{"damage":7,"enemies":"Blue Slaver","floor":12,"turns":2},{"damage":41,"enemies":"Slime Boss","floor":16,"turns":11},{"damage":5,"enemies":"Spheric Guardian","floor":18,"turns":3},{"damage":20,"enemies":"Shell Parasite","floor":22,"turns":4},{"damage":35,"enemies":"Snecko","floor":30,"turns":6},{"damage":25,"enemies":"Colosseum Slavers","floor":31,"turns":4},{"damage":68,"enemies":"Automaton","floor":33,"turns":6}],"seed_played":"6587229188609332147","potions_obtained":[{"floor":5,"key":"Fire Potion"},{"floor":18,"key":"GamblersBrew"}],"is_trial":false,"path_per_floor":["M","?","?","$","M","R","E","M","T","R","?","M","?","$","R","B",null,"M","?","$","?","M","R","?","R","T","$","?","R","M","?","R","B"],"character_chosen":"DEFECT","items_purchased":["Magnetism"],"campfire_rested":1,"item_purchase_floors":[20],"current_hp_per_floor":[75,75,75,75,75,75,75,65,72,72,65,58,47,47,47,6,82,77,77,77,77,57,60,60,63,63,63,63,66,31,6,33,0],"gold":59,"neow_bonus":"THREE_ENEMY_KILL","is_prod":false,"is_daily":false,"chose_seed":false,"campfire_upgraded":6,"win_rate":0,"timestamp":1550808474,"path_taken":["M","?","?","$","M","R","E","M","T","R","?","M","?","$","R","BOSS","M","?","$","?","M","R","?","R","T","$","?","R","?","?","R","BOSS"],"build_version":"2019-01-23","purchased_purges":2,"victory":false,"max_hp_per_floor":[75,75,75,75,75,75,75,75,82,82,82,82,82,82,82,82,82,82,82,82,82,82,82,82,82,82,82,82,82,82,82,82,82],"card_choices":[{"not_picked":["Leap","Aggregate"],"picked":"Redo","floor":1},{"not_picked":["Rebound","Steam"],"picked":"Sweeping Beam","floor":5},{"not_picked":["Cold Snap","Barrage"],"picked":"White Noise","floor":7},{"not_picked":["Undo","Go for the Eyes","Rip and Tear"],"picked":"SKIP","floor":8},{"not_picked":["Leap","Blizzard","Ball Lightning"],"picked":"SKIP","floor":12},{"not_picked":["Creative AI","Seek"],"picked":"Fission","floor":16},{"not_picked":["Reinforced Body","Go for the Eyes","Sweeping Beam"],"picked":"SKIP","floor":18},{"not_picked":["Consume","Rebound","Gash+1"],"picked":"SKIP","floor":22},{"not_picked":["Ball Lightning","Static Discharge","Steam"],"picked":"SKIP","floor":30}],"player_experience":335030,"relics_obtained":[{"floor":7,"key":"Whetstone"},{"floor":9,"key":"Strawberry"},{"floor":26,"key":"Ice Cream"}],"event_choices":[{"cards_removed":["Strike_B"],"damage_healed":0,"gold_gain":0,"player_choice":"Forget","damage_taken":0,"max_hp_gain":0,"max_hp_loss":0,"event_name":"Living Wall","floor":2,"gold_loss":0},{"cards_removed":["Strike_B"],"damage_healed":0,"gold_gain":0,"player_choice":"Card Removal","damage_taken":0,"max_hp_gain":0,"max_hp_loss":0,"event_name":"The Cleric","floor":3,"gold_loss":50},{"cards_removed":["Defend_B"],"damage_healed":0,"gold_gain":0,"player_choice":"Card Removal","damage_taken":7,"max_hp_gain":0,"max_hp_loss":0,"event_name":"Golden Wing","floor":11,"gold_loss":0},{"damage_healed":0,"gold_gain":75,"player_choice":"Gather Gold","damage_taken":11,"max_hp_gain":0,"max_hp_loss":0,"event_name":"World of Goop","floor":13,"gold_loss":0},{"cards_removed":["Strike_B"],"damage_healed":0,"gold_gain":0,"player_choice":"Elegance","damage_taken":0,"max_hp_gain":0,"max_hp_loss":0,"event_name":"Back to Basics","floor":19,"gold_loss":0},{"damage_healed":0,"gold_gain":0,"player_choice":"Ignored","damage_taken":0,"max_hp_gain":0,"max_hp_loss":0,"event_name":"The Mausoleum","floor":21,"gold_loss":0},{"damage_healed":0,"gold_gain":0,"player_choice":"Ignored","damage_taken":0,"max_hp_gain":0,"max_hp_loss":0,"event_name":"Vampires","floor":24,"gold_loss":0},{"damage_healed":0,"gold_gain":0,"player_choice":"Ignored","damage_taken":0,"max_hp_gain":0,"max_hp_loss":0,"event_name":"Beggar","floor":28,"gold_loss":0},{"damage_healed":0,"gold_gain":0,"player_choice":"Fight","damage_taken":0,"max_hp_gain":0,"max_hp_loss":0,"event_name":"Colosseum","floor":31,"gold_loss":0},{"damage_healed":0,"gold_gain":0,"player_choice":"Fled From Nobs","damage_taken":0,"max_hp_gain":0,"max_hp_loss":0,"event_name":"Colosseum","floor":31,"gold_loss":0}],"is_beta":false,"boss_relics":[{"not_picked":["Snecko Eye","Fusion Hammer"],"picked":"Eternal Feather"}],"items_purged_floors":[14,20],"is_endless":false,"potions_floor_spawned":[5,18,31],"killed_by":"Automaton","ascension_level":1}