{"gold_per_floor":[118,83,83,101,27,27,53,53,53,53,69,44,44,64,64,169,169,185,104,119,130,150,180,180,207,207,207,225,237,237,263,263,366,366,379,379,379,395,273,273,273,28,51,66,96,111,111,127,127,127,127,127,2,30,30],"floor_reached":56,"playtime":7860,"items_purged":["Strike_R","Strike_R","Strike_R"],"score":1379,"play_id":"b75ad957-e003-4327-b878-3bf83cd478e4","local_time":"20190105205453","is_ascension_mode":true,"campfire_choices":[{"data":"True Grit","floor":6.0,"key":"SMITH"},{"data":"Inflame","floor":8.0,"key":"SMITH"},{"data":"Fiend Fire","floor":10.0,"key":"SMITH"},{"data":"Inflame","floor":15.0,"key":"SMITH"},{"floor":24.0,"key":"REST"},{"floor":27.0,"key":"REST"},{"floor":30.0,"key":"REST"},{"data":"Limit Break","floor":32.0,"key":"SMITH"},{"floor":40.0,"key":"RECALL"},{"floor":47.0,"key":"REST"},{"data":"Offering","floor":49.0,"key":"SMITH"},{"data":"Master of Strategy","floor":52.0,"key":"SMITH"}],"neow_cost":"NONE","seed_source_timestamp":2064913955647982,"circlet_count":0,"master_deck":["Strike_R","Defend_R","Defend_R","Defend_R","Defend_R","Bash","Anger","Whirlwind","True Grit+1","Fiend Fire+1","Inflame+1","Inflame+1","Shrug It Off","Limit Break+1","Dark Shackles","Shockwave+1","Offering+1","Iron Wave+1","Heavy Blade+1","Reaper","Master of Strategy+1","Twin Strike","Pommel Strike+1","Disarm+1","Metallicize"],"special_seed":0,"relics":["Burning Blood","NeowsBlessing","Singing Bowl","Question Card","Busted Crown","Letter Opener","PreservedInsect","Sundial","Strawberry","Runic Cube","Orichalcum","Omamori","Mummified Hand"],"potions_floor_usage":[55],"damage_taken":[{"damage":0.0,"enemies":"Cultist","floor":1.0,"turns":1.0},{"damage":0.0,"enemies":"Jaw Worm","floor":4.0,"turns":1.0},{"damage":0.0,"enemies":"Lagavulin","floor":7.0,"turns":1.0},{"damage":0.0,"enemies":"2 Louse","floor":11.0,"turns":3.0},{"damage":8.0,"enemies":"Blue Slaver","floor":14.0,"turns":4.0},{"damage":33.0,"enemies":"Slime Boss","floor":16.0,"turns":8.0},{"damage":25.0,"enemies":"3 Byrds","floor":18.0,"turns":4.0},{"damage":0.0,"enemies":"Spheric Guardian","floor":20.0,"turns":3.0},{"damage":6.0,"enemies":"Cultist and Chosen","floor":21.0,"turns":5.0},{"damage":24.0,"enemies":"Centurion and Healer","floor":22.0,"turns":5.0},{"damage":29.0,"enemies":"Slavers","floor":23.0,"turns":5.0},{"damage":21.0,"enemies":"Gremlin Leader","floor":25.0,"turns":4.0},{"damage":6.0,"enemies":"Chosen and Byrds","floor":28.0,"turns":4.0},{"damage":24.0,"enemies":"Snake Plant","floor":29.0,"turns":3.0},{"damage":23.0,"enemies":"Book of Stabbing","floor":31.0,"turns":4.0},{"damage":77.0,"enemies":"Champ","floor":33.0,"turns":9.0},{"damage":18.0,"enemies":"3 Darklings","floor":35.0,"turns":4.0},{"damage":12.0,"enemies":"3 Shapes","floor":38.0,"turns":2.0},{"damage":29.0,"enemies":"Writhing Mass","floor":44.0,"turns":5.0},{"damage":22.0,"enemies":"Reptomancer","floor":45.0,"turns":4.0},{"damage":18.0,"enemies":"Sphere and 2 Shapes","floor":46.0,"turns":5.0},{"damage":8.0,"enemies":"3 Darklings","floor":48.0,"turns":3.0},{"damage":60.0,"enemies":"Awakened One","floor":50.0,"turns":9.0},{"damage":60.0,"enemies":"Shield and Spear","floor":54.0,"turns":4.0},{"damage":42,"enemies":"The Heart","floor":55,"turns":4}],"seed_played":"-2032489907456066038","potions_obtained":[{"floor":4.0,"key":"AttackPotion"},{"floor":7.0,"key":"Dexterity Potion"},{"floor":11.0,"key":"SkillPotion"},{"floor":21.0,"key":"Ancient Potion"},{"floor":25.0,"key":"BloodPotion"},{"floor":29.0,"key":"SmokeBomb"},{"floor":38.0,"key":"Poison Potion"},{"floor":45.0,"key":"LiquidBronze"},{"floor":48.0,"key":"Block Potion"}],"is_trial":false,"path_per_floor":["M","$","?","M","$","R","E","R","T","R","M","$","?","M","R","B",null,"M","$","M","M","M","E","R","E","T","R","M","M","R","E","R","B",null,"M","?","?","M","$","R","?","$","T","M","E","M","R","M","R","B",null,"R","$","E","B",null],"character_chosen":"IRONCLAD","items_purchased":["Whirlwind","Fiend Fire","Shrug It Off","Dark Shackles","Twin Strike","Orichalcum"],"campfire_rested":4,"item_purchase_floors":[2,5,12,19,39,42],"current_hp_per_floor":[80,80,80,80,80,80,80,80,80,80,80,80,80,80,80,53,82,63,63,71,73,57,34,60,45,45,71,81,63,90,80,80,9,97,87,87,87,83,83,83,83,83,83,75,61,49,78,100,100,62,100,100,100,46,70],"gold":30,"neow_bonus":"THREE_ENEMY_KILL","is_prod":false,"is_daily":false,"chose_seed":false,"campfire_upgraded":7,"win_rate":0,"timestamp":1546739693,"path_taken":["M","$","?","?","$","R","E","R","T","R","M","?","?","M","R","BOSS","M","$","M","M","M","E","R","E","T","R","M","M","R","E","R","BOSS","M","?","?","M","$","R","?","?","T","M","E","?","R","M","R","BOSS","R","$","E","BOSS"],"build_version":"2019-01-03v4","purchased_purges":3,"victory":true,"max_hp_per_floor":[80,80,80,80,80,80,80,80,80,80,80,80,80,82,82,82,82,82,82,84,86,88,88,88,88,88,88,90,90,90,97,97,97,97,99,99,99,101,101,101,96,96,96,96,98,98,98,100,100,100,100,100,100,100,100],"card_choices":[{"not_picked":["Perfected Strike","Wild Strike"],"picked":"Anger","floor":1.0},{"not_picked":["Seeing Red","Whirlwind"],"picked":"True Grit","floor":4.0},{"not_picked":["Second Wind","Body Slam"],"picked":"Inflame","floor":7.0},{"not_picked":["Heavy Blade","Sword Boomerang","Perfected Strike"],"picked":"Inflame","floor":11.0},{"not_picked":["Thunderclap","Iron Wave","Warcry","Clash"],"picked":"Singing Bowl","floor":14.0},{"not_picked":["Immolate","Impervious","Fiend Fire"],"picked":"Limit Break","floor":16.0},{"not_picked":["Pummel"],"picked":"Armaments+1","floor":18.0},{"not_picked":["Cleave","Anger"],"picked":"Singing Bowl","floor":20.0},{"not_picked":["Havoc","Clash"],"picked":"Singing Bowl","floor":21.0},{"not_picked":["Warcry","Headbutt+1"],"picked":"Singing Bowl","floor":22.0},{"not_picked":["Infernal Blade"],"picked":"Shockwave+1","floor":23.0},{"not_picked":["Power Through"],"picked":"Offering","floor":25.0},{"not_picked":["Thunderclap","Sword Boomerang"],"picked":"Singing Bowl","floor":28.0},{"not_picked":["True Grit"],"picked":"Iron Wave+1","floor":29.0},{"not_picked":["Ghostly Armor"],"picked":"Heavy Blade+1","floor":31.0},{"not_picked":["Double Tap"],"picked":"Reaper","floor":33.0},{"not_picked":["True Grit+1","Flex+1"],"picked":"Singing Bowl","floor":35.0},{"not_picked":["Panacea"],"picked":"Master of Strategy","floor":36.0},{"not_picked":["Warcry","Evolve+1"],"picked":"Singing Bowl","floor":38.0},{"not_picked":["Clothesline"],"picked":"Pommel Strike+1","floor":44.0},{"not_picked":["Evolve","Flex+1"],"picked":"Singing Bowl","floor":45.0},{"not_picked":["Flex"],"picked":"Disarm+1","floor":46.0},{"not_picked":["Perfected Strike","Seeing Red+1"],"picked":"Singing Bowl","floor":48.0},{"not_picked":["Body Slam+1"],"picked":"Metallicize","floor":54.0}],"player_experience":533842,"relics_obtained":[{"floor":7.0,"key":"Singing Bowl"},{"floor":9.0,"key":"Question Card"},{"floor":23.0,"key":"Letter Opener"},{"floor":25.0,"key":"PreservedInsect"},{"floor":26.0,"key":"Sundial"},{"floor":31.0,"key":"Strawberry"},{"floor":45.0,"key":"Omamori"},{"floor":54.0,"key":"Mummified Hand"}],"event_choices":[{"cards_removed":["Strike_R"],"damage_healed":0.0,"max_hp_gain":0.0,"max_hp_loss":0.0,"gold_gain":0.0,"event_name":"Bonfire Elementals","player_choice":"Offered Basic","floor":3.0,"gold_loss":0.0,"damage_taken":0.0},{"damage_healed":0.0,"max_hp_gain":0.0,"max_hp_loss":0.0,"gold_gain":0.0,"event_name":"Liars Game","player_choice":"Ignored","floor":13.0,"gold_loss":0.0,"damage_taken":0.0},{"damage_healed":0.0,"max_hp_gain":0.0,"max_hp_loss":0.0,"gold_gain":0.0,"event_name":"SensoryStone","player_choice":"Memory 1","floor":36.0,"gold_loss":0.0,"damage_taken":0.0},{"cards_removed":["Armaments"],"damage_healed":0.0,"max_hp_gain":0.0,"max_hp_loss":0.0,"gold_gain":0.0,"event_name":"Falling","player_choice":"Removed Skill","floor":37.0,"gold_loss":0.0,"damage_taken":0.0},{"damage_healed":0.0,"max_hp_gain":0.0,"max_hp_loss":5.0,"gold_gain":0.0,"event_name":"Winding Halls","player_choice":"Max HP","floor":41.0,"gold_loss":0.0,"damage_taken":0.0}],"is_beta":false,"boss_relics":[{"not_picked":["Black Star","Runic Dome"],"picked":"Busted Crown"},{"not_picked":["Orrery","White Beast Statue"],"picked":"Runic Cube"}],"items_purged_floors":[39,42,53],"is_endless":false,"potions_floor_spawned":[4,7,11,21,25,29,31,38,45,48],"ascension_level":3}