{"gold_per_floor":[113,113,38,10,10,49,67,67,67,67,67,67,67,88,88,209,209,233,246,246,246,246,289,289,333,387,36,60,60,60,60,60,185,185,201,201,214,214,22,65,65,78,78,78,31,31,50,50,50,50,50,50,50,85,85],"floor_reached":55,"playtime":4210,"items_purged":["Parasite","Parasite","Normality"],"score":910,"play_id":"5378f2de-0528-4724-95fd-fe7b87d29232","local_time":"20181227164602","is_ascension_mode":true,"campfire_choices":[{"floor":11.0,"key":"REST"},{"data":"Glass Knife","floor":13.0,"key":"SMITH"},{"data":"Cloak And Dagger","floor":15.0,"key":"SMITH"},{"data":"A Thousand Cuts","floor":24.0,"key":"SMITH"},{"data":"Doppelganger","floor":30.0,"key":"SMITH"},{"floor":32.0,"key":"REST"},{"data":"Footwork","floor":41.0,"key":"SMITH"},{"floor":44.0,"key":"RECALL"},{"floor":46.0,"key":"REST"},{"data":"Malaise","floor":49.0,"key":"SMITH"},{"data":"Backflip","floor":52.0,"key":"SMITH"}],"neow_cost":"CURSE","seed_source_timestamp":1279400062374740,"circlet_count":0,"master_deck":["Defend_G+1","Defend_G+1","Defend_G+1","Defend_G+1","Defend_G+1","Strike_G+1","Strike_G+1","Strike_G+1","Strike_G+1","Survivor","Neutralize+1","Glass Knife+1","Flechettes+1","Backstab+1","Parasite","Cloak And Dagger+1","Doppelganger+1","Backflip+1","A Thousand Cuts+1","Parasite","Malaise+1","Dodge and Roll+1","Blur+1","Footwork+1","Blur+1","PiercingWail+1","Decay","Cloak And Dagger","Adrenaline"],"special_seed":0,"relics":["Ring of the Snake","Golden Idol","Juzu Bracelet","Shuriken","Cursed Key","MutagenicStrength","Dead Branch","Meat on the Bone","Tiny Chest","Bottled Tornado","Bag of Preparation","Sozu","Whetstone","Darkstone Periapt","Mercury Hourglass"],"potions_floor_usage":[55,55],"damage_taken":[{"damage":0.0,"enemies":"Jaw Worm","floor":1.0,"turns":3.0},{"damage":40.0,"enemies":"Gremlin Nob","floor":6.0,"turns":5.0},{"damage":0.0,"enemies":"2 Louse","floor":7.0,"turns":1.0},{"damage":0.0,"enemies":"Small Slimes","floor":14.0,"turns":1.0},{"damage":25.0,"enemies":"Slime Boss","floor":16.0,"turns":12.0},{"damage":0.0,"enemies":"Spheric Guardian","floor":18.0,"turns":3.0},{"damage":0.0,"enemies":"3 Byrds","floor":19.0,"turns":4.0},{"damage":4.0,"enemies":"Gremlin Leader","floor":23.0,"turns":6.0},{"damage":20.0,"enemies":"Slavers","floor":25.0,"turns":5.0},{"damage":37.0,"enemies":"Champ","floor":33.0,"turns":9.0},{"damage":8.0,"enemies":"3 Darklings","floor":35.0,"turns":3.0},{"damage":0.0,"enemies":"Orb Walker","floor":37.0,"turns":3.0},{"damage":0.0,"enemies":"Reptomancer","floor":40.0,"turns":6.0},{"damage":13.0,"enemies":"Spire Growth","floor":42.0,"turns":5.0},{"damage":2.0,"enemies":"Jaw Worm Horde","floor":47.0,"turns":4.0},{"damage":3.0,"enemies":"Awakened One","floor":50.0,"turns":20.0},{"damage":56,"enemies":"Shield and Spear","floor":54,"turns":8},{"damage":39,"enemies":"The Heart","floor":55,"turns":3}],"seed_played":"-7825256121786888440","potions_obtained":[{"floor":6.0,"key":"Swift Potion"},{"floor":14.0,"key":"Fire Potion"},{"floor":23.0,"key":"Swift Potion"},{"floor":25.0,"key":"GamblersBrew"}],"is_trial":false,"path_per_floor":["M","?","$","?","?","E","M","?","T","?","R","$","R","M","R","B",null,"M","M","?","?","?","E","R","E","T","$","T","$","R","$","R","B",null,"M","?","M","T","$","E","R","M","T","R","$","R","M","?","R","B",null,"R","$","E","B"],"character_chosen":"THE_SILENT","items_purchased":["Bottled Tornado","Footwork","Cloak And Dagger"],"campfire_rested":3,"item_purchase_floors":[27,39,45],"current_hp_per_floor":[70,70,67,67,60,20,20,7,7,23,43,43,43,43,43,18,55,55,55,55,55,55,51,51,31,31,31,31,31,31,31,50,25,54,46,46,46,46,46,46,46,33,39,39,39,60,58,58,58,55,66,66,66,22,0],"gold":85,"neow_bonus":"THREE_RARE_CARDS","is_prod":false,"is_daily":false,"chose_seed":false,"campfire_upgraded":7,"win_rate":0,"timestamp":1545947162,"path_taken":["M","?","$","?","?","E","M","?","T","?","R","$","R","M","R","BOSS","M","M","?","?","?","E","R","E","T","$","?","$","R","?","R","BOSS","M","?","M","?","?","E","R","M","T","R","$","R","M","?","R","BOSS","R","$","E","BOSS"],"build_version":"2018-12-20","purchased_purges":3,"victory":false,"max_hp_per_floor":[70,70,67,67,67,67,67,67,67,67,67,67,67,67,67,67,67,67,67,67,67,67,67,67,67,67,64,64,64,64,64,64,64,64,64,64,64,64,64,64,64,64,70,70,70,70,70,70,70,70,70,70,70,70,70],"card_choices":[{"not_picked":["Storm of Steel","Bullet Time"],"picked":"Glass Knife","floor":0.0},{"not_picked":["Flying Knee","All Out Attack"],"picked":"Flechettes","floor":1.0},{"not_picked":["Setup","Dagger Throw"],"picked":"Backstab","floor":6.0},{"not_picked":["Flying Knee","Masterful Stab","Outmaneuver"],"picked":"SKIP","floor":7.0},{"not_picked":["All Out Attack","Masterful Stab"],"picked":"Cloak And Dagger","floor":14.0},{"not_picked":["Grand Finale","Bullet Time"],"picked":"Doppelganger","floor":16.0},{"not_picked":["Deflect+1","Acrobatics+1"],"picked":"Backflip","floor":18.0},{"not_picked":["Deadly Poison","Deflect","Prepared+1"],"picked":"SKIP","floor":19.0},{"not_picked":["Deadly Poison","Blade Dance"],"picked":"A Thousand Cuts","floor":23.0},{"not_picked":["Heel Hook+1","Finisher","Prepared"],"picked":"SKIP","floor":25.0},{"not_picked":["Wraith Form v2","Venomology"],"picked":"Malaise","floor":33.0},{"not_picked":["Poisoned Stab","Outmaneuver"],"picked":"Dodge and Roll+1","floor":35.0},{"not_picked":["Heel Hook","Infinite Blades"],"picked":"Blur+1","floor":37.0},{"not_picked":["Well Laid Plans","Tactician+1"],"picked":"Blur+1","floor":40.0},{"not_picked":["Underhanded Strike+1","Dagger Spray"],"picked":"PiercingWail+1","floor":42.0},{"not_picked":["Quick Slash","Underhanded Strike","Dagger Throw+1"],"picked":"SKIP","floor":47.0},{"not_picked":["Prepared","Riddle With Holes+1"],"picked":"Adrenaline","floor":54}],"player_experience":485602,"relics_obtained":[{"floor":6.0,"key":"Juzu Bracelet"},{"floor":9.0,"key":"Shuriken"},{"floor":23.0,"key":"Dead Branch"},{"floor":25.0,"key":"Meat on the Bone"},{"floor":26.0,"key":"Tiny Chest"},{"floor":28.0,"key":"Bag of Preparation"},{"floor":38.0,"key":"Whetstone"},{"floor":40.0,"key":"Darkstone Periapt"},{"floor":54,"key":"Mercury Hourglass"}],"event_choices":[{"damage_healed":0.0,"max_hp_gain":0.0,"max_hp_loss":0.0,"gold_gain":0.0,"event_name":"Golden Idol","player_choice":"Take Wound","floor":2.0,"gold_loss":0.0,"damage_taken":0.0,"relics_obtained":["Golden Idol"],"cards_obtained":["Injury"]},{"damage_healed":0.0,"max_hp_gain":0.0,"max_hp_loss":0.0,"gold_gain":0.0,"event_name":"World of Goop","player_choice":"Left Gold","floor":4.0,"gold_loss":28.0,"damage_taken":0.0},{"cards_removed":["Injury"],"damage_healed":0.0,"max_hp_gain":0.0,"max_hp_loss":0.0,"gold_gain":0.0,"event_name":"Golden Wing","player_choice":"Card Removal","floor":5.0,"gold_loss":0.0,"damage_taken":7.0},{"damage_healed":0.0,"max_hp_gain":0.0,"max_hp_loss":0.0,"gold_gain":0.0,"event_name":"Shining Light","player_choice":"Entered Light","floor":8.0,"gold_loss":0.0,"damage_taken":13.0,"cards_upgraded":["Flechettes","Strike_G"]},{"damage_healed":16.0,"max_hp_gain":0.0,"max_hp_loss":0.0,"gold_gain":0.0,"event_name":"Mushrooms","player_choice":"Healed and dodged fight","floor":10.0,"gold_loss":0.0,"damage_taken":0.0,"cards_obtained":["Parasite"]},{"damage_healed":0.0,"max_hp_gain":0.0,"max_hp_loss":0.0,"gold_gain":0.0,"event_name":"Drug Dealer","player_choice":"Inject Mutagens","floor":20.0,"gold_loss":0.0,"damage_taken":0.0,"relics_obtained":["MutagenicStrength"]},{"damage_healed":0.0,"max_hp_gain":0.0,"max_hp_loss":0.0,"gold_gain":0.0,"event_name":"Back to Basics","player_choice":"Simplicity","floor":21.0,"gold_loss":0.0,"damage_taken":0.0,"cards_upgraded":["Defend_G","Defend_G","Defend_G","Defend_G","Defend_G","Strike_G","Strike_G","Strike_G","Strike_G"]},{"damage_healed":0.0,"max_hp_gain":0.0,"max_hp_loss":0.0,"gold_gain":0.0,"event_name":"Vampires","player_choice":"Ignored","floor":22.0,"gold_loss":0.0,"damage_taken":0.0},{"cards_removed":["Strike_G"],"damage_healed":0.0,"max_hp_gain":0.0,"max_hp_loss":0.0,"gold_gain":0.0,"event_name":"Falling","player_choice":"Removed Attack","floor":36.0,"gold_loss":0.0,"damage_taken":0.0},{"damage_healed":0.0,"max_hp_gain":0.0,"max_hp_loss":0.0,"gold_gain":0.0,"event_name":"Transmorgrifier","player_choice":"Ignored","floor":48.0,"gold_loss":0.0,"damage_taken":0.0}],"is_beta":false,"boss_relics":[{"not_picked":["Eternal Feather","Velvet Choker"],"picked":"Cursed Key"},{"not_picked":["White Beast Statue","Pandora\u0027s Box"],"picked":"Sozu"}],"items_purged_floors":[3,27,39],"is_endless":false,"potions_floor_spawned":[6,14,23,25,35,42],"killed_by":"The Heart","ascension_level":5}