{"gold_per_floor":[119,136,136,155,155,155,183,183,183,202,215,12,30,30,30,109,109,119,132,32,44,44,79,97,97,97,97,111,128,128,141,141,213,213,233,251,251,262,103,136,155,155,155,0,33,49,49,68,68,68,68,68,15,42,42],"floor_reached":55,"playtime":8727,"items_purged":["Strike_B","Redo"],"score":1493,"play_id":"e6d45d2e-fd44-4cdb-84ae-cb1920819157","local_time":"20190218213138","is_ascension_mode":true,"campfire_choices":[{"data":"Defragment","floor":6.0,"key":"SMITH"},{"floor":8.0,"key":"REST"},{"floor":15.0,"key":"REST"},{"data":"Zap","floor":25.0,"key":"SMITH"},{"data":"Dualcast","floor":27.0,"key":"SMITH"},{"floor":32.0,"key":"REST"},{"floor":42.0,"key":"REST"},{"data":"Reboot","floor":47.0,"key":"SMITH"},{"floor":49.0,"key":"RECALL"},{"data":"Hologram","floor":52.0,"key":"SMITH"}],"neow_cost":"TEN_PERCENT_HP_LOSS","seed_source_timestamp":0,"circlet_count":0,"master_deck":["AscendersBane","Zap+1","Dualcast+1","Hologram+1","Conserve Battery","Scrape+1","Undo","Defragment","Gash+1","All For One+1","Cold Snap+1","Reboot+1","Sweeping Beam+1","Gash+1","FTL+1","Steam","Beam Cell+1","Scrape+1","Redo+1","Fission+1","Redo+1","Hologram+1","FTL+1","Deep Breath+1","Gash+1","Scrape+1","Go for the Eyes+1","Beam Cell+1","Steam+1"],"special_seed":0,"relics":["Cracked Core","Thread and Needle","Meat on the Bone","Molten Egg 2","Gremlin Horn","Pandora\u0027s Box","Strawberry","Toxic Egg 2","Inserter","Ornamental Fan","Red Mask","StoneCalendar","Vajra"],"potions_floor_usage":[55],"damage_taken":[{"damage":0.0,"enemies":"Jaw Worm","floor":1.0,"turns":4.0},{"damage":0.0,"enemies":"Small Slimes","floor":2.0,"turns":4.0},{"damage":0.0,"enemies":"2 Louse","floor":4.0,"turns":3.0},{"damage":41.0,"enemies":"3 Sentries","floor":7.0,"turns":9.0},{"damage":0.0,"enemies":"2 Fungi Beasts","floor":10.0,"turns":3.0},{"damage":13.0,"enemies":"Exordium Thugs","floor":11.0,"turns":5.0},{"damage":3.0,"enemies":"Lots of Slimes","floor":13.0,"turns":4.0},{"damage":8.0,"enemies":"The Guardian","floor":16.0,"turns":14.0},{"damage":0.0,"enemies":"3 Byrds","floor":18.0,"turns":3.0},{"damage":7.0,"enemies":"Shell Parasite","floor":19.0,"turns":4.0},{"damage":23.0,"enemies":"Snecko","floor":21.0,"turns":4.0},{"damage":11.0,"enemies":"Book of Stabbing","floor":23.0,"turns":3.0},{"damage":0.0,"enemies":"Cultist and Chosen","floor":24.0,"turns":3.0},{"damage":0.0,"enemies":"3 Cultists","floor":28.0,"turns":2.0},{"damage":14.0,"enemies":"Snecko","floor":29.0,"turns":4.0},{"damage":0.0,"enemies":"Centurion and Healer","floor":31.0,"turns":3.0},{"damage":0.0,"enemies":"Collector","floor":33.0,"turns":6.0},{"damage":3.0,"enemies":"Orb Walker","floor":35.0,"turns":2.0},{"damage":31.0,"enemies":"3 Darklings","floor":36.0,"turns":3.0},{"damage":28.0,"enemies":"Spire Growth","floor":38.0,"turns":4.0},{"damage":0.0,"enemies":"Reptomancer","floor":40.0,"turns":3.0},{"damage":0.0,"enemies":"4 Shapes","floor":41.0,"turns":2.0},{"damage":0.0,"enemies":"Giant Head","floor":45.0,"turns":4.0},{"damage":12.0,"enemies":"Writhing Mass","floor":46.0,"turns":3.0},{"damage":0.0,"enemies":"Maw","floor":48.0,"turns":5.0},{"damage":0.0,"enemies":"Awakened One","floor":50.0,"turns":7.0},{"damage":4.0,"enemies":"Shield and Spear","floor":54.0,"turns":3.0},{"damage":87,"enemies":"The Heart","floor":55,"turns":3}],"seed_played":"7602729119361357361","potions_obtained":[{"floor":1.0,"key":"Fruit Juice"},{"floor":2.0,"key":"SneckoOil"},{"floor":13.0,"key":"LiquidBronze"},{"floor":19.0,"key":"EssenceOfSteel"},{"floor":24.0,"key":"Fire Potion"},{"floor":29.0,"key":"EntropicBrew"},{"floor":35.0,"key":"SkillPotion"},{"floor":38.0,"key":"Energy Potion"},{"floor":54.0,"key":"SteroidPotion"}],"is_trial":false,"path_per_floor":["M","M","?","M","?","R","E","R","T","M","M","$","M","?","R","B",null,"M","M","$","M","?","E","M","R","T","R","M","M","?","M","R","B",null,"M","M","?","M","$","E","M","R","T","?","E","M","R","M","R","B",null,"R","$","E","B"],"character_chosen":"DEFECT","items_purchased":["Defragment","Gash+1","FTL+1","Deep Breath+1","Beam Cell+1"],"campfire_rested":4,"item_purchase_floors":[12,12,39,39,53],"current_hp_per_floor":[64,69,66,66,66,66,37,57,57,57,44,44,41,34,54,46,63,63,56,56,45,45,53,53,53,53,53,53,39,39,39,61,61,72,69,50,50,34,34,46,46,68,68,68,68,56,56,56,56,56,71,71,71,67,0],"gold":42,"neow_bonus":"ONE_RARE_RELIC","is_prod":false,"is_daily":false,"chose_seed":false,"campfire_upgraded":5,"win_rate":0,"timestamp":1550543498,"path_taken":["M","M","?","M","?","R","E","R","T","M","M","$","M","?","R","BOSS","M","M","$","M","?","E","M","R","T","R","M","M","?","?","R","BOSS","M","?","?","M","$","E","M","R","T","?","E","M","R","M","R","BOSS","R","$","E","BOSS"],"build_version":"2019-01-23","purchased_purges":2,"victory":false,"max_hp_per_floor":[64,69,69,69,69,69,69,69,69,69,69,69,69,69,69,69,69,69,69,69,69,69,76,76,76,76,76,76,76,76,76,76,76,76,76,76,76,76,76,76,76,76,76,76,76,76,76,76,76,76,76,76,76,76,76],"card_choices":[{"not_picked":["Melter","Compile Driver"],"picked":"Hologram","floor":1.0},{"not_picked":["Compile Driver","Scrape"],"picked":"Defragment","floor":2.0},{"not_picked":["Steam","Sweeping Beam"],"picked":"Conserve Battery","floor":4.0},{"not_picked":["Hologram","Turbo","Double Energy"],"picked":"SKIP","floor":7.0},{"not_picked":["Gash+1","Rebound+1"],"picked":"Scrape+1","floor":10.0},{"not_picked":["Meteor Strike+1","Stack"],"picked":"Undo","floor":11.0},{"not_picked":["Barrage+1","Rebound+1","Leap"],"picked":"SKIP","floor":13.0},{"not_picked":["Reboot","Multi-Cast"],"picked":"All For One+1","floor":16.0},{"not_picked":["Coolheaded+1","Ball Lightning+1","Leap"],"picked":"SKIP","floor":18.0},{"not_picked":["Consume","Go for the Eyes+1"],"picked":"FTL+1","floor":19.0},{"not_picked":["Compile Driver+1","Lockon+1"],"picked":"Steam","floor":21.0},{"not_picked":["Darkness","Machine Learning"],"picked":"Beam Cell+1","floor":23.0},{"not_picked":["Force Field","Chaos"],"picked":"Scrape+1","floor":24.0},{"not_picked":["Rip and Tear+1","Coolheaded+1","Stack+1"],"picked":"SKIP","floor":28.0},{"not_picked":["Sweeping Beam+1","Compile Driver+1"],"picked":"Redo+1","floor":29.0},{"not_picked":["Sweeping Beam+1","Storm","Conserve Battery+1"],"picked":"SKIP","floor":31.0},{"not_picked":["Meteor Strike+1","Thunder Strike+1"],"picked":"Fission+1","floor":33.0},{"not_picked":["Leap+1","Stack+1"],"picked":"Redo+1","floor":35.0},{"not_picked":["Doom and Gloom+1","Compile Driver+1"],"picked":"Hologram+1","floor":36.0},{"not_picked":["Aggregate+1","Rebound+1","Sweeping Beam+1"],"picked":"SKIP","floor":38.0},{"not_picked":["Streamline+1","Compile Driver+1"],"picked":"Gash+1","floor":40.0},{"not_picked":["Ball Lightning+1","Compile Driver+1","Buffer"],"picked":"SKIP","floor":41.0},{"not_picked":["Ball Lightning+1","Compile Driver+1","Buffer"],"picked":"SKIP","floor":41.0},{"not_picked":["Hello World","Conserve Battery+1"],"picked":"Scrape+1","floor":45.0},{"not_picked":["Coolheaded+1","Streamline+1","Sweeping Beam+1"],"picked":"SKIP","floor":46.0},{"not_picked":["White Noise+1","Steam Power+1"],"picked":"Go for the Eyes+1","floor":48.0},{"not_picked":["BootSequence+1","Beam Cell+1"],"picked":"Steam+1","floor":54.0}],"player_experience":893427,"relics_obtained":[{"floor":7.0,"key":"Molten Egg 2"},{"floor":9.0,"key":"Gremlin Horn"},{"floor":23.0,"key":"Strawberry"},{"floor":26.0,"key":"Toxic Egg 2"},{"floor":40.0,"key":"Ornamental Fan"},{"floor":45.0,"key":"StoneCalendar"},{"floor":54.0,"key":"Vajra"}],"event_choices":[{"damage_healed":0.0,"max_hp_gain":0.0,"max_hp_loss":0.0,"gold_gain":0.0,"event_name":"Scrap Ooze","player_choice":"Success","floor":3.0,"gold_loss":0.0,"damage_taken":3.0,"relics_obtained":["Meat on the Bone"]},{"damage_healed":0.0,"max_hp_gain":0.0,"max_hp_loss":0.0,"gold_gain":0.0,"event_name":"Liars Game","player_choice":"Ignored","floor":5.0,"gold_loss":0.0,"damage_taken":0.0},{"cards_removed":["Strike_B"],"damage_healed":0.0,"max_hp_gain":0.0,"max_hp_loss":0.0,"gold_gain":0.0,"event_name":"Golden Wing","player_choice":"Card Removal","floor":14.0,"gold_loss":0.0,"damage_taken":7.0},{"cards_removed":["Aggregate"],"damage_healed":0.0,"max_hp_gain":0.0,"max_hp_loss":0.0,"gold_gain":0.0,"event_name":"Back to Basics","player_choice":"Elegance","floor":22.0,"gold_loss":0.0,"damage_taken":0.0},{"damage_healed":0.0,"max_hp_gain":0.0,"max_hp_loss":0.0,"gold_gain":0.0,"event_name":"N\u0027loth","player_choice":"Ignored","floor":30.0,"gold_loss":0.0,"damage_taken":0.0},{"cards_removed":["Defragment"],"damage_healed":0.0,"max_hp_gain":0.0,"max_hp_loss":0.0,"gold_gain":0.0,"event_name":"Falling","player_choice":"Removed Power","floor":37.0,"gold_loss":0.0,"damage_taken":0.0},{"damage_healed":0.0,"max_hp_gain":0.0,"max_hp_loss":0.0,"gold_gain":0.0,"event_name":"Tomb of Lord Red Mask","player_choice":"Paid","floor":44.0,"gold_loss":155.0,"damage_taken":0.0,"relics_obtained":["Red Mask"]}],"is_beta":false,"boss_relics":[{"not_picked":["Busted Crown","Velvet Choker"],"picked":"Pandora\u0027s Box"},{"not_picked":["Calling Bell","White Beast Statue"],"picked":"Inserter"}],"items_purged_floors":[12,20],"is_endless":false,"potions_floor_spawned":[1,2,13,19,24,28,29,33,35,38,46,54],"killed_by":"The Heart","ascension_level":14}