{"gold_per_floor":[110,127,139,154,173,198,198,198,250,266,277,277,305,45,45,147,147,167,117,130,130,142,142,161,161,184,184],"floor_reached":27,"playtime":1362,"items_purged":["Defend_R"],"score":403,"play_id":"3c042a67-2110-4427-a9a7-0c62b4b32353","local_time":"20190427193105","is_ascension_mode":true,"campfire_choices":[{"data":"Exhume","floor":7,"key":"SMITH"},{"data":"Flame Barrier","floor":12,"key":"SMITH"},{"floor":15,"key":"REST"},{"floor":23,"key":"REST"},{"floor":25,"key":"REST"}],"neow_cost":"NONE","seed_source_timestamp":290788296690600,"circlet_count":0,"master_deck":["AscendersBane","Strike_R","Strike_R","Strike_R","Strike_R","Strike_R","Defend_R","Defend_R","Defend_R","Bash","Pommel Strike","Metallicize","Offering","Flame Barrier+1","Warcry","Exhume+1","Battle Trance","Flex","Impervious","Rupture","Finesse","Cleave","Fiend Fire","Spot Weakness","Feel No Pain","Sentinel"],"relics":["Burning Blood","Boot","Question Card","Blood Vial","Ornamental Fan","Black Star","Thread and Needle","Happy Flower"],"potions_floor_usage":[6,13,13,27],"damage_taken":[{"damage":0,"enemies":"Small Slimes","floor":1,"turns":3},{"damage":11,"enemies":"2 Louse","floor":2,"turns":3},{"damage":2,"enemies":"Cultist","floor":3,"turns":4},{"damage":16,"enemies":"Exordium Thugs","floor":4,"turns":5},{"damage":12,"enemies":"Exordium Wildlife","floor":5,"turns":5},{"damage":22,"enemies":"Gremlin Nob","floor":6,"turns":4},{"damage":3,"enemies":"Blue Slaver","floor":10,"turns":6},{"damage":13,"enemies":"3 Louse","floor":11,"turns":5},{"damage":18,"enemies":"3 Sentries","floor":13,"turns":5},{"damage":55,"enemies":"Hexaghost","floor":16,"turns":11},{"damage":16,"enemies":"Shell Parasite","floor":18,"turns":4},{"damage":10,"enemies":"3 Byrds","floor":20,"turns":4},{"damage":39,"enemies":"Cultist and Chosen","floor":22,"turns":7},{"damage":26,"enemies":"Centurion and Healer","floor":24,"turns":8},{"damage":56,"enemies":"Book of Stabbing","floor":27,"turns":6}],"seed_played":"651881634352750772","potions_obtained":[{"floor":2,"key":"FearPotion"},{"floor":6,"key":"PowerPotion"},{"floor":10,"key":"SkillPotion"},{"floor":24,"key":"Dexterity Potion"}],"is_trial":false,"path_per_floor":["M","M","M","M","M","E","R","?","T","M","M","R","E","$","R","B",null,"M","?","M","T","M","R","M","R","T","E"],"character_chosen":"IRONCLAD","items_purchased":["Rupture","Finesse","Cleave"],"campfire_rested":3,"item_purchase_floors":[14,14,14],"current_hp_per_floor":[78,73,77,67,61,45,45,45,45,50,45,45,35,35,59,12,63,55,55,53,53,22,46,28,52,52,0],"gold":184,"neow_bonus":"RANDOM_COMMON_RELIC","is_prod":false,"is_daily":false,"chose_seed":false,"campfire_upgraded":2,"win_rate":0,"timestamp":1556407865,"path_taken":["M","M","M","M","M","E","R","?","T","M","M","R","E","$","R","BOSS","M","?","?","?","M","R","M","R","T","E"],"build_version":"2019-01-23","purchased_purges":1,"victory":false,"max_hp_per_floor":[80,80,80,80,80,80,80,80,80,80,80,80,80,80,80,80,80,80,80,80,80,80,80,80,80,80,80],"card_choices":[{"not_picked":["Wild Strike","Shrug It Off"],"picked":"Pommel Strike","floor":1},{"not_picked":["Armaments","Havoc"],"picked":"Metallicize","floor":2},{"not_picked":["Headbutt","Dual Wield"],"picked":"Offering","floor":3},{"not_picked":["Clash","Carnage"],"picked":"Flame Barrier","floor":4},{"not_picked":["Clash","Iron Wave"],"picked":"Warcry","floor":5},{"not_picked":["True Grit","Anger"],"picked":"Exhume","floor":6},{"not_picked":["Clothesline","Seeing Red","Reckless Charge"],"picked":"Battle Trance","floor":10},{"not_picked":["Iron Wave","Bloodletting","Power Through"],"picked":"Flex","floor":11},{"not_picked":["Heavy Blade","Body Slam","Power Through"],"picked":"Impervious","floor":13},{"not_picked":["Berserk","Dark Embrace","Double Tap"],"picked":"Fiend Fire","floor":16},{"not_picked":["True Grit","Flex","Pommel Strike","Heavy Blade"],"picked":"SKIP","floor":18},{"not_picked":["Thunderclap","Heavy Blade","Rampage+1"],"picked":"Spot Weakness","floor":20},{"not_picked":["Clash","Evolve","Perfected Strike+1"],"picked":"Feel No Pain","floor":22},{"not_picked":["Fire Breathing","Clothesline","Shockwave"],"picked":"Sentinel","floor":24}],"player_experience":389887,"relics_obtained":[{"floor":6,"key":"Question Card"},{"floor":9,"key":"Blood Vial"},{"floor":13,"key":"Ornamental Fan"},{"floor":21,"key":"Thread and Needle"},{"floor":26,"key":"Happy Flower"}],"event_choices":[{"damage_healed":0,"gold_gain":0,"player_choice":"Searched \u00270\u0027 times","damage_taken":0,"max_hp_gain":0,"max_hp_loss":0,"event_name":"Dead Adventurer","floor":8,"gold_loss":0},{"damage_healed":0,"gold_gain":0,"player_choice":"Bet on Murderer","damage_taken":0,"max_hp_gain":0,"max_hp_loss":0,"event_name":"The Joust","floor":19,"gold_loss":50}],"is_beta":false,"boss_relics":[{"not_picked":["Philosopher\u0027s Stone","Sozu"],"picked":"Black Star"}],"items_purged_floors":[14],"is_endless":false,"potions_floor_spawned":[2,6,10,24],"killed_by":"Book of Stabbing","ascension_level":12}