{"gold_per_floor":[119,119,41,60,76,76,105,6,6,6,26,26,26,26,26,127,127,140,32,50,67,77,77,104,104,104,104,137,137,155,172,172,271,271,281,13,43,55,74,74,108,118,164,189,189,32,79,79,79,79,79,79,18,51,51],"floor_reached":56,"playtime":8285,"items_purged":["Strike_R"],"score":1570,"play_id":"e31e4681-c163-4cf9-94e5-cfb30d1a2e2e","local_time":"20190127130131","is_ascension_mode":true,"campfire_choices":[{"data":"Inflame","floor":6.0,"key":"SMITH"},{"floor":10.0,"key":"REST"},{"floor":12.0,"key":"REST"},{"data":"Shockwave","floor":15.0,"key":"SMITH"},{"data":"Spot Weakness","floor":23.0,"key":"SMITH"},{"floor":25.0,"key":"REST"},{"floor":27.0,"key":"REST"},{"floor":32.0,"key":"REST"},{"data":"Apotheosis","floor":40.0,"key":"SMITH"},{"floor":45.0,"key":"RECALL"},{"floor":49.0,"key":"REST"},{"data":"Offering","floor":52.0,"key":"SMITH"}],"neow_cost":"NONE","seed_source_timestamp":3938909217851740,"circlet_count":0,"master_deck":["Strike_R","Strike_R+1","Strike_R","Strike_R","Defend_R","Defend_R","Defend_R","Defend_R","Bash","Inflame+1","Disarm+1","Whirlwind","Shrug It Off","Uppercut","Shrug It Off","Shockwave+1","Offering+1","Heavy Blade","Spot Weakness","Carnage","Spot Weakness+1","True Grit+1","Armaments","Reaper+1","Reaper","Offering","Apotheosis+1","Blind","Corruption+1","Shrug It Off+1","Spot Weakness+1","Master of Strategy","Sword Boomerang+1"],"special_seed":0,"relics":["Black Blood","Mercury Hourglass","Bag of Marbles","Dodecahedron","The Courier","Bottled Lightning","Matryoshka","Nloth\u0027s Gift","Mark of Pain","Tiny Chest","Whetstone","Mummified Hand","Smiling Mask","Torii","Self Forming Clay"],"potions_floor_usage":[55,55,55],"damage_taken":[{"damage":0.0,"enemies":"Cultist","floor":1.0,"turns":1.0},{"damage":0.0,"enemies":"2 Louse","floor":4.0,"turns":1.0},{"damage":0.0,"enemies":"Small Slimes","floor":5.0,"turns":1.0},{"damage":53.0,"enemies":"Lagavulin","floor":7.0,"turns":7.0},{"damage":12.0,"enemies":"Gremlin Gang","floor":11.0,"turns":5.0},{"damage":8.0,"enemies":"Slime Boss","floor":16.0,"turns":8.0},{"damage":12.0,"enemies":"Spheric Guardian","floor":18.0,"turns":6.0},{"damage":18.0,"enemies":"3 Byrds","floor":20.0,"turns":4.0},{"damage":12.0,"enemies":"Snecko","floor":21.0,"turns":3.0},{"damage":24.0,"enemies":"3 Cultists","floor":22.0,"turns":4.0},{"damage":41.0,"enemies":"Gremlin Leader","floor":24.0,"turns":6.0},{"damage":52.0,"enemies":"Slavers","floor":28.0,"turns":4.0},{"damage":29.0,"enemies":"Centurion and Healer","floor":30.0,"turns":5.0},{"damage":26.0,"enemies":"Shelled Parasite and Fungi","floor":31.0,"turns":5.0},{"damage":90.0,"enemies":"Champ","floor":33.0,"turns":14.0},{"damage":29.0,"enemies":"Orb Walker","floor":35.0,"turns":4.0},{"damage":29.0,"enemies":"3 Darklings","floor":38.0,"turns":4.0},{"damage":37.0,"enemies":"Jaw Worm Horde","floor":39.0,"turns":4.0},{"damage":40.0,"enemies":"Reptomancer","floor":41.0,"turns":7.0},{"damage":22.0,"enemies":"Spire Growth","floor":42.0,"turns":4.0},{"damage":33.0,"enemies":"Giant Head","floor":44.0,"turns":7.0},{"damage":58.0,"enemies":"2 Orb Walkers","floor":47.0,"turns":5.0},{"damage":80.0,"enemies":"Awakened One","floor":50.0,"turns":12.0},{"damage":73.0,"enemies":"Shield and Spear","floor":54.0,"turns":6.0},{"damage":73,"enemies":"The Heart","floor":55,"turns":10}],"seed_played":"-766611369775402891","potions_obtained":[{"floor":1.0,"key":"EssenceOfSteel"},{"floor":5.0,"key":"Strength Potion"},{"floor":21.0,"key":"Ancient Potion"},{"floor":24.0,"key":"Swift Potion"},{"floor":28.0,"key":"FairyPotion"},{"floor":39.0,"key":"EssenceOfSteel"},{"floor":44.0,"key":"Swift Potion"}],"is_trial":false,"path_per_floor":["M","T","$","M","M","R","E","$","T","R","M","R","?","?","R","B",null,"M","$","M","M","M","R","E","R","T","R","E","?","M","M","R","B",null,"M","$","?","M","M","R","E","M","T","E","R","$","?","?","R","B",null,"R","$","E","B",null],"character_chosen":"IRONCLAD","items_purchased":["Disarm","Uppercut","Shrug It Off","Spot Weakness","Carnage","Apotheosis","Blind","Master of Strategy","Ancient Potion"],"campfire_rested":6,"item_purchase_floors":[3,8,8,19,19,36,36,46,53],"current_hp_per_floor":[78,78,78,80,80,80,33,33,33,57,51,75,75,75,75,73,78,76,76,68,66,52,52,21,45,45,69,27,27,50,34,58,16,64,71,71,71,80,80,80,63,75,75,76,76,76,70,70,76,73,75,75,75,58,37],"gold":51,"neow_bonus":"THREE_ENEMY_KILL","is_prod":false,"is_daily":false,"chose_seed":false,"campfire_upgraded":5,"win_rate":0,"timestamp":1548612091,"path_taken":["M","?","$","?","M","R","E","$","T","R","M","R","?","?","R","BOSS","M","$","M","?","M","R","E","R","T","R","E","?","?","M","R","BOSS","M","$","?","M","M","R","E","M","T","E","R","?","?","?","R","BOSS","R","$","E","BOSS"],"build_version":"2019-01-23","purchased_purges":1,"victory":true,"max_hp_per_floor":[80,80,80,80,80,80,80,80,80,80,80,80,80,80,80,80,80,80,80,80,80,80,80,80,80,80,80,80,80,80,80,80,80,80,80,80,80,80,80,80,80,80,80,80,80,80,80,76,76,76,76,76,76,76,76],"card_choices":[{"not_picked":["Burning Pact","Wild Strike"],"picked":"Inflame","floor":1.0},{"not_picked":["Body Slam","Havoc"],"picked":"Whirlwind","floor":4.0},{"not_picked":["Rampage","Feel No Pain","Power Through"],"picked":"SKIP","floor":5.0},{"not_picked":["Rupture","Clothesline"],"picked":"Shrug It Off","floor":7.0},{"not_picked":["Infernal Blade","Heavy Blade"],"picked":"Shockwave","floor":11.0},{"not_picked":["Juggernaut","Barricade"],"picked":"Offering","floor":16.0},{"not_picked":["Intimidate","Warcry"],"picked":"Heavy Blade","floor":18.0},{"not_picked":["Dropkick+1","Heavy Blade","Second Wind"],"picked":"SKIP","floor":20.0},{"not_picked":["Clash","Iron Wave"],"picked":"Spot Weakness","floor":21.0},{"not_picked":["Body Slam","Flex+1"],"picked":"True Grit+1","floor":22.0},{"not_picked":["Sever Soul+1","Thunderclap"],"picked":"Armaments","floor":24.0},{"not_picked":["Iron Wave","Heavy Blade+1"],"picked":"Reaper","floor":28.0},{"not_picked":["Flex","Clash","Power Through+1"],"picked":"SKIP","floor":30.0},{"not_picked":["Havoc","True Grit"],"picked":"Reaper","floor":31.0},{"not_picked":["Immolate","Brutality"],"picked":"Offering","floor":33.0},{"not_picked":["Dropkick+1","Perfected Strike","Warcry"],"picked":"SKIP","floor":35.0},{"not_picked":["Pommel Strike+1","Headbutt"],"picked":"Corruption+1","floor":38.0},{"not_picked":["Wild Strike+1","Sentinel+1"],"picked":"Shrug It Off+1","floor":39.0},{"not_picked":["Iron Wave","Burning Pact","Exhume"],"picked":"SKIP","floor":41.0},{"not_picked":["Perfected Strike+1","Cleave","Corruption"],"picked":"SKIP","floor":42.0},{"not_picked":["Iron Wave","Body Slam"],"picked":"Spot Weakness+1","floor":44.0},{"not_picked":["Twin Strike","Iron Wave+1","Sword Boomerang+1"],"picked":"SKIP","floor":54.0},{"not_picked":["Twin Strike","Iron Wave+1"],"picked":"Sword Boomerang+1","floor":54.0}],"player_experience":795290,"relics_obtained":[{"floor":2.0,"key":"Mercury Hourglass"},{"floor":7.0,"key":"Bag of Marbles"},{"floor":9.0,"key":"Dodecahedron"},{"floor":24.0,"key":"The Courier"},{"floor":26.0,"key":"Bottled Lightning"},{"floor":28.0,"key":"Matryoshka"},{"floor":41.0,"key":"Whetstone"},{"floor":43.0,"key":"Mummified Hand"},{"floor":44.0,"key":"Smiling Mask"},{"floor":47.0,"key":"Torii"},{"floor":54.0,"key":"Self Forming Clay"}],"event_choices":[{"damage_healed":0.0,"max_hp_gain":0.0,"max_hp_loss":0.0,"gold_gain":0.0,"event_name":"Liars Game","player_choice":"Ignored","floor":13.0,"gold_loss":0.0,"damage_taken":0.0},{"damage_healed":0.0,"max_hp_gain":0.0,"max_hp_loss":0.0,"gold_gain":0.0,"event_name":"Upgrade Shrine","player_choice":"Upgraded","floor":14.0,"gold_loss":0.0,"damage_taken":0.0,"cards_upgraded":["Disarm"]},{"damage_healed":0.0,"max_hp_gain":0.0,"max_hp_loss":0.0,"gold_gain":0.0,"event_name":"N\u0027loth","player_choice":"Traded Relic","floor":29.0,"relics_lost":["NeowsBlessing"],"gold_loss":0.0,"damage_taken":0.0,"relics_obtained":["Nloth\u0027s Gift"]},{"damage_healed":0.0,"max_hp_gain":0.0,"max_hp_loss":0.0,"gold_gain":0.0,"event_name":"WeMeetAgain","player_choice":"Gave Potion","floor":37.0,"gold_loss":0.0,"damage_taken":0.0,"relics_obtained":["Tiny Chest"]},{"damage_healed":0.0,"max_hp_gain":0.0,"max_hp_loss":0.0,"gold_gain":0.0,"event_name":"Mysterious Sphere","player_choice":"Fight","floor":47.0,"gold_loss":0.0,"damage_taken":0.0},{"damage_healed":0.0,"max_hp_gain":0.0,"max_hp_loss":4.0,"gold_gain":0.0,"event_name":"Winding Halls","player_choice":"Max HP","floor":48.0,"gold_loss":0.0,"damage_taken":0.0}],"is_beta":false,"boss_relics":[{"not_picked":["Eternal Feather","Snecko Eye"],"picked":"Black Blood"},{"not_picked":["Tiny House","Calling Bell"],"picked":"Mark of Pain"}],"items_purged_floors":[36],"is_endless":false,"potions_floor_spawned":[1,5,21,24,28,39,44],"ascension_level":8}