{"path_per_floor":["M","?","?","$","M","M","M","R","T","?","M","M","R","M","R","B",null,"M","M","$","M","?","R","?"],"character_chosen":"THE_SILENT","items_purchased":["Sadistic Nature","Sucker Punch","Sadistic Nature","Flash of Steel"],"gold_per_floor":[364,364,329,102,125,140,158,158,158,158,173,193,193,216,216,339,339,362,383,95,119,34,34,34,34],"floor_reached":25,"campfire_rested":3,"playtime":2540,"current_hp_per_floor":[65,48,65,65,63,63,55,70,70,75,65,63,63,59,75,45,75,48,18,18,12,12,34,18,0],"items_purged":[],"gold":34,"score":195,"play_id":"3e4ed737-7891-4d0e-8268-9b84647cbf84","local_time":"20180328162452","is_prod":false,"is_daily":false,"is_ascension_mode":false,"campfire_upgraded":1,"timestamp":1522268692,"path_taken":["M","?","?","$","?","M","M","R","T","?","M","M","R","?","R","BOSS","M","M","$","M","?","R","?","?"],"build_version":"2018-03-22v2","purchased_purges":0,"victory":false,"master_deck":["Defend_G","Defend_G","Defend_G","Defend_G","Strike_G","Strike_G","Strike_G","Strike_G","Survivor","Neutralize","Poisoned Stab","Sadistic Nature","Sucker Punch","Expertise","Flying Knee","Choke","Quick Slash","Dagger Spray+1","Choke","Doppelganger","Normality","Distraction+1","Infinite Blades+1","Flying Knee+1","Sucker Punch+1","Sadistic Nature","Flash of Steel","Deadly Poison"],"max_hp_per_floor":[70,70,70,70,70,70,70,70,70,75,75,75,75,75,75,75,75,75,75,75,75,75,75,75,75],"relics":["Ring of the Snake","Golden Idol","Torii","Astrolabe","Anchor","Nilry\u0027s Codex"],"card_choices":[{"not_picked":["Escape Plan","Blade Dance"],"picked":"Poisoned Stab","floor":1},{"not_picked":["Backflip","Sucker Punch"],"picked":"Expertise","floor":5},{"not_picked":["PiercingWail","Sucker Punch"],"picked":"Flying Knee","floor":6},{"not_picked":["Riddle With Holes","Dodge and Roll"],"picked":"Choke","floor":7},{"not_picked":["Outmaneuver","Riddle With Holes"],"picked":"Quick Slash","floor":11},{"not_picked":["PiercingWail","Night Terror"],"picked":"Dagger Spray","floor":12},{"not_picked":["PiercingWail","Underhanded Strike"],"picked":"Choke","floor":14},{"not_picked":["Night Terror","A Thousand Cuts"],"picked":"Doppelganger","floor":16},{"not_picked":["Sucker Punch","Footwork"],"picked":"Flying Knee","floor":18},{"not_picked":["Outmaneuver","Masterful Stab"],"picked":"Sucker Punch","floor":19},{"not_picked":["Sucker Punch","Deflect"],"picked":"Deadly Poison","floor":21}],"player_experience":4932,"potions_floor_usage":[25,25],"damage_taken":[{"damage":5,"enemies":"Jaw Worm","floor":1,"turns":7},{"damage":2,"enemies":"2 Louse","floor":5,"turns":3},{"damage":0,"enemies":"Small Slimes","floor":6,"turns":3},{"damage":8,"enemies":"Looter","floor":7,"turns":4},{"damage":10,"enemies":"Exordium Wildlife","floor":11,"turns":3},{"damage":2,"enemies":"Lots of Slimes","floor":12,"turns":4},{"damage":4,"enemies":"Large Slime","floor":14,"turns":5},{"damage":30,"enemies":"Hexaghost","floor":16,"turns":12},{"damage":27,"enemies":"3 Byrds","floor":18,"turns":7},{"damage":30,"enemies":"Spheric Guardian","floor":19,"turns":4},{"damage":6,"enemies":"Snake Plant","floor":21,"turns":4},{"damage":37,"enemies":"3 Cultists","floor":25,"turns":4}],"event_choices":[{"event_name":"Golden Idol","player_choice":"Take Damage","floor":2,"damage_taken":0},{"event_name":"The Cleric","player_choice":"Healed","floor":3,"damage_taken":0},{"event_name":"Big Fish","player_choice":"Donut","floor":10,"damage_taken":0},{"event_name":"Addict","player_choice":"Obtained Relic","floor":22,"damage_taken":0},{"event_name":"Cursed Tome","player_choice":"Obtained Book","floor":24,"damage_taken":0}],"boss_relics":[{"not_picked":["Black Star","Tiny House"],"picked":"Astrolabe"}],"potions_floor_spawned":[5,6,16,18,19],"seed_played":"2446933556474151597","killed_by":"3 Cultists","ascension_level":0,"is_trial":false}