{"gold_per_floor":[112,125,175,191,206,206,233,253,276,295,325,325,36,36,36,109,109,129,148,148,148,161,161,226,226,226,226,132,163,163,176,176,253,253,270,289,289,75,85,110,110,145,145,55,84,84,84,84,84,84,84],"floor_reached":52,"playtime":3054,"items_purged":["Strike_B","Strike_B+1"],"score":2072,"play_id":"16b04800-2342-4047-9237-bc32567584ce","local_time":"20180816053429","is_ascension_mode":true,"campfire_choices":[{"data":"Sunder","floor":6.0,"key":"SMITH"},{"data":"Zap","floor":12.0,"key":"SMITH"},{"floor":15.0,"key":"REST"},{"data":"Storm","floor":23.0,"key":"SMITH"},{"data":"Storm","floor":27.0,"key":"SMITH"},{"data":"Storm","floor":30.0,"key":"SMITH"},{"data":"Defragment","floor":32.0,"key":"SMITH"},{"data":"Defragment","floor":47,"key":"SMITH"},{"data":"Defragment","floor":49,"key":"SMITH"}],"neow_cost":"PERCENT_DAMAGE","seed_source_timestamp":41970934730177,"circlet_count":0,"master_deck":["Defend_B+1","Defend_B","Defend_B","Defend_B","Zap+1","Dualcast","AscendersBane","Consume","Steam Power+1","Sunder+1","Go for the Eyes+1","Self Repair","Turbo","Storm+1","Sunder+1","Storm+1","Storm+1","Echo Form","Loop","Conserve Battery","Ghostly+1","Ghostly","Ghostly","Ghostly","Ghostly+1","Force Field","Defragment+1","Thunder Strike+1","Defragment+1","Steam Power","Defragment+1"],"special_seed":0,"relics":["Cracked Core","Molten Egg 2","Whetstone","Oddly Smooth Stone","Bag of Preparation","Cursed Key","Tiny Chest","War Paint","Busted Crown","Juzu Bracelet","Darkstone Periapt","Prayer Wheel"],"potions_floor_usage":[51],"damage_taken":[{"damage":2.0,"enemies":"Jaw Worm","floor":1.0,"turns":3.0},{"damage":0.0,"enemies":"Cultist","floor":2.0,"turns":4.0},{"damage":0.0,"enemies":"2 Louse","floor":4.0,"turns":2.0},{"damage":13.0,"enemies":"Large Slime","floor":5.0,"turns":4.0},{"damage":20.0,"enemies":"3 Sentries","floor":7.0,"turns":6.0},{"damage":6.0,"enemies":"2 Fungi Beasts","floor":8.0,"turns":3.0},{"damage":1.0,"enemies":"Exordium Wildlife","floor":10.0,"turns":2.0},{"damage":10.0,"enemies":"Lagavulin","floor":11.0,"turns":5.0},{"damage":16.0,"enemies":"Slime Boss","floor":16.0,"turns":8.0},{"damage":7.0,"enemies":"2 Thieves","floor":18.0,"turns":3.0},{"damage":12.0,"enemies":"Chosen","floor":19.0,"turns":3.0},{"damage":1.0,"enemies":"Snecko","floor":22.0,"turns":5.0},{"damage":3.0,"enemies":"Book of Stabbing","floor":24.0,"turns":6.0},{"damage":8.0,"enemies":"Gremlin Leader","floor":29.0,"turns":5.0},{"damage":16.0,"enemies":"Snake Plant","floor":31.0,"turns":4.0},{"damage":0.0,"enemies":"Collector","floor":33.0,"turns":7.0},{"damage":5.0,"enemies":"Orb Walker","floor":35.0,"turns":3.0},{"damage":0.0,"enemies":"Flame Bruiser 1 Orb","floor":36.0,"turns":3.0},{"damage":8.0,"enemies":"4 Shapes","floor":39.0,"turns":2.0},{"damage":10.0,"enemies":"Giant Head","floor":40.0,"turns":6.0},{"damage":0.0,"enemies":"Nemesis","floor":42.0,"turns":5.0},{"damage":2,"enemies":"Giant Head","floor":45,"turns":6},{"damage":6,"enemies":"Donu and Deca","floor":50,"turns":7},{"damage":19,"enemies":"Time Eater","floor":51,"turns":6}],"seed_played":"3893509380678100100","potions_obtained":[{"floor":4.0,"key":"Swift Potion"},{"floor":5.0,"key":"Strength Potion"},{"floor":8.0,"key":"SteroidPotion"},{"floor":10.0,"key":"Block Potion"},{"floor":19.0,"key":"LiquidBronze"},{"floor":22.0,"key":"FearPotion"},{"floor":31.0,"key":"EssenceOfSteel"},{"floor":33.0,"key":"AttackPotion"},{"floor":36.0,"key":"Strength Potion"},{"floor":45,"key":"Energy Potion"}],"is_trial":false,"path_per_floor":["M","M","?","M","M","R","E","M","T","M","E","R","$","?","R","B",null,"M","M","?","?","M","R","E","T","T","R","$","E","R","M","R","B",null,"M","M","?","$","M","E","T","E","T","$","E","$","R","T","R","B","B"],"character_chosen":"DEFECT","items_purchased":["Storm","Bag of Preparation","Defragment","Defragment"],"campfire_rested":1,"item_purchase_floors":[13,13,38,44],"current_hp_per_floor":[44,44,44,44,38,38,25,26,26,32,29,29,29,8,29,20,58,58,53,35,35,34,34,31,31,31,31,31,35,35,33,33,35,35,35,35,35,35,34,31,31,35,35,35,35,35,35,35,35,35,16],"gold":84,"neow_bonus":"TRANSFORM_TWO_CARDS","is_prod":false,"is_daily":false,"chose_seed":false,"campfire_upgraded":8,"win_rate":0,"timestamp":1534390469,"path_taken":["M","M","?","M","M","R","E","M","T","M","E","R","$","?","R","BOSS","M","M","?","?","M","R","E","?","T","R","$","E","R","?","R","BOSS","M","M","?","$","M","E","?","E","T","$","E","$","R","?","R","BOSS","BOSS"],"build_version":"2018-08-14","purchased_purges":2,"victory":true,"max_hp_per_floor":[71,71,71,71,71,71,71,71,71,71,71,71,71,71,71,71,71,71,71,35,35,35,35,35,35,35,35,35,35,35,35,35,35,35,35,35,35,35,35,35,35,35,35,35,35,35,35,35,35,35,35],"card_choices":[{"not_picked":["Sweeping Beam","Ball Lightning"],"picked":"Sunder","floor":1.0},{"not_picked":["White Noise","Sweeping Beam"],"picked":"Go for the Eyes","floor":2.0},{"not_picked":["Hologram","Turbo"],"picked":"Self Repair","floor":4.0},{"not_picked":["Thunder Strike","Tempest"],"picked":"Turbo","floor":5.0},{"not_picked":["Compile Driver","Rebound"],"picked":"Storm","floor":7.0},{"not_picked":["Scrape+1","Steam"],"picked":"Sunder+1","floor":8.0},{"not_picked":["Reprogram","Turbo"],"picked":"Storm","floor":10.0},{"not_picked":["Aggregate","Steam","Static Discharge"],"picked":"SKIP","floor":11.0},{"not_picked":["Amplify","Fission"],"picked":"Echo Form","floor":16.0},{"not_picked":["Beam Cell+1","Tempest+1"],"picked":"Loop","floor":18.0},{"not_picked":["Tempest","Stack"],"picked":"Conserve Battery","floor":19.0},{"not_picked":["Auto Shields","Ball Lightning+1"],"picked":"Force Field","floor":22.0},{"not_picked":["Coolheaded","Redo","Tempest"],"picked":"SKIP","floor":24.0},{"not_picked":["Coolheaded","Melter+1","Storm"],"picked":"SKIP","floor":29.0},{"not_picked":["Aggregate","Sunder+1"],"picked":"Defragment","floor":31.0},{"not_picked":["Machine Learning","Reboot"],"picked":"Thunder Strike+1","floor":33.0},{"not_picked":["Leap"],"picked":"SKIP","floor":35.0},{"not_picked":["Streamline+1"],"picked":"SKIP","floor":36.0},{"not_picked":[],"picked":"Steam Power","floor":39.0},{"not_picked":["Loop"],"picked":"SKIP","floor":40.0},{"not_picked":["Coolheaded"],"picked":"SKIP","floor":42.0},{"not_picked":["Gash+1"],"picked":"SKIP","floor":45}],"player_experience":881745,"relics_obtained":[{"floor":7.0,"key":"Molten Egg 2"},{"floor":9.0,"key":"Whetstone"},{"floor":11.0,"key":"Oddly Smooth Stone"},{"floor":24.0,"key":"Tiny Chest"},{"floor":29.0,"key":"War Paint"},{"floor":40.0,"key":"Juzu Bracelet"},{"floor":42.0,"key":"Darkstone Periapt"},{"floor":45,"key":"Prayer Wheel"}],"event_choices":[{"event_name":"Golden Shrine","player_choice":"Pray","floor":3.0,"damage_taken":0.0},{"event_name":"Shining Light","player_choice":"Entered Light","floor":14.0,"damage_taken":0.0},{"event_name":"Ghosts","player_choice":"Became a Ghost","floor":20.0,"damage_taken":0.0},{"event_name":"Vampires","player_choice":"Ignored","floor":21.0,"damage_taken":0.0},{"event_name":"SensoryStone","player_choice":"Memory 1","floor":37.0,"damage_taken":0.0}],"is_beta":true,"boss_relics":[{"not_picked":["Nuclear Battery","Snecko Eye"],"picked":"Cursed Key"},{"not_picked":["Fusion Hammer","White Beast Statue"],"picked":"Busted Crown"}],"items_purged_floors":[28,38],"is_endless":false,"potions_floor_spawned":[4,5,8,10,19,22,31,33,35,36,39,45],"ascension_level":20}