{"gold_per_floor":[118,135,145,220,220,220,46,46,46,61,81,81,99,109,109,188,188,201,6,22,22,22,22,40,51,51,65,65,84,84,103,103,176,176,189,189,114,125,34,34,67,67,67,67,67,81,135,145,145,145,145],"floor_reached":52,"playtime":3917,"items_purged":["Strike_B"],"score":1802,"play_id":"b2418cc1-e8d3-4c8b-b2cc-ba52e0eac73a","local_time":"20181122060146","is_ascension_mode":true,"campfire_choices":[{"data":"Zap","floor":6.0,"key":"SMITH"},{"data":"Go for the Eyes","floor":8.0,"key":"SMITH"},{"data":"Coolheaded","floor":12.0,"key":"SMITH"},{"data":"Hologram","floor":15.0,"key":"SMITH"},{"data":"Hologram","floor":23.0,"key":"SMITH"},{"data":"Turbo","floor":28.0,"key":"SMITH"},{"data":"Coolheaded","floor":32.0,"key":"SMITH"},{"data":"Trip","floor":40.0,"key":"SMITH"},{"data":"Hologram","floor":45.0,"key":"SMITH"},{"data":"Steam Power","floor":49,"key":"SMITH"}],"neow_cost":"NONE","seed_source_timestamp":0,"circlet_count":0,"master_deck":["AscendersBane","Defend_B","Defend_B","Defend_B","Defend_B","Zap+1","Dualcast+1","All For One","Coolheaded+1","Go for the Eyes+1","Turbo+1","All For One","Hologram+1","Compile Driver","Stack","Hologram+1","Echo Form","Hologram+1","Finesse","Genetic Algorithm","Gash","Conserve Battery","Gash","Steam+1","Trip+1","Streamline+1","Steam Power+1","Turbo"],"special_seed":0,"relics":["Cracked Core","Mercury Hourglass","Coffee Dripper","Dodecahedron","Runic Pyramid","Juzu Bracelet","Mummified Hand","Bird Faced Urn"],"potions_floor_usage":[],"damage_taken":[{"damage":4.0,"enemies":"Small Slimes","floor":1.0,"turns":3.0},{"damage":0.0,"enemies":"Jaw Worm","floor":2.0,"turns":6.0},{"damage":0.0,"enemies":"2 Louse","floor":3.0,"turns":3.0},{"damage":0.0,"enemies":"Exordium Thugs","floor":10.0,"turns":3.0},{"damage":1.0,"enemies":"2 Fungi Beasts","floor":11.0,"turns":2.0},{"damage":3.0,"enemies":"Blue Slaver","floor":13.0,"turns":2.0},{"damage":0.0,"enemies":"Red Slaver","floor":14.0,"turns":2.0},{"damage":22.0,"enemies":"The Guardian","floor":16.0,"turns":10.0},{"damage":0.0,"enemies":"Chosen","floor":18.0,"turns":3.0},{"damage":20.0,"enemies":"3 Byrds","floor":20.0,"turns":3.0},{"damage":1.0,"enemies":"Centurion and Healer","floor":24.0,"turns":6.0},{"damage":16.0,"enemies":"Shelled Parasite and Fungi","floor":25.0,"turns":2.0},{"damage":24.0,"enemies":"Snake Plant","floor":27.0,"turns":2.0},{"damage":0.0,"enemies":"Centurion and Healer","floor":29.0,"turns":4.0},{"damage":0.0,"enemies":"Chosen and Byrds","floor":31.0,"turns":3.0},{"damage":0.0,"enemies":"Automaton","floor":33.0,"turns":4.0},{"damage":0.0,"enemies":"3 Darklings","floor":35.0,"turns":3.0},{"damage":3.0,"enemies":"3 Shapes","floor":38.0,"turns":4.0},{"damage":2.0,"enemies":"Nemesis","floor":41.0,"turns":4.0},{"damage":0.0,"enemies":"Maw","floor":46.0,"turns":5.0},{"damage":0,"enemies":"2 Orb Walkers","floor":47,"turns":3},{"damage":0,"enemies":"4 Shapes","floor":48,"turns":4},{"damage":6,"enemies":"Donu and Deca","floor":50,"turns":6},{"damage":41,"enemies":"Awakened One","floor":51,"turns":8}],"seed_played":"2760225997580367436","potions_obtained":[{"floor":1.0,"key":"SpeedPotion"},{"floor":3.0,"key":"SteroidPotion"},{"floor":14.0,"key":"LiquidBronze"},{"floor":20.0,"key":"SteroidPotion"},{"floor":29.0,"key":"LiquidBronze"},{"floor":30.0,"key":"SpeedPotion"},{"floor":33.0,"key":"FairyPotion"},{"floor":38.0,"key":"SteroidPotion"}],"is_trial":false,"path_per_floor":["M","M","M","?","?","R","$","R","T","M","M","R","M","M","R","B",null,"M","$","M","?","?","R","M","M","T","M","R","M","?","M","R","B",null,"M","?","?","M","$","R","E","?","T","?","R","M","?","M","R","B","B",null],"character_chosen":"DEFECT","items_purchased":["All For One","Hologram","Finesse","Trip"],"campfire_rested":0,"item_purchase_floors":[7,19,19,39],"current_hp_per_floor":[60,60,60,49,28,28,28,28,28,28,27,27,24,24,24,2,54,54,54,34,34,48,48,47,31,31,7,7,7,7,7,7,7,55,55,55,55,52,52,52,50,50,50,50,50,50,50,50,50,46,7],"gold":145,"neow_bonus":"ONE_RANDOM_RARE_CARD","is_prod":false,"is_daily":false,"chose_seed":false,"campfire_upgraded":10,"win_rate":0,"timestamp":1542862906,"path_taken":["M","M","M","?","?","R","$","R","T","M","M","R","M","M","R","BOSS","M","$","M","?","?","R","M","M","T","M","R","M","?","?","R","BOSS","M","?","?","M","$","R","E","?","T","?","R","M","?","M","R","BOSS","BOSS"],"build_version":"2018-11-15","purchased_purges":1,"victory":true,"max_hp_per_floor":[71,71,71,71,71,71,71,71,71,71,71,71,71,71,71,71,71,71,71,71,71,71,71,71,71,71,71,71,71,71,71,71,71,71,71,71,71,71,71,71,71,71,71,71,71,71,71,71,71,71,71],"card_choices":[{"not_picked":["Force Field","Redo"],"picked":"Coolheaded","floor":1.0},{"not_picked":["Compile Driver","Conserve Battery"],"picked":"Go for the Eyes","floor":2.0},{"not_picked":["Chill","Recycle"],"picked":"Turbo","floor":3.0},{"not_picked":["Loop","Go for the Eyes"],"picked":"Hologram","floor":10.0},{"not_picked":["Rebound","Storm"],"picked":"Compile Driver","floor":11.0},{"not_picked":["Reinforced Body","Rip and Tear"],"picked":"Stack","floor":13.0},{"not_picked":["Static Discharge","Streamline"],"picked":"Hologram","floor":14.0},{"not_picked":["Fission","Seek"],"picked":"Echo Form","floor":16.0},{"not_picked":["Barrage","Lockon","Fusion"],"picked":"SKIP","floor":18.0},{"not_picked":["Barrage","Skim","Redo"],"picked":"SKIP","floor":20.0},{"not_picked":["Stack","Heatsinks"],"picked":"Coolheaded","floor":24.0},{"not_picked":["Lockon","Go for the Eyes"],"picked":"Conserve Battery","floor":25.0},{"not_picked":["Auto Shields","Turbo","Ball Lightning"],"picked":"SKIP","floor":27.0},{"not_picked":["Doom and Gloom","Buffer"],"picked":"Gash","floor":29.0},{"not_picked":["Leap","Reinforced Body","Undo"],"picked":"SKIP","floor":31.0},{"not_picked":["Sweeping Beam","Tempest","Fusion"],"picked":"SKIP","floor":35.0},{"not_picked":["Turbo+1","Cold Snap"],"picked":"Steam+1","floor":38.0},{"not_picked":["Rebound+1","Leap"],"picked":"Streamline+1","floor":41.0},{"not_picked":["Steam","Sweeping Beam"],"picked":"Steam Power","floor":46.0},{"not_picked":["Compile Driver","Steam"],"picked":"Turbo","floor":48}],"player_experience":1074101,"relics_obtained":[{"floor":9.0,"key":"Mercury Hourglass"},{"floor":26.0,"key":"Dodecahedron"},{"floor":41.0,"key":"Juzu Bracelet"},{"floor":43.0,"key":"Mummified Hand"},{"floor":47,"key":"Bird Faced Urn"}],"event_choices":[{"damage_healed":0.0,"max_hp_gain":0.0,"max_hp_loss":0.0,"gold_gain":75.0,"event_name":"World of Goop","player_choice":"Gather Gold","floor":4.0,"gold_loss":0.0,"damage_taken":11.0},{"damage_healed":0.0,"max_hp_gain":0.0,"max_hp_loss":0.0,"gold_gain":0.0,"event_name":"Shining Light","player_choice":"Entered Light","floor":5.0,"gold_loss":0.0,"damage_taken":21.0,"cards_upgraded":["Dualcast","Strike_B"]},{"damage_healed":0.0,"max_hp_gain":0.0,"max_hp_loss":0.0,"gold_gain":0.0,"cards_transformed":["Strike_B","Strike_B"],"event_name":"Drug Dealer","player_choice":"Became Test Subject","floor":21.0,"gold_loss":0.0,"damage_taken":0.0,"cards_obtained":["Genetic Algorithm","Gash"]},{"damage_healed":14.0,"max_hp_gain":0.0,"max_hp_loss":0.0,"gold_gain":0.0,"event_name":"The Library","player_choice":"Heal","floor":22.0,"gold_loss":0.0,"damage_taken":0.0},{"damage_healed":0.0,"max_hp_gain":0.0,"max_hp_loss":0.0,"gold_gain":0.0,"event_name":"Lab","player_choice":"Got Potions","floor":30.0,"gold_loss":0.0,"damage_taken":0.0},{"damage_healed":0.0,"max_hp_gain":0.0,"max_hp_loss":0.0,"gold_gain":0.0,"event_name":"Tomb of Lord Red Mask","player_choice":"Ignored","floor":36.0,"gold_loss":0.0,"damage_taken":0.0},{"cards_removed":["Strike_B"],"damage_healed":0.0,"max_hp_gain":0.0,"max_hp_loss":0.0,"gold_gain":0.0,"event_name":"Designer","player_choice":"Single Remove","floor":37.0,"gold_loss":75.0,"damage_taken":0.0},{"damage_healed":0.0,"max_hp_gain":0.0,"max_hp_loss":0.0,"gold_gain":0.0,"event_name":"SensoryStone","player_choice":"Memory 1","floor":42.0,"gold_loss":0.0,"damage_taken":0.0},{"cards_removed":["Coolheaded"],"damage_healed":0.0,"max_hp_gain":0.0,"max_hp_loss":0.0,"gold_gain":0.0,"event_name":"Falling","player_choice":"Removed Skill","floor":44.0,"gold_loss":0.0,"damage_taken":0.0},{"damage_healed":0,"gold_gain":0,"player_choice":"Fight","damage_taken":0,"max_hp_gain":0,"max_hp_loss":0,"event_name":"Mysterious Sphere","floor":47,"gold_loss":0}],"is_beta":true,"boss_relics":[{"not_picked":["Nuclear Battery","Runic Dome"],"picked":"Coffee Dripper"},{"not_picked":["Snecko Eye","Pandora\u0027s Box"],"picked":"Runic Pyramid"}],"items_purged_floors":[19],"is_endless":false,"potions_floor_spawned":[1,3,14,20,29,33,38,41,47,48],"ascension_level":20}