{"gold_per_floor":[119,119,119,9,25,25,51,51,78,93,109,109,126,77,77,179,229,219,229,229,53,53,53,83,97,97,111,123,137,154,0,0,96,96,111,122,122,138,138,172,172,207,252,252,252,271,18,18,18,18],"floor_reached":51,"playtime":7199,"items_purged":["Strike_G","Strike_G"],"score":1016,"play_id":"0e63d2cd-0501-47be-b15a-a7c081850905","local_time":"20190417105502","is_ascension_mode":true,"campfire_choices":[{"data":"Neutralize","floor":6.0,"key":"SMITH"},{"data":"Deadly Poison","floor":8.0,"key":"SMITH"},{"floor":15.0,"key":"REST"},{"data":"Footwork","floor":23.0,"key":"SMITH"},{"floor":32.0,"key":"REST"},{"floor":41,"key":"REST"},{"floor":44,"key":"REST"},{"floor":49,"key":"REST"}],"neow_cost":"NONE","seed_source_timestamp":0,"circlet_count":0,"master_deck":["AscendersBane","Defend_G+1","Defend_G+1","Defend_G+1","Defend_G+1","Defend_G+1","Strike_G+1","Strike_G+1","Strike_G+1","Survivor+1","Neutralize+1","Deadly Poison+1","Dash+1","Dodge and Roll+1","Flying Knee+1","Footwork+1","RitualDagger+1","Well Laid Plans+1","Backstab+1","Dagger Spray+1","Footwork+1","Deflect+1","Night Terror+1","Poisoned Stab+1","Mayhem+1","Parasite","Dodge and Roll+1","Backflip+1","Sucker Punch+1"],"special_seed":0,"relics":["Ring of the Snake","Anchor","Pantograph","Ancient Tea Set","Mercury Hourglass","Tiny House","Blood Vial","Dodecahedron","Sozu","Art of War","Toxic Egg 2","Bag of Marbles","Mummified Hand","Mark of the Bloom"],"potions_floor_usage":[40,40],"damage_taken":[{"damage":0.0,"enemies":"Cultist","floor":1.0,"turns":6.0},{"damage":0.0,"enemies":"2 Louse","floor":5.0,"turns":3.0},{"damage":27.0,"enemies":"Lagavulin","floor":7.0,"turns":9.0},{"damage":0.0,"enemies":"Small Slimes","floor":10.0,"turns":3.0},{"damage":6.0,"enemies":"2 Fungi Beasts","floor":11.0,"turns":3.0},{"damage":0.0,"enemies":"Looter","floor":13.0,"turns":3.0},{"damage":29.0,"enemies":"Hexaghost","floor":16.0,"turns":12.0},{"damage":9.0,"enemies":"2 Thieves","floor":18.0,"turns":4.0},{"damage":11.0,"enemies":"Shell Parasite","floor":19.0,"turns":8.0},{"damage":9.0,"enemies":"Colosseum Slavers","floor":22.0,"turns":5.0},{"damage":9.0,"enemies":"Slavers","floor":24.0,"turns":8.0},{"damage":3.0,"enemies":"Centurion and Healer","floor":25.0,"turns":12.0},{"damage":19.0,"enemies":"Snake Plant","floor":27.0,"turns":3.0},{"damage":0.0,"enemies":"3 Cultists","floor":28.0,"turns":6.0},{"damage":0.0,"enemies":"Shelled Parasite and Fungi","floor":29.0,"turns":8.0},{"damage":0.0,"enemies":"Snecko","floor":30.0,"turns":4.0},{"damage":39.0,"enemies":"Collector","floor":33.0,"turns":20.0},{"damage":1,"enemies":"Orb Walker","floor":35,"turns":4},{"damage":0,"enemies":"3 Shapes","floor":36,"turns":5},{"damage":13,"enemies":"Writhing Mass","floor":38,"turns":7},{"damage":27,"enemies":"Reptomancer","floor":40,"turns":15},{"damage":30,"enemies":"Nemesis","floor":42,"turns":13},{"damage":0,"enemies":"4 Shapes","floor":46,"turns":6},{"damage":12,"enemies":"Donu and Deca","floor":50,"turns":17}],"seed_played":"-4735060302965944646","potions_obtained":[{"floor":5.0,"key":"Energy Potion"},{"floor":7.0,"key":"GamblersBrew"},{"floor":17.0,"key":"EssenceOfSteel"},{"floor":25.0,"key":"GhostInAJar"},{"floor":30.0,"key":"Weak Potion"},{"floor":33.0,"key":"GhostInAJar"}],"is_trial":false,"path_per_floor":["M","?","?","$","M","R","E","R","T","M","M","T","M","?","R","B",null,"M","M","?","$","?","R","E","M","T","M","M","M","M","?","R","B",null,"M","M","?","M","?","E","R","E","T","R","?","M","$","?","R","B",null],"character_chosen":"THE_SILENT","items_purchased":["Dash","Well Laid Plans","Mummified Hand"],"campfire_rested":5,"item_purchase_floors":[4,21,47],"current_hp_per_floor":[63,49,49,49,49,49,22,22,22,22,16,16,16,16,37,33,66,57,46,40,40,31,31,22,21,21,4,6,8,10,10,32,20,61,62,64,59,48,48,23,44,16,16,37,37,39,39,39,39,27],"gold":18,"neow_bonus":"RANDOM_COMMON_RELIC","is_prod":false,"is_daily":false,"chose_seed":false,"campfire_upgraded":3,"win_rate":0,"timestamp":1555491302,"path_taken":["M","?","?","$","M","R","E","R","T","M","?","?","?","?","R","BOSS","M","M","?","$","?","R","E","M","T","M","M","M","M","?","R","BOSS","M","M","?","M","?","E","R","E","T","R","?","M","$","?","R","BOSS"],"build_version":"2019-01-23","purchased_purges":2,"victory":true,"max_hp_per_floor":[70,70,70,70,70,70,70,70,70,70,70,70,70,70,70,70,75,75,75,75,75,75,75,75,75,75,75,75,75,75,75,75,75,75,75,75,75,75,71,71,71,71,71,71,71,71,71,71,71,71],"card_choices":[{"not_picked":["Cloak And Dagger","Expertise"],"picked":"Deadly Poison","floor":1.0},{"not_picked":["Quick Slash","Acrobatics"],"picked":"Dodge and Roll","floor":5.0},{"not_picked":["Prepared","Reflex","Glass Knife"],"picked":"SKIP","floor":7.0},{"not_picked":["Bane","Prepared"],"picked":"Flying Knee","floor":10.0},{"not_picked":["Flying Knee","Accuracy","Outmaneuver"],"picked":"SKIP","floor":11.0},{"not_picked":["Bouncing Flask","Slice","Dagger Throw"],"picked":"SKIP","floor":13.0},{"not_picked":["Dagger Throw","Outmaneuver","Bane"],"picked":"SKIP","floor":18.0},{"not_picked":["Quick Slash","Acrobatics"],"picked":"Footwork","floor":19.0},{"not_picked":["Heel Hook","Deflect+1"],"picked":"Backstab+1","floor":24.0},{"not_picked":["Dagger Throw+1","Expertise"],"picked":"Dagger Spray+1","floor":25.0},{"not_picked":["Endless Agony","Acrobatics","Dagger Throw"],"picked":"SKIP","floor":27.0},{"not_picked":["Slice","Storm of Steel"],"picked":"Footwork","floor":28.0},{"not_picked":["Choke","Slice","Acrobatics"],"picked":"SKIP","floor":29.0},{"not_picked":["Skewer+1","Quick Slash"],"picked":"Deflect","floor":30.0},{"not_picked":["Glass Knife","Phantasmal Killer"],"picked":"Night Terror","floor":33.0},{"not_picked":["Flying Knee+1","Eviscerate"],"picked":"Poisoned Stab+1","floor":35},{"not_picked":["Terror","Quick Slash","Slice"],"picked":"SKIP","floor":36},{"not_picked":["Impatience","Flash of Steel"],"picked":"Mayhem","floor":37},{"not_picked":["Terror","Predator","Underhanded Strike+1"],"picked":"SKIP","floor":38},{"not_picked":["Dagger Throw+1","Underhanded Strike"],"picked":"Dodge and Roll+1","floor":40},{"not_picked":["Dagger Spray+1","Prepared"],"picked":"Backflip+1","floor":42},{"not_picked":["Prepared+1","Quick Slash"],"picked":"Sucker Punch+1","floor":46}],"player_experience":452889,"relics_obtained":[{"floor":7.0,"key":"Pantograph"},{"floor":9.0,"key":"Ancient Tea Set"},{"floor":12.0,"key":"Mercury Hourglass"},{"floor":24.0,"key":"Blood Vial"},{"floor":26.0,"key":"Dodecahedron"},{"floor":40,"key":"Art of War"},{"floor":42,"key":"Toxic Egg 2"},{"floor":43,"key":"Bag of Marbles"}],"event_choices":[{"damage_healed":0.0,"max_hp_gain":0.0,"max_hp_loss":0.0,"gold_gain":0.0,"event_name":"Shining Light","player_choice":"Entered Light","floor":2.0,"gold_loss":0.0,"damage_taken":14.0,"cards_upgraded":["Survivor","Defend_G"]},{"damage_healed":0.0,"max_hp_gain":0.0,"max_hp_loss":0.0,"gold_gain":0.0,"event_name":"WeMeetAgain","player_choice":"Ignored","floor":3.0,"gold_loss":0.0,"damage_taken":0.0},{"damage_healed":0.0,"max_hp_gain":0.0,"max_hp_loss":0.0,"gold_gain":0.0,"event_name":"World of Goop","player_choice":"Left Gold","floor":14.0,"gold_loss":49.0,"damage_taken":0.0},{"damage_healed":0.0,"max_hp_gain":0.0,"max_hp_loss":0.0,"gold_gain":0.0,"event_name":"Nest","player_choice":"Joined the Cult","floor":20.0,"gold_loss":0.0,"damage_taken":6.0,"cards_obtained":["RitualDagger"]},{"damage_healed":0.0,"max_hp_gain":0.0,"max_hp_loss":0.0,"gold_gain":0.0,"event_name":"Colosseum","player_choice":"Fight","floor":22.0,"gold_loss":0.0,"damage_taken":0.0},{"damage_healed":0.0,"max_hp_gain":0.0,"max_hp_loss":0.0,"gold_gain":0.0,"event_name":"Colosseum","player_choice":"Fled From Nobs","floor":22.0,"gold_loss":0.0,"damage_taken":0.0},{"damage_healed":0.0,"max_hp_gain":0.0,"max_hp_loss":0.0,"gold_gain":0.0,"event_name":"Masked Bandits","player_choice":"Paid Fearfully","floor":31.0,"gold_loss":154.0,"damage_taken":0.0},{"damage_healed":0,"gold_gain":0,"player_choice":"Memory 2","damage_taken":5,"max_hp_gain":0,"max_hp_loss":0,"event_name":"SensoryStone","floor":37,"gold_loss":0},{"damage_healed":0,"gold_gain":0,"player_choice":"Max HP","damage_taken":0,"max_hp_gain":0,"max_hp_loss":4,"event_name":"Winding Halls","floor":39,"gold_loss":0},{"damage_healed":0,"gold_gain":0,"player_choice":"Ignored","damage_taken":0,"max_hp_gain":0,"max_hp_loss":0,"event_name":"Tomb of Lord Red Mask","floor":45,"gold_loss":0},{"damage_healed":0,"gold_gain":0,"player_choice":"Upgrade","damage_taken":0,"relics_obtained":["Mark of the Bloom"],"max_hp_gain":0,"max_hp_loss":0,"event_name":"MindBloom","floor":48,"gold_loss":0,"cards_upgraded":["Defend_G","Defend_G","Defend_G","Strike_G","Strike_G","Strike_G","Dash","Dodge and Roll","Flying Knee","RitualDagger","Well Laid Plans","Footwork","Deflect","Night Terror","Mayhem"]}],"is_beta":false,"boss_relics":[{"not_picked":["Pandora\u0027s Box","Coffee Dripper"],"picked":"Tiny House"},{"not_picked":["Runic Dome","Eternal Feather"],"picked":"Sozu"}],"items_purged_floors":[4,21],"is_endless":false,"potions_floor_spawned":[5,7,22,25,30,33,35,38,42],"ascension_level":10}