{"gold_per_floor":[10,10,10,10,80,113,113,132,179,179,213,225,236,251,251,251],"floor_reached":16,"playtime":1770,"items_purged":[],"score":138,"play_id":"2e1c452e-af49-4f94-95f6-b0392d7aaac6","local_time":"20181227104053","is_ascension_mode":true,"campfire_choices":[{"floor":7,"key":"REST"},{"floor":10,"key":"REST"},{"floor":15,"key":"REST"}],"neow_cost":"NO_GOLD","seed_source_timestamp":1260055078150351,"circlet_count":0,"master_deck":["Defend_G","Defend_G","Defend_G","Defend_G","Defend_G","Strike_G","Strike_G","Strike_G","Strike_G","Strike_G","Survivor","Neutralize","Bullet Time","Backstab","Well Laid Plans","Dodge and Roll","Crippling Poison"],"relics":["Ring of the Snake","SsserpentHead","Regal Pillow","Smiling Mask","Calipers"],"potions_floor_usage":[6,11,13],"damage_taken":[{"damage":0,"enemies":"2 Louse","floor":1,"turns":5},{"damage":1,"enemies":"Cultist","floor":5,"turns":6},{"damage":65,"enemies":"3 Sentries","floor":6,"turns":23},{"damage":2,"enemies":"Jaw Worm","floor":8,"turns":2},{"damage":60,"enemies":"Gremlin Nob","floor":11,"turns":6},{"damage":5,"enemies":"Gremlin Gang","floor":12,"turns":8},{"damage":4,"enemies":"Large Slime","floor":13,"turns":5},{"damage":56,"enemies":"Slime Boss","floor":16,"turns":12}],"seed_played":"-5201102141411882609","potions_obtained":[{"floor":1,"key":"Explosive Potion"},{"floor":8,"key":"LiquidBronze"},{"floor":12,"key":"SteroidPotion"}],"is_trial":false,"path_per_floor":["M","$","?","$","M","E","R","M","T","R","E","M","M","?","R","B"],"character_chosen":"THE_SILENT","items_purchased":[],"campfire_rested":3,"item_purchase_floors":[],"current_hp_per_floor":[70,70,70,70,69,4,40,38,38,70,10,5,1,18,54,0],"gold":251,"neow_bonus":"THREE_RARE_CARDS","is_prod":false,"is_daily":false,"chose_seed":false,"campfire_upgraded":0,"win_rate":0,"timestamp":1545925253,"path_taken":["M","$","?","$","?","E","R","M","T","R","E","M","M","?","R","BOSS"],"build_version":"2018-12-20","purchased_purges":0,"victory":false,"max_hp_per_floor":[70,70,70,70,70,70,70,70,70,70,70,70,70,70,70,70],"card_choices":[{"not_picked":["Storm of Steel","Wraith Form v2"],"picked":"Bullet Time","floor":0},{"not_picked":["Eviscerate","Reflex","Bane"],"picked":"SKIP","floor":1},{"not_picked":["Acrobatics","Prepared"],"picked":"Backstab","floor":5},{"not_picked":["Slice","Quick Slash"],"picked":"Well Laid Plans","floor":6},{"not_picked":["All Out Attack","Deflect"],"picked":"Dodge and Roll","floor":8},{"not_picked":["Quick Slash","Acrobatics","Endless Agony"],"picked":"SKIP","floor":11},{"not_picked":["Blade Dance","Dodge and Roll"],"picked":"Crippling Poison","floor":12},{"not_picked":["Skewer","Unload","Deadly Poison"],"picked":"SKIP","floor":13}],"player_experience":475979,"relics_obtained":[{"floor":6,"key":"Regal Pillow"},{"floor":9,"key":"Smiling Mask"},{"floor":11,"key":"Calipers"}],"event_choices":[{"damage_healed":0,"gold_gain":0,"player_choice":"Trade","damage_taken":0,"relics_obtained":["SsserpentHead"],"max_hp_gain":0,"max_hp_loss":0,"event_name":"FaceTrader","floor":3,"gold_loss":0},{"damage_healed":17,"gold_gain":0,"player_choice":"Healed","damage_taken":0,"max_hp_gain":0,"max_hp_loss":0,"event_name":"The Cleric","floor":14,"gold_loss":35}],"is_beta":false,"boss_relics":[],"items_purged_floors":[],"is_endless":false,"potions_floor_spawned":[1,8,12],"killed_by":"Slime Boss","ascension_level":5}