{"gold_per_floor":[116,116,116,116,56,56,36,102,129,129,143,81,109,128,128,128],"floor_reached":16,"playtime":737,"items_purged":["Regret"],"score":154,"play_id":"0bc7e7fe-d16c-44b3-b7f4-445b28bb54d0","local_time":"20190612223912","is_ascension_mode":true,"campfire_choices":[{"floor":6,"key":"REST"},{"floor":10,"key":"REST"},{"floor":15,"key":"REST"}],"neow_cost":"NONE","seed_source_timestamp":93620368983600,"circlet_count":0,"master_deck":["AscendersBane","Defend_G","Defend_G","Defend_G","Defend_G","Defend_G","Strike_G","Strike_G","Strike_G","Strike_G","Strike_G","Survivor","Neutralize","Footwork+1","Deadly Poison","PiercingWail","Cloak And Dagger","Blur","Blur"],"relics":["Ring of the Snake","The Courier","Golden Idol","Tiny Chest","Potion Belt","Odd Mushroom"],"potions_floor_usage":[8],"damage_taken":[{"damage":0,"enemies":"2 Louse","floor":1,"turns":3},{"damage":34,"enemies":"3 Sentries","floor":8,"turns":13},{"damage":0,"enemies":"Jaw Worm","floor":11,"turns":4},{"damage":37,"enemies":"The Mushroom Lair","floor":13,"turns":10},{"damage":8,"enemies":"Small Slimes","floor":14,"turns":7},{"damage":41,"enemies":"Hexaghost","floor":16,"turns":17}],"seed_played":"3733715112787058079","potions_obtained":[{"floor":1,"key":"Explosive Potion"}],"is_trial":false,"path_per_floor":["M","?","?","?","$","R","$","E","T","R","M","$","?","M","R","B"],"character_chosen":"THE_SILENT","items_purchased":["Deadly Poison","Blur"],"campfire_rested":3,"item_purchase_floors":[7,12],"current_hp_per_floor":[70,70,70,51,51,74,74,40,40,63,63,63,26,18,41,0],"gold":128,"neow_bonus":"TEN_PERCENT_HP_BONUS","is_prod":false,"is_daily":false,"chose_seed":false,"campfire_upgraded":0,"win_rate":0,"timestamp":1560393552,"path_taken":["M","?","?","?","$","R","$","E","T","R","M","$","?","M","R","BOSS"],"build_version":"2019-01-23","purchased_purges":1,"victory":false,"max_hp_per_floor":[77,77,77,77,77,77,77,77,77,77,77,77,77,77,77,77],"card_choices":[{"not_picked":["Expertise","Calculated Gamble"],"picked":"Footwork","floor":1},{"not_picked":["Eviscerate","Acrobatics"],"picked":"PiercingWail","floor":8},{"not_picked":["All Out Attack","Sucker Punch"],"picked":"Cloak And Dagger","floor":11},{"not_picked":["Deflect","Concentrate"],"picked":"Blur","floor":13},{"not_picked":["Reflex","Finisher","Tactician"],"picked":"SKIP","floor":14}],"player_experience":305955,"relics_obtained":[{"floor":8,"key":"Tiny Chest"},{"floor":9,"key":"Potion Belt"},{"floor":13,"key":"Odd Mushroom"}],"event_choices":[{"damage_healed":0,"gold_gain":0,"player_choice":"Box","damage_taken":0,"relics_obtained":["The Courier"],"max_hp_gain":0,"max_hp_loss":0,"event_name":"Big Fish","floor":2,"gold_loss":0,"cards_obtained":["Regret"]},{"damage_healed":0,"gold_gain":0,"player_choice":"Grow","damage_taken":0,"max_hp_gain":0,"max_hp_loss":0,"event_name":"Living Wall","floor":3,"gold_loss":0,"cards_upgraded":["Footwork"]},{"damage_healed":0,"gold_gain":0,"player_choice":"Take Damage","damage_taken":19,"relics_obtained":["Golden Idol"],"max_hp_gain":0,"max_hp_loss":0,"event_name":"Golden Idol","floor":4,"gold_loss":0},{"damage_healed":0,"gold_gain":0,"player_choice":"Fought Mushrooms","damage_taken":0,"max_hp_gain":0,"max_hp_loss":0,"event_name":"Mushrooms","floor":13,"gold_loss":0}],"is_beta":false,"boss_relics":[],"items_purged_floors":[5],"is_endless":false,"potions_floor_spawned":[1],"killed_by":"Hexaghost","ascension_level":12}