{"gold_per_floor":[110,121,121,121,138,138,163,163,188,188,207,232,249,278,278,278],"floor_reached":16,"playtime":1409,"items_purged":[],"score":157,"play_id":"c88ddd7f-5254-48b5-b3ad-5a7cb0e827ee","local_time":"20181212183359","is_ascension_mode":true,"campfire_choices":[{"floor":6,"key":"RECALL"},{"floor":10,"key":"REST"},{"floor":15,"key":"REST"}],"neow_cost":"NONE","seed_source_timestamp":2318049865901933,"circlet_count":0,"master_deck":["Strike_R","Strike_R+1","Strike_R","Strike_R","Defend_R+1","Defend_R+1","Defend_R","Defend_R+1","Bash","Metallicize","Corruption","Shrug It Off"],"relics":["Burning Blood","Strawberry","War Paint","Vajra","Question Card","Blue Candle"],"potions_floor_usage":[14,16],"damage_taken":[{"damage":6,"enemies":"2 Louse","floor":1,"turns":2},{"damage":7,"enemies":"Jaw Worm","floor":2,"turns":3},{"damage":0,"enemies":"Small Slimes","floor":5,"turns":3},{"damage":29,"enemies":"3 Sentries","floor":7,"turns":13},{"damage":0,"enemies":"Looter","floor":11,"turns":4},{"damage":22,"enemies":"Gremlin Nob","floor":12,"turns":4},{"damage":3,"enemies":"Exordium Thugs","floor":13,"turns":5},{"damage":52,"enemies":"3 Sentries","floor":14,"turns":10},{"damage":62,"enemies":"Slime Boss","floor":16,"turns":11}],"seed_played":"-8738555447710319620","potions_obtained":[{"floor":1,"key":"EssenceOfSteel"},{"floor":11,"key":"Energy Potion"},{"floor":12,"key":"Fire Potion"},{"floor":13,"key":"BloodPotion"}],"is_trial":false,"path_per_floor":["M","M","?","?","M","R","E","?","T","R","M","E","M","E","R","B"],"character_chosen":"IRONCLAD","items_purchased":[],"campfire_rested":2,"item_purchase_floors":[],"current_hp_per_floor":[88,87,80,62,68,68,52,49,49,77,83,67,70,33,61,0],"gold":278,"neow_bonus":"TEN_PERCENT_HP_BONUS","is_prod":false,"is_daily":false,"chose_seed":false,"campfire_upgraded":0,"win_rate":0,"timestamp":1544657639,"path_taken":["M","M","?","?","M","R","E","?","T","R","M","E","M","E","R","BOSS"],"build_version":"2018-12-06","purchased_purges":0,"victory":false,"max_hp_per_floor":[88,88,88,88,88,88,95,95,95,95,95,95,95,95,95,95],"card_choices":[{"not_picked":["Sever Soul","Twin Strike","Dual Wield"],"picked":"SKIP","floor":1},{"not_picked":["Body Slam","Cleave","Second Wind"],"picked":"SKIP","floor":2},{"not_picked":["Thunderclap","Entrench"],"picked":"Metallicize","floor":5},{"not_picked":["Sword Boomerang","Infernal Blade","Thunderclap"],"picked":"SKIP","floor":7},{"not_picked":["Clash","Sword Boomerang"],"picked":"Corruption","floor":11},{"not_picked":["Hemokinesis","Blood for Blood","Fire Breathing"],"picked":"SKIP","floor":12},{"not_picked":["Twin Strike","Blood for Blood","Anger","Perfected Strike"],"picked":"SKIP","floor":13},{"not_picked":["Armaments","Headbutt","Exhume"],"picked":"Shrug It Off","floor":14}],"player_experience":391916,"relics_obtained":[{"floor":7,"key":"Strawberry"},{"floor":9,"key":"Vajra"},{"floor":12,"key":"Question Card"},{"floor":14,"key":"Blue Candle"}],"event_choices":[{"cards_removed":["Strike_R"],"damage_healed":0,"gold_gain":0,"player_choice":"Card Removal","damage_taken":7,"max_hp_gain":0,"max_hp_loss":0,"event_name":"Golden Wing","floor":3,"gold_loss":0},{"damage_healed":0,"gold_gain":0,"player_choice":"Entered Light","damage_taken":18,"max_hp_gain":0,"max_hp_loss":0,"event_name":"Shining Light","floor":4,"gold_loss":0,"cards_upgraded":["Defend_R","Strike_R"]},{"damage_healed":0,"gold_gain":0,"player_choice":"Success","damage_taken":3,"relics_obtained":["War Paint"],"max_hp_gain":0,"max_hp_loss":0,"event_name":"Scrap Ooze","floor":8,"gold_loss":0}],"is_beta":false,"boss_relics":[],"items_purged_floors":[],"is_endless":false,"potions_floor_spawned":[1,11,12,13],"killed_by":"Slime Boss","ascension_level":2}