{"gold_per_floor":[117,117,49,49,62,62,12,12,12,29,29,39,52,65,65,163,163,180,180,200,213,226,226,226,239,317,317,328,328,341,341,341,436,436,446,446,458,83,83],"floor_reached":39,"playtime":2885,"items_purged":[],"score":425,"play_id":"d76d5942-fbba-4e55-bd70-b4b7a3e8b6d0","local_time":"20181125002125","is_ascension_mode":false,"campfire_choices":[{"data":"White Noise","floor":6,"key":"SMITH"},{"floor":11,"key":"REST"},{"floor":15,"key":"REST"},{"floor":23,"key":"REST"},{"floor":29,"key":"REST"},{"floor":32,"key":"REST"}],"neow_cost":"NONE","seed_source_timestamp":885531524863800,"circlet_count":0,"master_deck":["Strike_B+1","Strike_B","Strike_B","Defend_B","Defend_B","Defend_B","Defend_B","Zap","Dualcast","Echo Form+1","Leap","Defragment+1","White Noise+1","Cold Snap","Fusion","BootSequence","Chill","Loop","All For One","Seek","Sunder","Loop","Loop","Conserve Battery","Hologram","Biased Cognition","Cold Snap+1","Buffer","Sunder+1","Cold Snap+1","Storm","Apotheosis"],"relics":["Cracked Core","Darkstone Periapt","Sozu","MutagenicStrength","Pantograph","Nilry\u0027s Codex","Nuclear Battery","Blood Vial"],"potions_floor_usage":[16,18],"damage_taken":[{"damage":3,"enemies":"Small Slimes","floor":1,"turns":4},{"damage":0,"enemies":"2 Louse","floor":5,"turns":2},{"damage":0,"enemies":"Jaw Worm","floor":10,"turns":3},{"damage":10,"enemies":"Looter","floor":12,"turns":3},{"damage":11,"enemies":"Lots of Slimes","floor":13,"turns":5},{"damage":0,"enemies":"3 Louse","floor":14,"turns":6},{"damage":37,"enemies":"The Guardian","floor":16,"turns":8},{"damage":4,"enemies":"3 Byrds","floor":18,"turns":5},{"damage":20,"enemies":"2 Thieves","floor":20,"turns":4},{"damage":23,"enemies":"Shelled Parasite and Fungi","floor":21,"turns":7},{"damage":6,"enemies":"Sentry and Sphere","floor":22,"turns":7},{"damage":14,"enemies":"Centurion and Healer","floor":25,"turns":6},{"damage":15,"enemies":"Snake Plant","floor":28,"turns":7},{"damage":20,"enemies":"Snecko","floor":30,"turns":4},{"damage":0,"enemies":"Champ","floor":33,"turns":11},{"damage":37,"enemies":"3 Darklings","floor":35,"turns":6},{"damage":23,"enemies":"3 Shapes","floor":37,"turns":6},{"damage":22,"enemies":"Jaw Worm Horde","floor":39,"turns":2}],"seed_played":"1857644549803108337","potions_obtained":[{"floor":10,"key":"AttackPotion"},{"floor":16,"key":"Fire Potion"}],"is_trial":false,"path_per_floor":["M","?","$","?","M","R","$","?","T","M","R","M","M","M","R","B",null,"M","?","M","M","M","R","?","M","T","?","M","R","M","?","R","B",null,"M","?","M","$","M"],"character_chosen":"DEFECT","items_purchased":["Defragment","Cold Snap","Blood Vial","Storm","Apotheosis"],"campfire_rested":5,"item_purchase_floors":[3,7,38,38,38],"current_hp_per_floor":[72,72,72,57,57,57,57,57,57,57,75,65,54,54,75,38,75,71,71,51,28,22,44,44,30,30,30,15,37,17,1,23,48,75,38,38,15,15,0],"gold":83,"neow_bonus":"ONE_RANDOM_RARE_CARD","is_prod":false,"is_daily":false,"chose_seed":false,"campfire_upgraded":1,"win_rate":0,"timestamp":1543123285,"path_taken":["M","?","$","?","M","R","?","?","T","?","R","M","M","M","R","BOSS","M","?","M","M","M","R","?","M","T","?","?","R","M","?","R","BOSS","M","?","M","$","M"],"build_version":"2018-11-15","purchased_purges":0,"victory":false,"max_hp_per_floor":[75,75,75,75,75,75,75,75,75,75,75,75,75,75,75,75,75,75,75,75,75,75,75,75,75,75,75,75,75,75,75,75,75,75,75,75,75,75,75],"card_choices":[{"not_picked":["Barrage","Gash"],"picked":"Leap","floor":1},{"not_picked":["Coolheaded","Cold Snap"],"picked":"White Noise","floor":5},{"not_picked":["Compile Driver","Fusion"],"picked":"BootSequence","floor":10},{"not_picked":["Redo","Steam"],"picked":"Chill","floor":12},{"not_picked":["Coolheaded","Streamline"],"picked":"Loop","floor":13},{"not_picked":["Gash","Static Discharge"],"picked":"All For One","floor":14},{"not_picked":["Biased Cognition","Reboot"],"picked":"Seek","floor":16},{"not_picked":["Hello World","Stack"],"picked":"Sunder","floor":18},{"not_picked":["Undo+1","Blizzard"],"picked":"Loop","floor":20},{"not_picked":["Hologram","Beam Cell"],"picked":"Loop","floor":21},{"not_picked":["Gash","Redo"],"picked":"Conserve Battery","floor":22},{"not_picked":["Static Discharge","Steam"],"picked":"Hologram","floor":25},{"not_picked":["Compile Driver","Gash"],"picked":"Biased Cognition","floor":28},{"not_picked":["Consume","Rebound"],"picked":"Cold Snap+1","floor":30},{"not_picked":["Hyperbeam","Meteor Strike"],"picked":"Buffer","floor":33},{"not_picked":["Steam","Reinforced Body"],"picked":"Sunder+1","floor":35},{"not_picked":["Lockon+1","Compile Driver+1"],"picked":"Cold Snap+1","floor":37}],"player_experience":238317,"relics_obtained":[{"floor":9,"key":"Darkstone Periapt"},{"floor":26,"key":"Pantograph"},{"floor":31,"key":"Nilry\u0027s Codex"}],"event_choices":[{"damage_healed":0,"gold_gain":0,"player_choice":"Grow","damage_taken":0,"max_hp_gain":0,"max_hp_loss":0,"event_name":"Living Wall","floor":2,"gold_loss":0,"cards_upgraded":["Echo Form"]},{"damage_healed":0,"gold_gain":0,"player_choice":"Entered Light","damage_taken":15,"max_hp_gain":0,"max_hp_loss":0,"event_name":"Shining Light","floor":4,"gold_loss":0,"cards_upgraded":["Defragment","Strike_B"]},{"damage_healed":0,"gold_gain":0,"cards_transformed":["Strike_B"],"player_choice":"Transformed","damage_taken":0,"max_hp_gain":0,"max_hp_loss":0,"event_name":"Transmorgrifier","floor":8,"gold_loss":0,"cards_obtained":["Fusion"]},{"damage_healed":0,"gold_gain":0,"player_choice":"Inject Mutagens","damage_taken":0,"relics_obtained":["MutagenicStrength"],"max_hp_gain":0,"max_hp_loss":0,"event_name":"Drug Dealer","floor":19,"gold_loss":0},{"damage_healed":0,"gold_gain":0,"player_choice":"Ignored","damage_taken":0,"max_hp_gain":0,"max_hp_loss":0,"event_name":"Ghosts","floor":24,"gold_loss":0},{"damage_healed":0,"gold_gain":0,"player_choice":"Ignored","damage_taken":0,"max_hp_gain":0,"max_hp_loss":0,"event_name":"Vampires","floor":27,"gold_loss":0},{"damage_healed":0,"gold_gain":0,"player_choice":"Obtained Book","damage_taken":16,"max_hp_gain":0,"max_hp_loss":0,"event_name":"Cursed Tome","floor":31,"gold_loss":0},{"damage_healed":0,"gold_gain":0,"player_choice":"Ignored","damage_taken":0,"max_hp_gain":0,"max_hp_loss":0,"event_name":"Tomb of Lord Red Mask","floor":36,"gold_loss":0}],"is_beta":false,"boss_relics":[{"not_picked":["Lizard Tail","Astrolabe"],"picked":"Sozu"},{"not_picked":["Orrery","Runic Pyramid"],"picked":"Nuclear Battery"}],"items_purged_floors":[],"is_endless":false,"potions_floor_spawned":[10,16,18,20,25,30],"killed_by":"Jaw Worm Horde","ascension_level":0}