{"gold_per_floor":[212,162,162,14,30,68,91,91,115,115,130,130,130,143,143,263,263,287,287,287,48,71,71,104,104,104,104,29,72,72,95,95,226,226,247,115,25,49,49,90,105,136,136,159,174,174,174,174,174,174,174,174,24,68,68],"floor_reached":55,"playtime":5031,"items_purged":["Shame"],"score":906,"play_id":"4bec4fd9-6fa3-4555-ad48-e64db9a45a73","local_time":"20181224003252","is_ascension_mode":true,"campfire_choices":[{"floor":8,"key":"REST"},{"floor":10,"key":"REST"},{"floor":15,"key":"REST"},{"data":"Electrodynamics","floor":23,"key":"SMITH"},{"floor":25,"key":"REST"},{"data":"Self Repair","floor":27,"key":"SMITH"},{"data":"Echo Form","floor":32,"key":"SMITH"},{"floor":46,"key":"RECALL"},{"floor":49,"key":"REST"},{"data":"Capacitor","floor":52,"key":"SMITH"}],"neow_cost":"NONE","seed_source_timestamp":961084307042886,"circlet_count":0,"master_deck":["Defend_B+1","Defend_B+1","Defend_B+1","Defend_B+1","Zap+1","Dualcast","Defragment+1","Sunder","FTL","Ball Lightning","Undo","Electrodynamics+1","Chaos+1","Barrage+1","Self Repair+1","BootSequence+1","Echo Form+1","Leap+1","Electrodynamics","Go for the Eyes","Glacier","Leap+1","Capacitor+1","Hyperbeam","Loop","Coolheaded","Go for the Eyes","Capacitor+1"],"relics":["FrozenCore","Golden Idol","DataDisk","Bag of Marbles","Smiling Mask","Astrolabe","PreservedInsect","Bronze Scales","Bag of Preparation","Juzu Bracelet","Happy Flower","Unceasing Top","Regal Pillow","Dodecahedron"],"potions_floor_usage":[31,33,33,38,42,45],"damage_taken":[{"damage":0,"enemies":"2 Louse","floor":1,"turns":3},{"damage":0,"enemies":"Jaw Worm","floor":5,"turns":4},{"damage":55,"enemies":"3 Sentries","floor":6,"turns":9},{"damage":0,"enemies":"Cultist","floor":7,"turns":3},{"damage":11,"enemies":"3 Louse","floor":11,"turns":3},{"damage":6,"enemies":"Looter","floor":14,"turns":2},{"damage":38,"enemies":"Slime Boss","floor":16,"turns":11},{"damage":6,"enemies":"Spheric Guardian","floor":18,"turns":3},{"damage":23,"enemies":"2 Thieves","floor":22,"turns":4},{"damage":19,"enemies":"Slavers","floor":24,"turns":4},{"damage":5,"enemies":"Gremlin Leader","floor":29,"turns":3},{"damage":12,"enemies":"Centurion and Healer","floor":31,"turns":5},{"damage":44,"enemies":"Champ","floor":33,"turns":9},{"damage":8,"enemies":"Orb Walker","floor":35,"turns":3},{"damage":5,"enemies":"3 Darklings","floor":38,"turns":4},{"damage":10,"enemies":"Reptomancer","floor":40,"turns":6},{"damage":4,"enemies":"Sphere and 2 Shapes","floor":41,"turns":4},{"damage":0,"enemies":"Nemesis","floor":42,"turns":5},{"damage":0,"enemies":"Jaw Worm Horde","floor":44,"turns":3},{"damage":28,"enemies":"Writhing Mass","floor":45,"turns":8},{"damage":49,"enemies":"Time Eater","floor":50,"turns":13},{"damage":72,"enemies":"Shield and Spear","floor":54,"turns":6},{"damage":25,"enemies":"The Heart","floor":55,"turns":2}],"seed_played":"5148283389759371533","potions_obtained":[{"floor":6,"key":"GamblersBrew"},{"floor":11,"key":"PowerPotion"},{"floor":14,"key":"AttackPotion"},{"floor":31,"key":"LiquidBronze"},{"floor":33,"key":"Fire Potion"},{"floor":35,"key":"Dexterity Potion"},{"floor":38,"key":"GamblersBrew"},{"floor":45,"key":"FairyPotion"}],"is_trial":false,"path_per_floor":["M","?","?","$","M","E","M","R","T","R","M","?","?","M","R","B",null,"M","?","?","$","M","R","E","R","T","R","$","E","?","M","R","B",null,"M","?","?","M","$","E","M","E","T","M","M","R","?","?","R","B",null,"R","$","E","B"],"character_chosen":"DEFECT","items_purchased":["DataDisk","Self Repair","PreservedInsect","Echo Form","Loop","Coolheaded","Go for the Eyes"],"campfire_rested":5,"item_purchase_floors":[4,21,21,28,53,53,53],"current_hp_per_floor":[75,75,75,75,75,20,20,42,42,64,53,38,38,32,54,16,75,69,69,69,69,53,53,41,63,63,63,63,58,58,56,56,22,75,67,67,67,62,62,62,58,68,68,68,50,50,50,50,72,23,72,72,72,7,0],"gold":68,"neow_bonus":"HUNDRED_GOLD","is_prod":false,"is_daily":false,"chose_seed":false,"campfire_upgraded":4,"win_rate":0,"timestamp":1545629572,"path_taken":["M","?","?","?","M","E","M","R","T","R","?","?","?","M","R","BOSS","M","?","?","$","M","R","E","R","T","R","?","E","?","M","R","BOSS","M","?","?","M","?","E","M","E","T","M","M","R","?","?","R","BOSS","R","$","E","BOSS"],"build_version":"2018-12-20","purchased_purges":1,"victory":false,"max_hp_per_floor":[75,75,75,75,75,75,75,75,75,75,75,75,75,75,75,75,75,75,75,75,75,75,75,75,75,75,75,75,75,75,75,75,75,75,75,75,75,75,75,75,75,75,75,75,75,75,72,72,72,72,72,72,72,72,72],"card_choices":[{"not_picked":["Cold Snap","Sweeping Beam"],"picked":"Defragment","floor":1},{"not_picked":["Barrage","Turbo"],"picked":"Sunder","floor":5},{"not_picked":["Loop","Gash"],"picked":"FTL","floor":6},{"not_picked":["Steam","Gash","Reprogram"],"picked":"SKIP","floor":7},{"not_picked":["Force Field","Beam Cell"],"picked":"Ball Lightning","floor":11},{"not_picked":["Turbo","Beam Cell"],"picked":"Undo","floor":14},{"not_picked":["Reboot","All For One"],"picked":"Electrodynamics","floor":16},{"not_picked":["Rebound+1","Double Energy"],"picked":"Barrage+1","floor":18},{"not_picked":["Doom and Gloom","Double Energy","Force Field"],"picked":"SKIP","floor":22},{"not_picked":["Hologram","Reboot"],"picked":"BootSequence+1","floor":24},{"not_picked":["Doom and Gloom","Streamline"],"picked":"Leap+1","floor":29},{"not_picked":["Turbo","Streamline","Gash"],"picked":"SKIP","floor":31},{"not_picked":["Core Surge","Seek"],"picked":"Electrodynamics","floor":33},{"not_picked":["Beam Cell+1","Sweeping Beam+1"],"picked":"Go for the Eyes","floor":35},{"not_picked":["FTL+1","Chill+1"],"picked":"Glacier","floor":38},{"not_picked":["Scrape","Rip and Tear","Redo"],"picked":"SKIP","floor":40},{"not_picked":["Compile Driver+1","Genetic Algorithm+1"],"picked":"Leap+1","floor":41},{"not_picked":["Stack","Echo Form"],"picked":"Capacitor","floor":42},{"not_picked":["Doom and Gloom+1","Steam+1","Consume"],"picked":"SKIP","floor":44},{"not_picked":["Gash+1","Storm","Chaos+1"],"picked":"SKIP","floor":45},{"not_picked":["Sweeping Beam+1","Storm"],"picked":"Capacitor+1","floor":54}],"player_experience":447841,"relics_obtained":[{"floor":6,"key":"Bag of Marbles"},{"floor":9,"key":"Smiling Mask"},{"floor":24,"key":"Bronze Scales"},{"floor":26,"key":"Bag of Preparation"},{"floor":29,"key":"Juzu Bracelet"},{"floor":40,"key":"Unceasing Top"},{"floor":42,"key":"Regal Pillow"},{"floor":54,"key":"Dodecahedron"}],"event_choices":[{"cards_removed":["Strike_B"],"damage_healed":0,"gold_gain":0,"player_choice":"Card Removal","damage_taken":0,"max_hp_gain":0,"max_hp_loss":0,"event_name":"The Cleric","floor":2,"gold_loss":50},{"damage_healed":0,"gold_gain":0,"player_choice":"Take Wound","damage_taken":0,"relics_obtained":["Golden Idol"],"max_hp_gain":0,"max_hp_loss":0,"event_name":"Golden Idol","floor":3,"gold_loss":0,"cards_obtained":["Injury"]},{"damage_healed":0,"gold_gain":0,"player_choice":"Entered Light","damage_taken":15,"max_hp_gain":0,"max_hp_loss":0,"event_name":"Shining Light","floor":12,"gold_loss":0,"cards_upgraded":["Defend_B","Defragment"]},{"damage_healed":0,"gold_gain":0,"player_choice":"Searched \u00270\u0027 times","damage_taken":0,"max_hp_gain":0,"max_hp_loss":0,"event_name":"Dead Adventurer","floor":13,"gold_loss":0},{"damage_healed":0,"gold_gain":0,"player_choice":"Ignored","damage_taken":0,"max_hp_gain":0,"max_hp_loss":0,"event_name":"Vampires","floor":19,"gold_loss":0},{"damage_healed":0,"gold_gain":0,"player_choice":"Ignored","damage_taken":0,"max_hp_gain":0,"max_hp_loss":0,"event_name":"Ghosts","floor":20,"gold_loss":0},{"damage_healed":0,"gold_gain":0,"player_choice":"Simplicity","damage_taken":0,"max_hp_gain":0,"max_hp_loss":0,"event_name":"Back to Basics","floor":30,"gold_loss":0,"cards_upgraded":["Strike_B","Defend_B","Defend_B","Defend_B"]},{"damage_healed":0,"gold_gain":0,"player_choice":"Paid Gold","damage_taken":0,"relics_obtained":["Happy Flower"],"max_hp_gain":0,"max_hp_loss":0,"event_name":"WeMeetAgain","floor":36,"gold_loss":132},{"cards_removed":["Blizzard"],"damage_healed":0,"gold_gain":0,"player_choice":"Upgrade and Remove","damage_taken":0,"max_hp_gain":0,"max_hp_loss":0,"event_name":"Designer","floor":37,"gold_loss":90,"cards_upgraded":["Zap"]},{"cards_removed":["Parasite"],"damage_healed":0,"gold_gain":0,"player_choice":"Purged","damage_taken":0,"max_hp_gain":0,"max_hp_loss":0,"event_name":"Purifier","floor":47,"gold_loss":0},{"damage_healed":0,"gold_gain":0,"cards_transformed":["Strike_B"],"player_choice":"Transformed","damage_taken":0,"max_hp_gain":0,"max_hp_loss":0,"event_name":"Transmorgrifier","floor":48,"gold_loss":0,"cards_obtained":["Hyperbeam"]}],"is_beta":false,"boss_relics":[{"not_picked":["Ectoplasm","Cursed Key"],"picked":"Astrolabe"},{"not_picked":["Fusion Hammer","Sozu"],"picked":"FrozenCore"}],"items_purged_floors":[21],"is_endless":false,"potions_floor_spawned":[6,11,14,24,31,33,35,38,45],"killed_by":"The Heart","ascension_level":3}