{"gold_per_floor":[111,122,136,49,49,82,82,107,107,107,141,151,178,193,193,193],"floor_reached":16,"playtime":614,"items_purged":[],"score":126,"play_id":"cce63053-5a02-4506-b149-a8fd917f7860","local_time":"20190221224554","is_ascension_mode":true,"campfire_choices":[{"data":"Scrape","floor":7,"key":"SMITH"},{"floor":10,"key":"REST"},{"floor":15,"key":"REST"}],"neow_cost":"NONE","seed_source_timestamp":29379925906503,"circlet_count":0,"master_deck":["Strike_B","Strike_B","Strike_B","Strike_B","Defend_B","Defend_B","Defend_B","Defend_B","Zap","Dualcast","Madness","Scrape+1","Fusion","Gash","Forethought"],"relics":["Cracked Core","Strawberry","Question Card","Frozen Egg 2","Gremlin Horn","Odd Mushroom"],"potions_floor_usage":[11,14,14,16],"damage_taken":[{"damage":1,"enemies":"Cultist","floor":1,"turns":3},{"damage":0,"enemies":"2 Louse","floor":2,"turns":3},{"damage":6,"enemies":"Jaw Worm","floor":3,"turns":3},{"damage":30,"enemies":"Gremlin Nob","floor":6,"turns":5},{"damage":26,"enemies":"Lagavulin","floor":8,"turns":8},{"damage":11,"enemies":"Gremlin Nob","floor":11,"turns":3},{"damage":10,"enemies":"Exordium Wildlife","floor":12,"turns":5},{"damage":12,"enemies":"The Mushroom Lair","floor":13,"turns":3},{"damage":6,"enemies":"Looter","floor":14,"turns":2},{"damage":30,"enemies":"The Guardian","floor":16,"turns":5}],"seed_played":"4882749254724836802","potions_obtained":[{"floor":3,"key":"EssenceOfSteel"},{"floor":6,"key":"AttackPotion"},{"floor":13,"key":"SkillPotion"},{"floor":14,"key":"Block Potion"}],"is_trial":false,"path_per_floor":["M","M","M","$","$","E","R","E","T","R","E","M","?","M","R","B"],"character_chosen":"DEFECT","items_purchased":["Forethought"],"campfire_rested":2,"item_purchase_floors":[4],"current_hp_per_floor":[74,74,68,68,68,45,45,19,19,43,32,22,10,4,28,0],"gold":193,"neow_bonus":"RANDOM_COLORLESS","is_prod":false,"is_daily":false,"chose_seed":false,"campfire_upgraded":1,"win_rate":0,"timestamp":1550807154,"path_taken":["M","M","M","?","$","E","R","E","T","R","E","M","?","M","R","BOSS"],"build_version":"2019-01-23","purchased_purges":0,"victory":false,"max_hp_per_floor":[75,75,75,75,75,82,82,82,82,82,82,82,82,82,82,82],"card_choices":[{"not_picked":["Rebound","Beam Cell"],"picked":"Scrape","floor":1},{"not_picked":["Consume","Reinforced Body"],"picked":"Fusion","floor":2},{"not_picked":["Stack","Genetic Algorithm"],"picked":"Gash","floor":3},{"not_picked":["Coolheaded","Compile Driver","Rebound"],"picked":"SKIP","floor":6},{"not_picked":["Go for the Eyes","Echo Form","Stack"],"picked":"SKIP","floor":8},{"not_picked":["Amplify","Defragment+1","Beam Cell","Buffer+1"],"picked":"SKIP","floor":11},{"not_picked":["Gash","Loop+1","Coolheaded","BootSequence"],"picked":"SKIP","floor":12},{"not_picked":["Turbo","Self Repair+1","Sweeping Beam","Conserve Battery"],"picked":"SKIP","floor":14}],"player_experience":333994,"relics_obtained":[{"floor":6,"key":"Strawberry"},{"floor":8,"key":"Question Card"},{"floor":9,"key":"Frozen Egg 2"},{"floor":11,"key":"Gremlin Horn"},{"floor":13,"key":"Odd Mushroom"}],"event_choices":[{"damage_healed":0,"gold_gain":0,"player_choice":"Fought Mushrooms","damage_taken":0,"max_hp_gain":0,"max_hp_loss":0,"event_name":"Mushrooms","floor":13,"gold_loss":0}],"is_beta":false,"boss_relics":[],"items_purged_floors":[],"is_endless":false,"potions_floor_spawned":[3,6,13,14],"killed_by":"The Guardian","ascension_level":1}