{"gold_per_floor":[111,128,128,128,142,177,177,177,177,197,69,104,104,125,125,219,219,238,238,153,79,100,100],"floor_reached":23,"playtime":780,"items_purged":["Defend_R"],"score":378,"play_id":"200b1b0b-1181-43e6-a0c9-a59476c01fd8","local_time":"20190522140504","is_ascension_mode":true,"campfire_choices":[{"floor":7,"key":"REST"},{"data":"Cleave","floor":13,"key":"SMITH"},{"data":"Clothesline","floor":15,"key":"SMITH"}],"neow_cost":"NONE","seed_source_timestamp":153782900273400,"circlet_count":0,"master_deck":["AscendersBane","Strike_R","Strike_R","Strike_R","Strike_R","Strike_R+1","Defend_R","Defend_R","Defend_R","Bash+1","Cleave+1","Inflame+1","Pommel Strike+1","Shrug It Off","Pommel Strike","Twin Strike+1","Clothesline+1","Reaper","Battle Trance","Anger","Shrug It Off","Metallicize","Inflame","J.A.X.","Flame Barrier","Whirlwind"],"relics":["Burning Blood","Red Skull","Pantograph","Golden Idol","Kunai","Whetstone","Orrery","Oddly Smooth Stone"],"potions_floor_usage":[12,18,23],"damage_taken":[{"damage":6,"enemies":"Cultist","floor":1,"turns":3},{"damage":7,"enemies":"Jaw Worm","floor":2,"turns":3},{"damage":7,"enemies":"Small Slimes","floor":5,"turns":3},{"damage":35,"enemies":"Lagavulin","floor":6,"turns":5},{"damage":12,"enemies":"Exordium Thugs","floor":10,"turns":4},{"damage":13,"enemies":"3 Sentries","floor":12,"turns":6},{"damage":0,"enemies":"2 Fungi Beasts","floor":14,"turns":2},{"damage":40,"enemies":"Hexaghost","floor":16,"turns":7},{"damage":11,"enemies":"3 Byrds","floor":18,"turns":5},{"damage":45,"enemies":"2 Thieves","floor":22,"turns":5},{"damage":15,"enemies":"Book of Stabbing","floor":23,"turns":2}],"seed_played":"-6960830719227140277","potions_obtained":[{"floor":6,"key":"Dexterity Potion"},{"floor":10,"key":"Ancient Potion"},{"floor":12,"key":"Fire Potion"},{"floor":18,"key":"Ancient Potion"}],"is_trial":false,"path_per_floor":["M","M","?","?","M","E","R","?","T","M","$","E","R","M","R","B",null,"M","?","?","$","M","E"],"character_chosen":"IRONCLAD","items_purchased":["Twin Strike","Flame Barrier"],"campfire_rested":1,"item_purchase_floors":[11,21],"current_hp_per_floor":[68,67,67,44,43,14,36,36,36,30,30,23,23,29,29,20,56,54,54,54,54,15,0],"gold":100,"neow_bonus":"RANDOM_COMMON_RELIC","is_prod":false,"is_daily":false,"chose_seed":false,"campfire_upgraded":2,"win_rate":0,"timestamp":1558559104,"path_taken":["M","?","?","?","M","E","R","?","T","M","$","E","R","M","R","BOSS","M","?","?","$","M","E"],"build_version":"2019-01-23","purchased_purges":1,"victory":false,"max_hp_per_floor":[75,75,75,75,75,75,75,68,68,68,68,68,68,68,68,68,68,68,68,68,68,68,68],"card_choices":[{"not_picked":["Anger","Headbutt"],"picked":"Cleave","floor":1},{"not_picked":["Headbutt","Perfected Strike"],"picked":"Inflame","floor":2},{"not_picked":["Combust","Hemokinesis"],"picked":"Pommel Strike","floor":5},{"not_picked":["Anger","Exhume"],"picked":"Shrug It Off","floor":6},{"not_picked":["Entrench","Seeing Red"],"picked":"Pommel Strike","floor":10},{"not_picked":["True Grit","Body Slam","Rupture"],"picked":"SKIP","floor":12},{"not_picked":["True Grit","Iron Wave"],"picked":"Clothesline","floor":14},{"not_picked":["Brutality","Juggernaut"],"picked":"Reaper","floor":16},{"not_picked":["Body Slam","Clothesline"],"picked":"Battle Trance","floor":17},{"not_picked":["Havoc","Perfected Strike"],"picked":"Anger","floor":17},{"not_picked":["Burning Pact","Bloodletting"],"picked":"Shrug It Off","floor":17},{"not_picked":["Twin Strike","Clothesline"],"picked":"Metallicize","floor":17},{"not_picked":["Blood for Blood","Wild Strike"],"picked":"Inflame","floor":18},{"not_picked":["True Grit","Feed"],"picked":"Whirlwind","floor":22}],"player_experience":473896,"relics_obtained":[{"floor":6,"key":"Pantograph"},{"floor":9,"key":"Kunai"},{"floor":12,"key":"Whetstone"}],"event_choices":[{"damage_healed":0,"gold_gain":0,"player_choice":"Grow","damage_taken":0,"max_hp_gain":0,"max_hp_loss":0,"event_name":"Living Wall","floor":3,"gold_loss":0,"cards_upgraded":["Bash"]},{"damage_healed":0,"gold_gain":0,"player_choice":"Entered Light","damage_taken":23,"max_hp_gain":0,"max_hp_loss":0,"event_name":"Shining Light","floor":4,"gold_loss":0,"cards_upgraded":["Inflame","Strike_R"]},{"damage_healed":0,"gold_gain":0,"player_choice":"Lose Max HP","damage_taken":0,"relics_obtained":["Golden Idol"],"max_hp_gain":0,"max_hp_loss":7,"event_name":"Golden Idol","floor":8,"gold_loss":0},{"damage_healed":0,"gold_gain":0,"player_choice":"Obtain J.A.X.","damage_taken":0,"max_hp_gain":0,"max_hp_loss":0,"event_name":"Drug Dealer","floor":19,"gold_loss":0,"cards_obtained":["J.A.X."]},{"damage_healed":0,"gold_gain":0,"player_choice":"Obtained Relic","damage_taken":0,"relics_obtained":["Oddly Smooth Stone"],"max_hp_gain":0,"max_hp_loss":0,"event_name":"Addict","floor":20,"gold_loss":85}],"is_beta":false,"boss_relics":[{"not_picked":["Snecko Eye","Pandora\u0027s Box"],"picked":"Orrery"}],"items_purged_floors":[11],"is_endless":false,"potions_floor_spawned":[6,10,12,18,22],"killed_by":"Book of Stabbing","ascension_level":18}