{"gold_per_floor":[116,96,107,119,133,133,54,54,54,54,72,88,114,134,134,233,233,249,265,33,52,76,76,107,32,59,89,122,44,56,72,72,169,169,189,189,189,201,218,149,249,300,324,357,357,392,424,441,441,441],"floor_reached":51,"playtime":2398,"items_purged":["Strike_R"],"score":972,"play_id":"eda56454-7edd-45d4-92c2-e5d8a1efeb2b","local_time":"20190526115025","is_ascension_mode":false,"campfire_choices":[{"data":"Carnage","floor":6,"key":"SMITH"},{"data":"Trip","floor":8,"key":"SMITH"},{"data":"Bash","floor":10,"key":"SMITH"},{"data":"Disarm","floor":15,"key":"SMITH"},{"data":"Burning Pact","floor":23,"key":"SMITH"},{"floor":32,"key":"REST"},{"data":"Offering","floor":45,"key":"SMITH"},{"floor":49,"key":"DIG"}],"neow_cost":"NONE","seed_source_timestamp":489676828187100,"circlet_count":0,"master_deck":["Strike_R","Strike_R","Strike_R","Defend_R","Defend_R+1","Defend_R","Defend_R","Bash+1","Trip+1","Sword Boomerang","Shrug It Off","Cleave","Carnage+1","Metallicize","Ghostly Armor","Disarm+1","Offering","Reckless Charge","Offering+1","Burning Pact+1","Feed","Feel No Pain+1","Evolve","Seeing Red","Pommel Strike+1","Limit Break","Sever Soul","Purity+1","Apotheosis","Bandage Up","Reckless Charge+1","Body Slam+1","Feel No Pain","Sever Soul+1","Infernal Blade+1","Sever Soul+1"],"relics":["Burning Blood","Dead Branch","Pocketwatch","Black Star","Juzu Bracelet","Happy Flower","WingedGreaves","Blue Candle","Orichalcum","Bottled Lightning","Mango","Mummified Hand","Champion Belt","Philosopher\u0027s Stone","Shovel","FossilizedHelix","Art of War","Bottled Tornado","War Paint","Bag of Preparation","Omamori","Sundial","Regal Pillow","Boot"],"potions_floor_usage":[13,14,27,27,33,33,33,50,50],"damage_taken":[{"damage":13,"enemies":"Jaw Worm","floor":1,"turns":3},{"damage":1,"enemies":"Cultist","floor":3,"turns":3},{"damage":0,"enemies":"2 Louse","floor":4,"turns":3},{"damage":2,"enemies":"Blue Slaver","floor":5,"turns":3},{"damage":9,"enemies":"3 Louse","floor":11,"turns":3},{"damage":0,"enemies":"Large Slime","floor":12,"turns":4},{"damage":16,"enemies":"3 Sentries","floor":13,"turns":8},{"damage":15,"enemies":"Exordium Wildlife","floor":14,"turns":4},{"damage":13,"enemies":"Hexaghost","floor":16,"turns":9},{"damage":24,"enemies":"2 Thieves","floor":18,"turns":4},{"damage":6,"enemies":"Chosen","floor":19,"turns":3},{"damage":13,"enemies":"Centurion and Healer","floor":21,"turns":3},{"damage":18,"enemies":"Book of Stabbing","floor":24,"turns":5},{"damage":14,"enemies":"Slavers","floor":27,"turns":2},{"damage":17,"enemies":"Book of Stabbing","floor":28,"turns":4},{"damage":12,"enemies":"Snecko","floor":30,"turns":2},{"damage":10,"enemies":"Snake Plant","floor":31,"turns":3},{"damage":43,"enemies":"Champ","floor":33,"turns":11},{"damage":6,"enemies":"3 Shapes","floor":35,"turns":5},{"damage":6,"enemies":"3 Darklings","floor":38,"turns":2},{"damage":15,"enemies":"Maw","floor":39,"turns":5},{"damage":19,"enemies":"Mind Bloom Boss Battle","floor":41,"turns":2},{"damage":31,"enemies":"2 Orb Walkers","floor":42,"turns":4},{"damage":6,"enemies":"Giant Head","floor":44,"turns":5},{"damage":12,"enemies":"Reptomancer","floor":46,"turns":1},{"damage":12,"enemies":"Giant Head","floor":47,"turns":4},{"damage":6,"enemies":"Sphere and 2 Shapes","floor":48,"turns":3},{"damage":13,"enemies":"Time Eater","floor":50,"turns":9}],"seed_played":"1780586214772832281","potions_obtained":[{"floor":1,"key":"SkillPotion"},{"floor":2,"key":"SpeedPotion"},{"floor":11,"key":"BloodPotion"},{"floor":12,"key":"Explosive Potion"},{"floor":13,"key":"Explosive Potion"},{"floor":16,"key":"GamblersBrew"},{"floor":27,"key":"Fire Potion"},{"floor":28,"key":"Energy Potion"},{"floor":33,"key":"Block Potion"},{"floor":44,"key":"GamblersBrew"},{"floor":46,"key":"SteroidPotion"}],"is_trial":false,"path_per_floor":["M","?","M","M","M","R","$","R","T","R","M","M","E","M","R","B",null,"M","M","$","M","T","R","E","?","T","E","E","$","M","M","R","B",null,"M","$","?","M","M","$","?","?","T","E","R","E","E","M","R","B",null],"character_chosen":"IRONCLAD","items_purchased":["Metallicize","Juzu Bracelet","Evolve","Feel No Pain"],"campfire_rested":1,"item_purchase_floors":[7,20,29,40],"current_hp_per_floor":[73,73,78,80,80,80,80,80,80,80,77,80,78,69,69,62,80,62,62,62,55,55,55,43,43,43,52,44,44,41,37,67,30,103,103,103,93,93,90,90,81,56,56,62,62,56,54,58,58,57],"gold":441,"neow_bonus":"RANDOM_COLORLESS","is_prod":false,"is_daily":false,"chose_seed":false,"campfire_upgraded":6,"win_rate":0,"timestamp":1558896625,"path_taken":["M","?","M","M","M","R","$","R","T","R","M","M","E","M","R","BOSS","M","M","$","M","?","R","E","?","T","E","E","?","M","M","R","BOSS","M","$","?","M","M","$","?","?","T","E","R","E","E","M","R","BOSS"],"build_version":"2019-01-23","purchased_purges":1,"victory":true,"max_hp_per_floor":[80,80,80,80,80,80,80,80,80,80,80,80,80,80,80,80,80,80,80,80,80,80,80,80,80,80,97,100,100,103,103,103,103,103,103,103,103,103,103,103,103,103,103,103,103,103,103,103,103,103],"card_choices":[{"not_picked":["Body Slam","Thunderclap"],"picked":"Sword Boomerang","floor":1},{"not_picked":["Armaments","Blood for Blood"],"picked":"Shrug It Off","floor":3},{"not_picked":["Flex","Wild Strike"],"picked":"Cleave","floor":4},{"not_picked":["Rage","Cleave"],"picked":"Carnage","floor":5},{"not_picked":["Iron Wave","Body Slam"],"picked":"Ghostly Armor","floor":11},{"not_picked":["Bloodletting","Sword Boomerang"],"picked":"Disarm","floor":12},{"not_picked":["Cleave","Ghostly Armor"],"picked":"Offering","floor":13},{"not_picked":["Flame Barrier","Anger"],"picked":"Reckless Charge","floor":14},{"not_picked":["Barricade","Impervious"],"picked":"Offering","floor":16},{"not_picked":["Clash+1","Blood for Blood","Body Slam"],"picked":"SKIP","floor":18},{"not_picked":["Dual Wield","Power Through","Heavy Blade"],"picked":"SKIP","floor":19},{"not_picked":["Headbutt+1","Anger"],"picked":"Burning Pact","floor":21},{"not_picked":["Clothesline+1","Infernal Blade"],"picked":"Feed","floor":24},{"not_picked":["Pommel Strike","Anger"],"picked":"Feel No Pain+1","floor":27},{"not_picked":["Armaments+1","Anger","Clash+1"],"picked":"SKIP","floor":28},{"not_picked":["Anger","Sword Boomerang"],"picked":"Seeing Red","floor":30},{"not_picked":["Searing Blow","Uppercut+1"],"picked":"Pommel Strike+1","floor":31},{"not_picked":["Bludgeon","Impervious"],"picked":"Limit Break","floor":33},{"not_picked":["True Grit","Pommel Strike"],"picked":"Sever Soul","floor":35},{"not_picked":["Jack Of All Trades","Forethought"],"picked":"Purity","floor":37},{"not_picked":["Mind Blast","Panache"],"picked":"Apotheosis","floor":37},{"not_picked":["Dark Shackles","PanicButton"],"picked":"Bandage Up","floor":37},{"not_picked":["Pummel+1","Carnage+1"],"picked":"Reckless Charge+1","floor":38},{"not_picked":["Shrug It Off+1","Combust+1"],"picked":"Body Slam+1","floor":39},{"not_picked":["Armaments","Cleave"],"picked":"Sever Soul+1","floor":41},{"not_picked":["Blood for Blood+1","Clothesline","Sword Boomerang+1"],"picked":"SKIP","floor":44},{"not_picked":["Dropkick+1","Rampage+1"],"picked":"Infernal Blade+1","floor":46},{"not_picked":["Double Tap","Sword Boomerang","Clash"],"picked":"SKIP","floor":47},{"not_picked":["Power Through+1","Iron Wave"],"picked":"Sever Soul+1","floor":48}],"player_experience":483129,"relics_obtained":[{"floor":9,"key":"Dead Branch"},{"floor":13,"key":"Pocketwatch"},{"floor":22,"key":"Happy Flower"},{"floor":24,"key":"WingedGreaves"},{"floor":24,"key":"Blue Candle"},{"floor":26,"key":"Orichalcum"},{"floor":27,"key":"Bottled Lightning"},{"floor":27,"key":"Mango"},{"floor":28,"key":"Mummified Hand"},{"floor":28,"key":"Champion Belt"},{"floor":41,"key":"Shovel"},{"floor":42,"key":"FossilizedHelix"},{"floor":43,"key":"Art of War"},{"floor":44,"key":"Bottled Tornado"},{"floor":44,"key":"War Paint"},{"floor":46,"key":"Bag of Preparation"},{"floor":46,"key":"Omamori"},{"floor":47,"key":"Sundial"},{"floor":47,"key":"Regal Pillow"},{"floor":49,"key":"Boot"}],"event_choices":[{"damage_healed":0,"gold_gain":0,"player_choice":"Bought 1 Potion","damage_taken":0,"max_hp_gain":0,"max_hp_loss":0,"event_name":"The Woman in Blue","floor":2,"gold_loss":0},{"cards_removed":["Strike_R"],"damage_healed":0,"gold_gain":0,"player_choice":"Gave Gold","damage_taken":0,"max_hp_gain":0,"max_hp_loss":0,"event_name":"Beggar","floor":25,"gold_loss":75},{"damage_healed":0,"gold_gain":0,"player_choice":"Memory 3","damage_taken":10,"max_hp_gain":0,"max_hp_loss":0,"event_name":"SensoryStone","floor":37,"gold_loss":0},{"damage_healed":0,"gold_gain":0,"player_choice":"Fight","damage_taken":0,"max_hp_gain":0,"max_hp_loss":0,"event_name":"MindBloom","floor":41,"gold_loss":0},{"damage_healed":0,"gold_gain":0,"player_choice":"Fight","damage_taken":0,"max_hp_gain":0,"max_hp_loss":0,"event_name":"Mysterious Sphere","floor":42,"gold_loss":0}],"is_beta":false,"boss_relics":[{"not_picked":["Astrolabe","Runic Pyramid"],"picked":"Black Star"},{"not_picked":["Black Blood","Velvet Choker"],"picked":"Philosopher\u0027s Stone"}],"items_purged_floors":[20],"is_endless":false,"potions_floor_spawned":[1,11,12,13,16,21,27,28,33,44,46,47,48],"ascension_level":0}