{"gold_per_floor":[119,69,69,88,13,39,39,51,51,64,93,93,93,103,103,200,200,211,211,211,211,229,264,264,264,264,264,296,296,328,342,342,342],"floor_reached":33,"playtime":2721,"items_purged":["Regret"],"score":512,"play_id":"febf0476-671b-49eb-908e-e51167fbaea7","local_time":"20190205211712","is_ascension_mode":true,"campfire_choices":[{"floor":7.0,"key":"REST"},{"floor":12.0,"key":"REST"},{"data":"Spot Weakness","floor":15.0,"key":"SMITH"},{"floor":24.0,"key":"REST"},{"data":"J.A.X.","floor":27.0,"key":"SMITH"},{"floor":32.0,"key":"REST"}],"neow_cost":"NONE","seed_source_timestamp":90314099853400,"circlet_count":0,"master_deck":["Strike_R","Strike_R","Defend_R","Defend_R+1","Defend_R+1","Defend_R","Bash","Thunderclap","Headbutt","Whirlwind","Spot Weakness+1","Shrug It Off","Limit Break","J.A.X.+1","Carnage+1","True Grit","Shockwave+1"],"special_seed":0,"relics":["Burning Blood","Pen Nib","Mango","Centennial Puzzle","Matryoshka","War Paint","Philosopher\u0027s Stone","Blood Vial","Anchor","Charon\u0027s Ashes","Gremlin Horn","Shovel"],"potions_floor_usage":[],"damage_taken":[{"damage":9.0,"enemies":"2 Louse","floor":1.0,"turns":4.0},{"damage":15.0,"enemies":"Small Slimes","floor":4.0,"turns":6.0},{"damage":40.0,"enemies":"Gremlin Nob","floor":6.0,"turns":5.0},{"damage":1.0,"enemies":"Cultist","floor":8.0,"turns":3.0},{"damage":2.0,"enemies":"Looter","floor":10.0,"turns":4.0},{"damage":50.0,"enemies":"3 Sentries","floor":11.0,"turns":5.0},{"damage":5.0,"enemies":"Blue Slaver","floor":14.0,"turns":4.0},{"damage":50.0,"enemies":"The Guardian","floor":16.0,"turns":11.0},{"damage":7.0,"enemies":"3 Byrds","floor":18.0,"turns":2.0},{"damage":17.0,"enemies":"2 Thieves","floor":22.0,"turns":3.0},{"damage":12.0,"enemies":"Book of Stabbing","floor":23.0,"turns":4.0},{"damage":3.0,"enemies":"Gremlin Leader","floor":28.0,"turns":5.0},{"damage":60.0,"enemies":"Slavers","floor":30.0,"turns":6.0},{"damage":13.0,"enemies":"Centurion and Healer","floor":31.0,"turns":3.0},{"damage":89,"enemies":"Champ","floor":33,"turns":7}],"seed_played":"8136396022847670828","potions_obtained":[{"floor":1.0,"key":"FearPotion"},{"floor":4.0,"key":"FairyPotion"},{"floor":6.0,"key":"Strength Potion"},{"floor":11.0,"key":"EssenceOfSteel"},{"floor":22.0,"key":"EntropicBrew"},{"floor":30.0,"key":"Strength Potion"}],"is_trial":false,"path_per_floor":["M","?","?","M","$","E","R","M","T","M","E","R","?","M","R","B",null,"M","?","?","?","M","E","R","?","T","R","E","?","E","M","R","B"],"character_chosen":"IRONCLAD","items_purchased":[],"campfire_rested":4,"item_purchase_floors":[],"current_hp_per_floor":[69,69,83,74,74,40,68,73,73,77,33,61,54,55,55,11,73,72,53,53,53,42,36,65,98,98,98,99,99,45,40,69,0],"gold":342,"neow_bonus":"RANDOM_COMMON_RELIC","is_prod":false,"is_daily":false,"chose_seed":false,"campfire_upgraded":2,"win_rate":0,"timestamp":1549419432,"path_taken":["M","?","?","M","$","E","R","M","T","M","E","R","?","M","R","BOSS","M","?","?","?","M","E","R","?","T","R","E","?","E","M","R","BOSS"],"build_version":"2019-01-23","purchased_purges":1,"victory":false,"max_hp_per_floor":[80,80,94,94,94,94,94,94,94,94,94,94,94,94,94,94,94,94,99,99,99,99,99,99,99,99,99,99,99,99,99,99,99],"card_choices":[{"not_picked":["Rage","Wild Strike","Rupture"],"picked":"SKIP","floor":1.0},{"not_picked":["Heavy Blade","Clothesline"],"picked":"Thunderclap","floor":4.0},{"not_picked":["Clothesline","Combust"],"picked":"Headbutt","floor":6.0},{"not_picked":["Thunderclap","Havoc"],"picked":"Whirlwind","floor":8.0},{"not_picked":["Pummel","Body Slam","Feel No Pain"],"picked":"SKIP","floor":10.0},{"not_picked":["Shrug It Off","Twin Strike"],"picked":"Spot Weakness","floor":11.0},{"not_picked":["Entrench","Cleave"],"picked":"Shrug It Off","floor":14.0},{"not_picked":["Offering","Feed"],"picked":"Limit Break","floor":16.0},{"not_picked":["Flex+1","Searing Blow+1","Havoc"],"picked":"SKIP","floor":18.0},{"not_picked":["Reckless Charge","Combust+1","Heavy Blade"],"picked":"SKIP","floor":22.0},{"not_picked":["Cleave","Bloodletting"],"picked":"Carnage+1","floor":23.0},{"not_picked":["Iron Wave+1","Wild Strike+1"],"picked":"True Grit","floor":28.0},{"not_picked":["Infernal Blade","Anger","Berserk"],"picked":"SKIP","floor":30.0},{"not_picked":["Sword Boomerang","Bloodletting+1"],"picked":"Shockwave+1","floor":31.0}],"player_experience":839084,"relics_obtained":[{"floor":6.0,"key":"Centennial Puzzle"},{"floor":9.0,"key":"Matryoshka"},{"floor":11.0,"key":"War Paint"},{"floor":23.0,"key":"Blood Vial"},{"floor":26.0,"key":"Anchor"},{"floor":26.0,"key":"Charon\u0027s Ashes"},{"floor":28.0,"key":"Gremlin Horn"},{"floor":30.0,"key":"Shovel"}],"event_choices":[{"cards_removed":["Strike_R"],"damage_healed":0.0,"max_hp_gain":0.0,"max_hp_loss":0.0,"gold_gain":0.0,"event_name":"The Cleric","player_choice":"Card Removal","floor":2.0,"gold_loss":50.0,"damage_taken":0.0},{"damage_healed":0.0,"max_hp_gain":0.0,"max_hp_loss":0.0,"gold_gain":0.0,"event_name":"Big Fish","player_choice":"Box","floor":3.0,"gold_loss":0.0,"damage_taken":0.0,"relics_obtained":["Mango"],"cards_obtained":["Regret"]},{"cards_removed":["Strike_R"],"damage_healed":0.0,"max_hp_gain":0.0,"max_hp_loss":0.0,"gold_gain":0.0,"event_name":"Golden Wing","player_choice":"Card Removal","floor":13.0,"gold_loss":0.0,"damage_taken":7.0},{"damage_healed":0.0,"max_hp_gain":5.0,"max_hp_loss":0.0,"gold_gain":0.0,"event_name":"Forgotten Altar","player_choice":"Shed Blood","floor":19.0,"gold_loss":0.0,"damage_taken":24.0},{"damage_healed":0.0,"max_hp_gain":0.0,"max_hp_loss":0.0,"gold_gain":0.0,"event_name":"Cursed Tome","player_choice":"Ignored","floor":20.0,"gold_loss":0.0,"damage_taken":0.0},{"damage_healed":0.0,"max_hp_gain":0.0,"max_hp_loss":0.0,"gold_gain":0.0,"event_name":"Drug Dealer","player_choice":"Obtain J.A.X.","floor":21.0,"gold_loss":0.0,"damage_taken":0.0,"cards_obtained":["J.A.X."]},{"damage_healed":33.0,"max_hp_gain":0.0,"max_hp_loss":0.0,"gold_gain":0.0,"event_name":"The Library","player_choice":"Heal","floor":25.0,"gold_loss":0.0,"damage_taken":0.0},{"cards_removed":["Strike_R"],"damage_healed":0.0,"max_hp_gain":0.0,"max_hp_loss":0.0,"gold_gain":0.0,"event_name":"Purifier","player_choice":"Purged","floor":29.0,"gold_loss":0.0,"damage_taken":0.0}],"is_beta":false,"boss_relics":[{"not_picked":["Pandora\u0027s Box","Eternal Feather"],"picked":"Philosopher\u0027s Stone"}],"items_purged_floors":[5],"is_endless":false,"potions_floor_spawned":[1,4,6,11,16,22,30],"killed_by":"Champ","ascension_level":9}