{"gold_per_floor":[118,138,313,313,327,297,297,321,376,395,441,441,20,43,43,169,169,190,209,209,209,233,233,12,12,37,80,80,98,98,19,19,150,150,174,174,199,218,218],"floor_reached":39,"playtime":2388,"items_purged":["Doubt","Pain"],"score":670,"play_id":"4b8a96ee-3e9c-4ea1-88f8-ebfbf077b42e","local_time":"20190609142819","is_ascension_mode":true,"campfire_choices":[{"floor":7,"key":"REST"},{"floor":12,"key":"REST"},{"floor":15,"key":"REST"},{"floor":23,"key":"REST"},{"floor":25,"key":"REST"},{"data":"Noxious Fumes","floor":28,"key":"SMITH"},{"floor":32,"key":"REST"}],"neow_cost":"TEN_PERCENT_HP_LOSS","seed_source_timestamp":408274779650600,"circlet_count":0,"master_deck":["AscendersBane","Defend_G","Defend_G","Defend_G","Defend_G","Defend_G","Strike_G","Strike_G","Strike_G","Survivor","Neutralize","Footwork","Poisoned Stab","Deadly Poison","Backflip","Malaise","Footwork","Terror","Crippling Poison","Corpse Explosion","Deflect","Outmaneuver+1","Blur","Blur","Noxious Fumes+1","PiercingWail","Dodge and Roll","PiercingWail","Shame","Blur","Deadly Poison","Die Die Die","Poisoned Stab+1","Decay","Dagger Throw","Flying Knee","Parasite"],"relics":["Ring of the Snake","Golden Idol","Tiny Chest","PreservedInsect","Ice Cream","Lizard Tail","WarpedTongs","Happy Flower","Strawberry","Du-Vu Doll","Fusion Hammer"],"potions_floor_usage":[22,33,38],"damage_taken":[{"damage":0,"enemies":"Jaw Worm","floor":1,"turns":6},{"damage":10,"enemies":"2 Louse","floor":2,"turns":5},{"damage":4,"enemies":"Cultist","floor":5,"turns":6},{"damage":0,"enemies":"Looter","floor":6,"turns":4},{"damage":15,"enemies":"Lots of Slimes","floor":8,"turns":7},{"damage":10,"enemies":"Exordium Thugs","floor":10,"turns":7},{"damage":22,"enemies":"Gremlin Gang","floor":14,"turns":8},{"damage":3,"enemies":"The Guardian","floor":16,"turns":14},{"damage":20,"enemies":"3 Byrds","floor":18,"turns":4},{"damage":12,"enemies":"Spheric Guardian","floor":19,"turns":5},{"damage":45,"enemies":"Chosen and Byrds","floor":22,"turns":11},{"damage":0,"enemies":"Book of Stabbing","floor":27,"turns":10},{"damage":5,"enemies":"Centurion and Healer","floor":29,"turns":6},{"damage":62,"enemies":"Automaton","floor":33,"turns":17},{"damage":16,"enemies":"Orb Walker","floor":35,"turns":7},{"damage":24,"enemies":"3 Darklings","floor":37,"turns":6},{"damage":6,"enemies":"4 Shapes","floor":38,"turns":5},{"damage":12,"enemies":"Writhing Mass","floor":39,"turns":4}],"seed_played":"5643259530144136654","potions_obtained":[{"floor":1,"key":"FearPotion"},{"floor":5,"key":"Strength Potion"},{"floor":16,"key":"GhostInAJar"},{"floor":33,"key":"FearPotion"},{"floor":35,"key":"SpeedPotion"},{"floor":37,"key":"Energy Potion"}],"is_trial":false,"path_per_floor":["M","M","?","?","M","M","R","M","T","M","T","R","$","M","R","B",null,"M","M","?","?","M","R","$","R","T","E","R","M","?","$","R","B",null,"M","?","M","M","M"],"character_chosen":"THE_SILENT","items_purchased":["Terror","Ice Cream","Noxious Fumes","PiercingWail","Blur","Deadly Poison"],"campfire_rested":6,"item_purchase_floors":[13,13,24,24,31,31],"current_hp_per_floor":[63,53,53,38,34,34,52,37,37,27,27,45,45,23,41,38,57,37,25,25,25,11,29,29,47,47,54,54,49,49,49,70,8,55,39,39,15,9,0],"gold":218,"neow_bonus":"REMOVE_TWO","is_prod":false,"is_daily":false,"chose_seed":false,"campfire_upgraded":1,"win_rate":0,"timestamp":1560104899,"path_taken":["M","M","?","?","M","M","R","M","T","M","?","R","$","M","R","BOSS","M","M","?","?","?","R","$","R","T","E","R","M","?","$","R","BOSS","M","?","M","?","M"],"build_version":"2019-01-23","purchased_purges":2,"victory":false,"max_hp_per_floor":[63,63,63,63,63,63,63,63,63,63,63,63,63,63,63,63,63,63,63,63,63,63,63,63,63,63,70,70,70,70,70,70,70,70,70,70,70,70,70],"card_choices":[{"not_picked":["Eviscerate","Sucker Punch"],"picked":"Footwork","floor":1},{"not_picked":["Masterful Stab","Flying Knee"],"picked":"Poisoned Stab","floor":2},{"not_picked":["Flying Knee","Predator"],"picked":"Deadly Poison","floor":5},{"not_picked":["Blade Dance","Dodge and Roll"],"picked":"Backflip","floor":6},{"not_picked":["Slice","Underhanded Strike"],"picked":"Malaise","floor":8},{"not_picked":["Prepared","Dodge and Roll"],"picked":"Footwork","floor":10},{"not_picked":["Outmaneuver","Flechettes"],"picked":"Crippling Poison","floor":14},{"not_picked":["Glass Knife","Night Terror"],"picked":"Corpse Explosion","floor":16},{"not_picked":["Quick Slash","Poisoned Stab"],"picked":"Deflect","floor":18},{"not_picked":["Prepared","Poisoned Stab"],"picked":"Outmaneuver+1","floor":19},{"not_picked":["Backflip","Outmaneuver"],"picked":"Blur","floor":22},{"not_picked":["PiercingWail","Riddle With Holes"],"picked":"Dodge and Roll","floor":27},{"not_picked":["Endless Agony+1","Reflex+1"],"picked":"PiercingWail","floor":29},{"not_picked":["Wraith Form v2","Tools of the Trade"],"picked":"Die Die Die","floor":33},{"not_picked":["Setup+1","Bane"],"picked":"Poisoned Stab+1","floor":35},{"not_picked":["Masterful Stab+1","Blade Dance+1"],"picked":"Dagger Throw","floor":37},{"not_picked":["Underhanded Strike+1","Poisoned Stab"],"picked":"Flying Knee","floor":38}],"player_experience":293707,"relics_obtained":[{"floor":9,"key":"Tiny Chest"},{"floor":11,"key":"PreservedInsect"},{"floor":26,"key":"Happy Flower"},{"floor":27,"key":"Strawberry"}],"event_choices":[{"damage_healed":0,"gold_gain":175,"player_choice":"AGREE","damage_taken":0,"max_hp_gain":0,"max_hp_loss":0,"event_name":"Liars Game","floor":3,"gold_loss":0,"cards_obtained":["Doubt"]},{"damage_healed":0,"gold_gain":0,"player_choice":"Take Damage","damage_taken":15,"relics_obtained":["Golden Idol"],"max_hp_gain":0,"max_hp_loss":0,"event_name":"Golden Idol","floor":4,"gold_loss":0},{"damage_healed":0,"gold_gain":0,"player_choice":"Read","damage_taken":0,"max_hp_gain":0,"max_hp_loss":0,"event_name":"The Library","floor":20,"gold_loss":0,"cards_obtained":["Blur"]},{"damage_healed":0,"gold_gain":0,"player_choice":"Rummage","damage_taken":0,"relics_obtained":["WarpedTongs"],"max_hp_gain":0,"max_hp_loss":0,"event_name":"Accursed Blacksmith","floor":21,"gold_loss":0,"cards_obtained":["Pain"]},{"damage_healed":0,"gold_gain":0,"player_choice":"Stole Relic","damage_taken":0,"relics_obtained":["Du-Vu Doll"],"max_hp_gain":0,"max_hp_loss":0,"event_name":"Addict","floor":30,"gold_loss":0,"cards_obtained":["Shame"]},{"damage_healed":0,"gold_gain":0,"player_choice":"Cursed","damage_taken":0,"max_hp_gain":0,"max_hp_loss":0,"event_name":"Wheel of Change","floor":36,"gold_loss":0,"cards_obtained":["Decay"]}],"is_beta":false,"boss_relics":[{"not_picked":["Pandora\u0027s Box","Philosopher\u0027s Stone"],"picked":"Lizard Tail"},{"not_picked":["Busted Crown","Eternal Feather"],"picked":"Fusion Hammer"}],"items_purged_floors":[13,24],"is_endless":false,"potions_floor_spawned":[1,5,10,16,19,33,35,37],"killed_by":"Writhing Mass","ascension_level":11}