{"gold_per_floor":[116,191,206,93,109,109,139,139,139,151,186,186,212,224,224,303,303,313,327,48,66,66,100,100,133,133,133],"floor_reached":27,"playtime":15659,"items_purged":["Strike_G","Strike_G"],"score":427,"play_id":"9668a899-d539-4f1c-91ea-5d98bf955f1c","local_time":"20190417183947","is_ascension_mode":true,"campfire_choices":[{"data":"Venomology","floor":6.0,"key":"SMITH"},{"data":"Neutralize","floor":8.0,"key":"SMITH"},{"floor":12.0,"key":"REST"},{"floor":15.0,"key":"REST"},{"floor":24,"key":"REST"}],"neow_cost":"NONE","seed_source_timestamp":211170094897900,"circlet_count":0,"master_deck":["AscendersBane","Defend_G","Defend_G","Defend_G","Defend_G","Defend_G","Strike_G","Strike_G","Strike_G","Survivor","Neutralize+1","Dagger Throw","Venomology+1","Blur","Well Laid Plans","Backstab","Backstab","Glass Knife","Bouncing Flask+1","Crippling Poison+1","Footwork","Acrobatics+1","Cloak And Dagger+1","Cloak And Dagger+1","Backflip+1","Dodge and Roll+1","Catalyst+1"],"special_seed":0,"relics":["Eternal Feather","Toxic Egg 2","Bronze Scales","Blood Vial","Orrery","Vajra","Pen Nib","Happy Flower","Strawberry"],"potions_floor_usage":[23,23,23,25,25,27],"damage_taken":[{"damage":1.0,"enemies":"2 Louse","floor":1.0,"turns":4.0},{"damage":0.0,"enemies":"Cultist","floor":3.0,"turns":5.0},{"damage":1.0,"enemies":"Jaw Worm","floor":5.0,"turns":4.0},{"damage":21.0,"enemies":"Gremlin Gang","floor":10.0,"turns":6.0},{"damage":45.0,"enemies":"Lagavulin","floor":11.0,"turns":10.0},{"damage":9.0,"enemies":"Large Slime","floor":14.0,"turns":6.0},{"damage":38.0,"enemies":"The Guardian","floor":16.0,"turns":18.0},{"damage":10.0,"enemies":"Spheric Guardian","floor":18.0,"turns":5.0},{"damage":12.0,"enemies":"3 Byrds","floor":19.0,"turns":3.0},{"damage":9.0,"enemies":"3 Cultists","floor":21.0,"turns":5.0},{"damage":30,"enemies":"Gremlin Leader","floor":23,"turns":4},{"damage":41,"enemies":"Book of Stabbing","floor":25,"turns":4},{"damage":15,"enemies":"Colosseum Slavers","floor":27,"turns":1}],"seed_played":"-1140274070037082689","potions_obtained":[{"floor":3.0,"key":"Fruit Juice"},{"floor":5.0,"key":"Weak Potion"},{"floor":14.0,"key":"PowerPotion"},{"floor":23,"key":"FearPotion"}],"is_trial":false,"path_per_floor":["M","?","M","$","M","R","?","R","T","M","E","R","T","M","R","B",null,"M","M","$","M","?","E","R","E","T","?"],"character_chosen":"THE_SILENT","items_purchased":["Blur","Cloak And Dagger+1","Vajra"],"campfire_rested":3,"item_purchase_floors":[4,20,20],"current_hp_per_floor":[58,52,57,57,56,65,65,71,71,50,5,35,35,28,58,22,59,51,41,41,34,34,6,42,3,10,0],"gold":133,"neow_bonus":"BOSS_RELIC","is_prod":false,"is_daily":false,"chose_seed":false,"campfire_upgraded":2,"win_rate":0,"timestamp":1555540787,"path_taken":["M","?","?","$","M","R","?","R","T","M","E","R","?","M","R","BOSS","M","M","$","?","?","E","R","E","T","?"],"build_version":"2019-01-23","purchased_purges":2,"victory":false,"max_hp_per_floor":[66,66,71,71,71,71,71,71,71,71,71,71,71,71,71,71,71,71,71,71,71,71,71,71,71,78,78],"card_choices":[{"not_picked":["Slice","Quick Slash"],"picked":"Dagger Throw","floor":1.0},{"not_picked":["Quick Slash","Deflect"],"picked":"Venomology","floor":3.0},{"not_picked":["Underhanded Strike","Choke","Riddle With Holes"],"picked":"SKIP","floor":5.0},{"not_picked":["Sucker Punch","Deflect+1"],"picked":"Well Laid Plans","floor":10.0},{"not_picked":["Masterful Stab","Envenom"],"picked":"Backstab","floor":11.0},{"not_picked":["Poisoned Stab","Quick Slash"],"picked":"Backstab","floor":14.0},{"not_picked":["Burst+1","Grand Finale"],"picked":"Glass Knife","floor":16.0},{"not_picked":["Underhanded Strike","Predator"],"picked":"Bouncing Flask+1","floor":17.0},{"not_picked":["Dagger Throw","Catalyst+1"],"picked":"Crippling Poison+1","floor":17.0},{"not_picked":["Blur+1","Noxious Fumes"],"picked":"Footwork","floor":17.0},{"not_picked":["Deadly Poison+1","Quick Slash"],"picked":"Acrobatics+1","floor":17.0},{"not_picked":["Accuracy","Blade Dance+1","Grand Finale"],"picked":"SKIP","floor":18.0},{"not_picked":["Eviscerate","Infinite Blades"],"picked":"Cloak And Dagger+1","floor":19.0},{"not_picked":["Well Laid Plans","Poisoned Stab"],"picked":"Backflip+1","floor":21.0},{"not_picked":["Outmaneuver+1","Deflect+1"],"picked":"Dodge and Roll+1","floor":23},{"not_picked":["PiercingWail+1","Well Laid Plans"],"picked":"Catalyst+1","floor":25}],"player_experience":1009848,"relics_obtained":[{"floor":9.0,"key":"Toxic Egg 2"},{"floor":11.0,"key":"Bronze Scales"},{"floor":13.0,"key":"Blood Vial"},{"floor":23,"key":"Pen Nib"},{"floor":25,"key":"Happy Flower"},{"floor":26,"key":"Strawberry"}],"event_choices":[{"damage_healed":0.0,"max_hp_gain":0.0,"max_hp_loss":0.0,"gold_gain":75.0,"event_name":"FaceTrader","player_choice":"Touch","floor":2.0,"gold_loss":0.0,"damage_taken":6.0},{"damage_healed":0.0,"max_hp_gain":0.0,"max_hp_loss":0.0,"gold_gain":30.0,"event_name":"Dead Adventurer","player_choice":"Searched \u00271\u0027 times","floor":7.0,"gold_loss":0.0,"damage_taken":0.0},{"damage_healed":0.0,"max_hp_gain":0.0,"max_hp_loss":0.0,"gold_gain":0.0,"event_name":"Cursed Tome","player_choice":"Ignored","floor":22.0,"gold_loss":0.0,"damage_taken":0.0},{"damage_healed":0,"gold_gain":0,"player_choice":"Fight","damage_taken":0,"max_hp_gain":0,"max_hp_loss":0,"event_name":"Colosseum","floor":27,"gold_loss":0}],"is_beta":false,"boss_relics":[{"not_picked":["Sozu","Busted Crown"],"picked":"Orrery"}],"items_purged_floors":[4,20],"is_endless":false,"potions_floor_spawned":[3,5,10,14,23],"killed_by":"Colosseum Slavers","ascension_level":14}