{"gold_per_floor":[111,128,142,160,180,180,190,190,217,217,231,231,259,278,278,374,374,392,392,392,392,403,403,417,435,505,520,537,537,549,549],"floor_reached":31,"playtime":3054,"items_purged":[],"score":270,"play_id":"382f772b-25e5-4f84-918f-8068a1781715","local_time":"20190224194253","is_ascension_mode":false,"campfire_choices":[{"data":"Corpse Explosion","floor":6.0,"key":"SMITH"},{"data":"Terror","floor":8.0,"key":"SMITH"},{"data":"Well Laid Plans","floor":10.0,"key":"SMITH"},{"data":"Neutralize","floor":12.0,"key":"SMITH"},{"floor":15.0,"key":"REST"},{"data":"Footwork","floor":23.0,"key":"SMITH"},{"floor":29.0,"key":"REST"}],"neow_cost":"NONE","seed_source_timestamp":786310491437000,"circlet_count":0,"master_deck":["Defend_G","Defend_G","Defend_G","Defend_G","Defend_G","Strike_G","Strike_G","Strike_G","Strike_G","Strike_G","Survivor","Neutralize+1","Dodge and Roll","Well Laid Plans+1","Escape Plan","Corpse Explosion+1","Terror+1","Footwork+1","A Thousand Cuts","Cloak And Dagger+1","Cloak And Dagger","Envenom"],"special_seed":0,"relics":["White Beast Statue"],"potions_floor_usage":[31],"damage_taken":[{"damage":5.0,"enemies":"Small Slimes","floor":1.0,"turns":6.0},{"damage":1.0,"enemies":"2 Louse","floor":2.0,"turns":4.0},{"damage":0.0,"enemies":"Cultist","floor":3.0,"turns":7.0},{"damage":4.0,"enemies":"Blue Slaver","floor":4.0,"turns":6.0},{"damage":5.0,"enemies":"2 Fungi Beasts","floor":5.0,"turns":4.0},{"damage":0.0,"enemies":"3 Louse","floor":7.0,"turns":1.0},{"damage":12.0,"enemies":"Exordium Thugs","floor":11.0,"turns":3.0},{"damage":10.0,"enemies":"Lagavulin","floor":13.0,"turns":6.0},{"damage":12.0,"enemies":"Large Slime","floor":14.0,"turns":4.0},{"damage":15.0,"enemies":"The Guardian","floor":16.0,"turns":10.0},{"damage":31.0,"enemies":"Spheric Guardian","floor":18.0,"turns":10.0},{"damage":1.0,"enemies":"Chosen","floor":22.0,"turns":6.0},{"damage":11.0,"enemies":"Centurion and Healer","floor":24.0,"turns":8.0},{"damage":31.0,"enemies":"Snecko","floor":25.0,"turns":8.0},{"damage":1.0,"enemies":"Sentry and Sphere","floor":27.0,"turns":14.0},{"damage":4.0,"enemies":"Snake Plant","floor":28.0,"turns":4.0},{"damage":16.0,"enemies":"Shelled Parasite and Fungi","floor":30.0,"turns":10.0},{"damage":15,"enemies":"Cultist and Chosen","floor":31,"turns":3}],"seed_played":"5448013660755825915","potions_obtained":[{"floor":1.0,"key":"LiquidBronze"},{"floor":2.0,"key":"SteroidPotion"},{"floor":3.0,"key":"SkillPotion"},{"floor":5.0,"key":"GhostInAJar"},{"floor":13.0,"key":"Weak Potion"},{"floor":14.0,"key":"Weak Potion"},{"floor":16.0,"key":"GhostInAJar"},{"floor":24.0,"key":"Fire Potion"},{"floor":25.0,"key":"SpeedPotion"},{"floor":27.0,"key":"FearPotion"},{"floor":28.0,"key":"Swift Potion"},{"floor":30.0,"key":"LiquidBronze"}],"is_trial":false,"path_per_floor":["M","M","M","M","M","R","M","R","T","R","M","R","E","M","R","B",null,"M","?","?","?","M","R","M","M","T","M","M","R","M","M"],"character_chosen":"THE_SILENT","items_purchased":[],"campfire_rested":2,"item_purchase_floors":[],"current_hp_per_floor":[65,64,64,60,55,55,55,55,55,55,43,43,33,21,42,27,70,39,39,62,55,54,54,43,12,12,11,7,28,12,0],"gold":549,"neow_bonus":"BOSS_RELIC","is_prod":false,"is_daily":false,"chose_seed":false,"campfire_upgraded":5,"win_rate":0,"timestamp":1551055373,"path_taken":["M","M","M","M","M","R","M","R","T","R","M","R","E","M","R","BOSS","M","?","?","?","M","R","M","?","T","M","M","R","M","M"],"build_version":"2019-01-23","purchased_purges":0,"victory":false,"max_hp_per_floor":[70,70,70,70,70,70,70,70,70,70,70,70,70,70,70,70,70,70,70,70,70,70,70,70,70,70,70,70,70,70,70],"card_choices":[{"not_picked":["Underhanded Strike","Distraction"],"picked":"Dodge and Roll","floor":1.0},{"not_picked":["Sucker Punch","Bane"],"picked":"Well Laid Plans","floor":2.0},{"not_picked":["Slice","PiercingWail"],"picked":"Escape Plan","floor":3.0},{"not_picked":["Well Laid Plans","Catalyst","Masterful Stab"],"picked":"SKIP","floor":4.0},{"not_picked":["Crippling Poison","Blade Dance"],"picked":"Corpse Explosion","floor":5.0},{"not_picked":["Flechettes","Accuracy"],"picked":"Terror","floor":7.0},{"not_picked":["Underhanded Strike","Skewer","Bane"],"picked":"SKIP","floor":11.0},{"not_picked":["Terror","Blade Dance","All Out Attack"],"picked":"SKIP","floor":13.0},{"not_picked":["Acrobatics","Flying Knee"],"picked":"Footwork","floor":14.0},{"not_picked":["Doppelganger","Night Terror"],"picked":"A Thousand Cuts","floor":16.0},{"not_picked":["Well Laid Plans","Sucker Punch+1"],"picked":"Cloak And Dagger+1","floor":18.0},{"not_picked":["Dagger Spray","Setup","Prepared"],"picked":"SKIP","floor":22.0},{"not_picked":["Bane","Poisoned Stab","Prepared"],"picked":"SKIP","floor":24.0},{"not_picked":["Deflect+1","Setup","Quick Slash"],"picked":"SKIP","floor":25.0},{"not_picked":["Acrobatics","Expertise","All Out Attack+1"],"picked":"SKIP","floor":27.0},{"not_picked":["Skewer","Bane"],"picked":"Cloak And Dagger","floor":28.0},{"not_picked":["Sucker Punch","Bane"],"picked":"Envenom","floor":30.0}],"player_experience":931533,"relics_obtained":[],"event_choices":[{"damage_healed":23.0,"max_hp_gain":0.0,"max_hp_loss":0.0,"gold_gain":0.0,"event_name":"The Library","player_choice":"Heal","floor":20.0,"gold_loss":0.0,"damage_taken":0.0},{"damage_healed":0.0,"max_hp_gain":0.0,"max_hp_loss":0.0,"gold_gain":0.0,"event_name":"Knowing Skull","player_choice":"","floor":21.0,"potions_obtained":[],"gold_loss":0.0,"damage_taken":7.0,"cards_obtained":[]}],"is_beta":false,"boss_relics":[{"not_picked":["Coffee Dripper","Empty Cage","Calling Bell"]}],"items_purged_floors":[],"is_endless":false,"potions_floor_spawned":[1,2,3,4,5,7,11,13,14,16,18,22,24,25,27,28,30],"killed_by":"Cultist and Chosen","ascension_level":0}