{"gold_per_floor":[109,120,45,45,57,57,85,101,101,1,1],"floor_reached":11,"playtime":331,"items_purged":["Doubt","Strike_R"],"score":135,"play_id":"70e22f9c-fac2-4430-bdd9-f73366d2dc76","local_time":"20190508004930","is_ascension_mode":true,"campfire_choices":[],"neow_cost":"CURSE","seed_source_timestamp":329613836447000,"circlet_count":0,"master_deck":["AscendersBane","Strike_R","Strike_R","Strike_R","Strike_R","Defend_R","Defend_R","Defend_R","Bash","Limit Break","Heavy Blade"],"relics":["Burning Blood","Strawberry","Regal Pillow"],"potions_floor_usage":[7,7],"damage_taken":[{"damage":5,"enemies":"Small Slimes","floor":1,"turns":5},{"damage":9,"enemies":"2 Louse","floor":2,"turns":4},{"damage":6,"enemies":"Cultist","floor":5,"turns":3},{"damage":51,"enemies":"Lagavulin","floor":7,"turns":8},{"damage":17,"enemies":"Blue Slaver","floor":8,"turns":5},{"damage":30,"enemies":"Red Slaver","floor":11,"turns":3}],"seed_played":"1906544326370059732","potions_obtained":[{"floor":2,"key":"BloodPotion"},{"floor":5,"key":"Strength Potion"}],"is_trial":false,"path_per_floor":["M","M","$","?","M","?","E","M","T","$","M"],"character_chosen":"IRONCLAD","items_purchased":[],"campfire_rested":0,"item_purchase_floors":[],"current_hp_per_floor":[69,66,66,66,66,66,35,24,24,24,0],"gold":1,"neow_bonus":"THREE_RARE_CARDS","is_prod":false,"is_daily":false,"chose_seed":false,"campfire_upgraded":0,"win_rate":0,"timestamp":1557290970,"path_taken":["M","M","$","?","M","?","E","M","T","$","M"],"build_version":"2019-01-23","purchased_purges":2,"victory":false,"max_hp_per_floor":[75,75,75,75,75,75,82,82,82,82,82],"card_choices":[{"not_picked":["Brutality","Immolate"],"picked":"Limit Break","floor":0},{"not_picked":["Hemokinesis","Power Through","Clash"],"picked":"SKIP","floor":1},{"not_picked":["Sever Soul","Rupture"],"picked":"Heavy Blade","floor":2},{"not_picked":["Carnage","Cleave","Thunderclap"],"picked":"SKIP","floor":5},{"not_picked":["Heavy Blade","Burning Pact","Sever Soul"],"picked":"SKIP","floor":7},{"not_picked":["Heavy Blade","Burning Pact","Sever Soul"],"picked":"SKIP","floor":7},{"not_picked":["Dual Wield","Rage","Whirlwind"],"picked":"SKIP","floor":8}],"player_experience":426645,"relics_obtained":[{"floor":7,"key":"Strawberry"},{"floor":9,"key":"Regal Pillow"}],"event_choices":[{"cards_removed":["Defend_R"],"damage_healed":0,"gold_gain":0,"player_choice":"Forget","damage_taken":0,"max_hp_gain":0,"max_hp_loss":0,"event_name":"Living Wall","floor":4,"gold_loss":0},{"damage_healed":0,"gold_gain":0,"player_choice":"Ignored","damage_taken":0,"max_hp_gain":0,"max_hp_loss":0,"event_name":"Shining Light","floor":6,"gold_loss":0}],"is_beta":false,"boss_relics":[],"items_purged_floors":[3,10],"is_endless":false,"potions_floor_spawned":[2,5],"killed_by":"Red Slaver","ascension_level":17}