{"gold_per_floor":[109,69,81,81,98,98,129,129,156,172,172,201,221,221,221,294,294,308,308,43,54,68,68,68],"floor_reached":24,"playtime":2267,"items_purged":["Strike_G"],"score":402,"play_id":"3ed55cae-6e5c-4b1d-ad51-c79ccfffbe71","local_time":"20190610115439","is_ascension_mode":true,"campfire_choices":[{"data":"Poisoned Stab","floor":6,"key":"SMITH"},{"data":"Glass Knife","floor":8,"key":"SMITH"},{"floor":11,"key":"REST"},{"floor":15,"key":"REST"},{"floor":23,"key":"REST"}],"neow_cost":"NONE","seed_source_timestamp":2218687885534035,"circlet_count":0,"master_deck":["AscendersBane","Defend_G","Defend_G","Defend_G","Defend_G","Defend_G","Strike_G","Strike_G+1","Strike_G+1","Strike_G","Survivor","Neutralize+1","Leg Sweep+1","PiercingWail","Poisoned Stab+1","Glass Knife+1","Quick Slash","Dagger Spray","Blur","Envenom+1","Catalyst","Acrobatics","Deadly Poison","Cloak And Dagger+1"],"special_seed":0,"relics":["Ring of the Snake","Omamori","Regal Pillow","Frozen Egg 2","Cursed Key","FaceOfCleric","Bronze Scales"],"potions_floor_usage":[7,7,7,12,13],"damage_taken":[{"damage":0,"enemies":"Jaw Worm","floor":1,"turns":4},{"damage":0,"enemies":"Cultist","floor":3,"turns":4},{"damage":0,"enemies":"2 Louse","floor":5,"turns":4},{"damage":12,"enemies":"Lagavulin","floor":7,"turns":6},{"damage":1,"enemies":"Blue Slaver","floor":10,"turns":3},{"damage":27,"enemies":"Gremlin Nob","floor":12,"turns":5},{"damage":0,"enemies":"Gremlin Gang","floor":13,"turns":3},{"damage":65,"enemies":"Hexaghost","floor":16,"turns":16},{"damage":4,"enemies":"Chosen","floor":18,"turns":5},{"damage":30,"enemies":"Shell Parasite","floor":21,"turns":4},{"damage":3,"enemies":"Centurion and Healer","floor":22,"turns":6},{"damage":60,"enemies":"Gremlin Leader","floor":24,"turns":7}],"seed_played":"8362166294634813282","potions_obtained":[{"floor":2,"key":"EntropicBrew"},{"floor":2,"key":"Block Potion"},{"floor":12,"key":"Explosive Potion"}],"is_trial":false,"path_per_floor":["M","?","M","?","M","R","E","R","T","M","R","E","M","?","R","B",null,"M","?","$","M","M","R","E"],"character_chosen":"THE_SILENT","items_purchased":["Bronze Scales","Acrobatics"],"campfire_rested":3,"item_purchase_floors":[20,20],"current_hp_per_floor":[59,59,59,39,39,39,27,27,27,26,60,33,33,33,66,1,50,46,46,46,17,15,50,0],"gold":68,"neow_bonus":"UPGRADE_CARD","is_prod":false,"is_daily":false,"chose_seed":false,"campfire_upgraded":2,"win_rate":0,"timestamp":1560160479,"path_taken":["M","?","?","?","M","R","E","R","T","M","R","E","M","?","R","BOSS","M","?","$","?","M","R","E"],"build_version":"2019-01-23","purchased_purges":1,"victory":false,"max_hp_per_floor":[66,66,66,66,66,66,66,66,66,66,66,66,66,66,66,66,66,66,66,66,67,68,68,68],"card_choices":[{"not_picked":["Bane","Accuracy"],"picked":"Leg Sweep","floor":1},{"not_picked":["Expertise","Prepared"],"picked":"PiercingWail","floor":3},{"not_picked":["Blur","Deflect"],"picked":"Poisoned Stab","floor":5},{"not_picked":["Acrobatics","Sucker Punch"],"picked":"Glass Knife","floor":7},{"not_picked":["Endless Agony","Eviscerate"],"picked":"Quick Slash","floor":10},{"not_picked":["Blade Dance","Quick Slash"],"picked":"Dagger Spray","floor":12},{"not_picked":["Dagger Spray","Terror"],"picked":"Blur","floor":13},{"not_picked":["Phantasmal Killer","Tools of the Trade+1"],"picked":"Envenom+1","floor":16},{"not_picked":["Acrobatics","Slice"],"picked":"Catalyst","floor":18},{"not_picked":["Choke","Slice+1"],"picked":"Deadly Poison","floor":21},{"not_picked":["Reflex","Slice"],"picked":"Cloak And Dagger+1","floor":22}],"player_experience":853522,"relics_obtained":[{"floor":7,"key":"Omamori"},{"floor":9,"key":"Regal Pillow"},{"floor":12,"key":"Frozen Egg 2"}],"event_choices":[{"damage_healed":0,"gold_gain":0,"player_choice":"Bought 3 Potions","damage_taken":0,"max_hp_gain":0,"max_hp_loss":0,"event_name":"The Woman in Blue","floor":2,"gold_loss":0},{"damage_healed":0,"gold_gain":0,"player_choice":"Entered Light","damage_taken":20,"max_hp_gain":0,"max_hp_loss":0,"event_name":"Shining Light","floor":4,"gold_loss":0,"cards_upgraded":["Strike_G","Strike_G"]},{"damage_healed":0,"gold_gain":0,"player_choice":"Grow","damage_taken":0,"max_hp_gain":0,"max_hp_loss":0,"event_name":"Living Wall","floor":14,"gold_loss":0,"cards_upgraded":["Leg Sweep"]},{"damage_healed":0,"gold_gain":0,"player_choice":"Trade","damage_taken":0,"relics_obtained":["FaceOfCleric"],"max_hp_gain":0,"max_hp_loss":0,"event_name":"FaceTrader","floor":19,"gold_loss":0}],"is_beta":false,"boss_relics":[{"not_picked":["WristBlade","Runic Pyramid"],"picked":"Cursed Key"}],"items_purged_floors":[20],"is_endless":false,"potions_floor_spawned":[3,12],"killed_by":"Gremlin Leader","ascension_level":19}