{"gold_per_floor":[10,23,35,35,35,35,54,119,119,142,181,205,217,239,251,336,348,379,409,432,100,100,100,114,114,194,194,209,209,226,241,241,319,319,331,331,350,43,43,71,0,0,0,13,25,38,54,54,54,54],"floor_reached":51,"playtime":3170,"items_purged":["Strike_B","Strike_B+1"],"score":1179,"play_id":"c8638f06-e1cd-424f-b71b-d574f12c7142","local_time":"20180814162943","is_ascension_mode":true,"campfire_choices":[{"data":"Hologram","floor":6.0,"key":"SMITH"},{"data":"Zap","floor":13.0,"key":"SMITH"},{"data":"Beam Cell","floor":15.0,"key":"SMITH"},{"data":"Chill","floor":23.0,"key":"SMITH"},{"data":"Defragment","floor":25.0,"key":"SMITH"},{"data":"Dualcast","floor":27.0,"key":"SMITH"},{"data":"Conserve Battery","floor":32.0,"key":"SMITH"},{"data":"Biased Cognition","floor":42.0,"key":"SMITH"},{"data":"Conserve Battery","floor":49.0,"key":"SMITH"}],"neow_cost":"NO_GOLD","seed_source_timestamp":44067723241641,"circlet_count":0,"master_deck":["Strike_B+1","Defend_B+1","Defend_B+1","Defend_B+1","Defend_B+1","Zap+1","Dualcast+1","AscendersBane","Conserve Battery+1","Gash","Conserve Battery+1","Hologram+1","Chill+1","Tempest","Beam Cell+1","Stack+1","Coolheaded+1","Core Surge","Gash","Auto Shields+1","Coolheaded+1","Defragment+1","Hologram+1","Gash","Decay","Biased Cognition+1","Self Repair","Madness+1","Madness+1","Coolheaded+1","Gash","Electrodynamics"],"special_seed":0,"relics":["Cracked Core","Bird Faced Urn","Tiny Chest","MawBank","Toxic Egg 2","Coffee Dripper","Oddly Smooth Stone","Mercury Hourglass","Cursed Key","ClockworkSouvenir","Du-Vu Doll","Red Mask"],"potions_floor_usage":[50],"damage_taken":[{"damage":0.0,"enemies":"2 Louse","floor":1.0,"turns":1.0},{"damage":0.0,"enemies":"Cultist","floor":2.0,"turns":3.0},{"damage":0.0,"enemies":"Small Slimes","floor":3.0,"turns":2.0},{"damage":12.0,"enemies":"Exordium Thugs","floor":7.0,"turns":7.0},{"damage":12.0,"enemies":"Lagavulin","floor":8.0,"turns":7.0},{"damage":0.0,"enemies":"Looter","floor":10.0,"turns":3.0},{"damage":11.0,"enemies":"Gremlin Nob","floor":11.0,"turns":4.0},{"damage":15.0,"enemies":"Lots of Slimes","floor":12.0,"turns":4.0},{"damage":3.0,"enemies":"Gremlin Gang","floor":14.0,"turns":4.0},{"damage":8.0,"enemies":"The Guardian","floor":16.0,"turns":12.0},{"damage":7.0,"enemies":"3 Byrds","floor":18.0,"turns":6.0},{"damage":18.0,"enemies":"2 Thieves","floor":19.0,"turns":3.0},{"damage":3.0,"enemies":"Snecko","floor":20.0,"turns":10.0},{"damage":3.0,"enemies":"Snake Plant","floor":24.0,"turns":4.0},{"damage":2.0,"enemies":"Sentry and Sphere","floor":28.0,"turns":5.0},{"damage":5.0,"enemies":"Snecko","floor":30.0,"turns":5.0},{"damage":0.0,"enemies":"Centurion and Healer","floor":31.0,"turns":6.0},{"damage":11.0,"enemies":"Collector","floor":33.0,"turns":11.0},{"damage":7.0,"enemies":"3 Darklings","floor":35.0,"turns":6.0},{"damage":10.0,"enemies":"Flame Bruiser 1 Orb","floor":37.0,"turns":6.0},{"damage":26.0,"enemies":"Giant Head","floor":40.0,"turns":9.0},{"damage":5.0,"enemies":"Jaw Worm Horde","floor":44.0,"turns":5.0},{"damage":0.0,"enemies":"Transient","floor":45.0,"turns":5.0},{"damage":0.0,"enemies":"Maw","floor":46.0,"turns":7.0},{"damage":0.0,"enemies":"3 Darklings","floor":47.0,"turns":5.0},{"damage":23,"enemies":"Time Eater","floor":50,"turns":9}],"seed_played":"-832724831903833157","potions_obtained":[{"floor":4.0,"key":"Swift Potion"},{"floor":4.0,"key":"Dexterity Potion"},{"floor":8.0,"key":"Block Potion"},{"floor":12.0,"key":"AttackPotion"},{"floor":14.0,"key":"Dexterity Potion"},{"floor":16.0,"key":"EssenceOfSteel"},{"floor":19.0,"key":"Strength Potion"},{"floor":28.0,"key":"Explosive Potion"},{"floor":31.0,"key":"FocusPotion"},{"floor":37.0,"key":"Swift Potion"},{"floor":40.0,"key":"Swift Potion"},{"floor":44.0,"key":"SkillPotion"},{"floor":46.0,"key":"SteroidPotion"}],"is_trial":false,"path_per_floor":["M","M","M","?","?","R","M","E","T","M","E","M","R","M","R","B",null,"M","M","M","$","?","R","M","R","T","R","M","?","M","M","R","B",null,"M","?","M","$","T","E","?","R","T","M","M","M","M","?","R","B"],"character_chosen":"DEFECT","items_purchased":["Oddly Smooth Stone","Defragment","Hologram+1","ClockworkSouvenir"],"campfire_rested":0,"item_purchase_floors":[21,21,21,38],"current_hp_per_floor":[64,64,64,64,64,64,52,40,40,40,29,14,14,11,11,3,54,47,29,26,26,26,26,25,25,25,25,25,25,22,24,24,15,57,54,41,44,44,44,31,31,31,31,39,52,65,71,71,71,59],"gold":54,"neow_bonus":"ONE_RARE_RELIC","is_prod":false,"is_daily":false,"chose_seed":false,"campfire_upgraded":9,"win_rate":0,"timestamp":1534256983,"path_taken":["M","M","M","?","?","R","?","E","T","M","E","M","R","M","R","BOSS","M","?","M","$","?","R","M","R","T","R","?","?","M","M","R","BOSS","M","?","M","$","?","E","?","R","T","M","?","M","M","?","R","BOSS"],"build_version":"2018-08-13v2","purchased_purges":2,"victory":true,"max_hp_per_floor":[71,71,71,71,71,71,71,71,71,71,71,71,71,71,71,71,71,71,71,71,71,71,71,71,71,71,71,71,71,71,71,71,71,71,71,71,71,71,71,71,71,71,71,71,71,71,71,71,71,71],"card_choices":[{"not_picked":["Coolheaded","Fusion"],"picked":"Conserve Battery","floor":1.0},{"not_picked":["Rebound","Sweeping Beam"],"picked":"Gash","floor":2.0},{"not_picked":["Ball Lightning","Steam"],"picked":"Conserve Battery","floor":3.0},{"not_picked":["Steam Power","Streamline"],"picked":"Chill","floor":7.0},{"not_picked":["Capacitor","Fission"],"picked":"Tempest","floor":8.0},{"not_picked":["Rebound","Consume"],"picked":"Beam Cell","floor":10.0},{"not_picked":["Compile Driver","Aggregate"],"picked":"Consume","floor":11.0},{"not_picked":["Rip and Tear","Rebound"],"picked":"Stack+1","floor":12.0},{"not_picked":["Loop","Steam+1"],"picked":"Coolheaded+1","floor":14.0},{"not_picked":["Amplify+1","Rainbow+1"],"picked":"Core Surge","floor":16.0},{"not_picked":["Conserve Battery+1","Heatsinks"],"picked":"Gash","floor":18.0},{"not_picked":["Streamline","Sweeping Beam"],"picked":"Auto Shields+1","floor":19.0},{"not_picked":["Turbo+1","Streamline"],"picked":"Coolheaded+1","floor":20.0},{"not_picked":["Barrage","Lockon+1","Cold Snap"],"picked":"SKIP","floor":24.0},{"not_picked":["Rebound","Redo+1"],"picked":"Gash","floor":28.0},{"not_picked":["Meteor Strike","Rebound","Conserve Battery+1"],"picked":"SKIP","floor":30.0},{"not_picked":["Meteor Strike","Rebound","Conserve Battery+1"],"picked":"SKIP","floor":30.0},{"not_picked":["Streamline","Force Field+1","Cold Snap+1"],"picked":"SKIP","floor":31.0},{"not_picked":["Reboot+1","Multi-Cast+1"],"picked":"Biased Cognition","floor":33.0},{"not_picked":["Sweeping Beam","Undo+1"],"picked":"Self Repair","floor":35.0},{"not_picked":["Force Field+1","Sweeping Beam","Rebound"],"picked":"SKIP","floor":37.0},{"not_picked":["Rebound","Scrape"],"picked":"Coolheaded+1","floor":40.0},{"not_picked":["Cold Snap+1","Conserve Battery+1","Stack+1"],"picked":"SKIP","floor":44.0},{"not_picked":["Genetic Algorithm+1","Chaos+1","Sweeping Beam+1"],"picked":"SKIP","floor":45.0},{"not_picked":["Self Repair","Coolheaded+1"],"picked":"Gash","floor":46.0},{"not_picked":["Leap+1","Barrage","Rainbow+1"],"picked":"SKIP","floor":47.0}],"player_experience":865902,"relics_obtained":[{"floor":8.0,"key":"Tiny Chest"},{"floor":9.0,"key":"MawBank"},{"floor":11.0,"key":"Toxic Egg 2"},{"floor":26.0,"key":"Mercury Hourglass"},{"floor":40.0,"key":"Du-Vu Doll"}],"event_choices":[{"event_name":"The Lab","player_choice":"Got Potions","floor":4.0,"damage_taken":0.0},{"event_name":"Transmorgrifier","player_choice":"Transform","floor":5.0,"damage_taken":0.0},{"event_name":"Back to Basics","player_choice":"Simplicity","floor":22.0,"damage_taken":0.0},{"event_name":"Forgotten Altar","player_choice":"Smashed Altar","floor":29.0,"damage_taken":0.0},{"event_name":"Winding Halls","player_choice":"Embrace Madness","floor":36.0,"damage_taken":0.0},{"event_name":"Tomb of Lord Red Mask","player_choice":"Paid","floor":41.0,"damage_taken":0.0},{"event_name":"Transmorgrifier","player_choice":"Transform","floor":48.0,"damage_taken":0.0}],"is_beta":true,"boss_relics":[{"not_picked":["Nuclear Battery","Ectoplasm"],"picked":"Coffee Dripper"},{"not_picked":["Runic Dome","Busted Crown"],"picked":"Cursed Key"}],"items_purged_floors":[21,38],"is_endless":false,"potions_floor_spawned":[7,8,12,14,16,19,28,31,37,40,44,46],"ascension_level":15}