{"gold_per_floor":[367,379,379,116,127,127,155,155,202,227,227,243,393,55,55,132,132,150,40,58,58,58,58,68,68,95,112,112,124,124,144,144,221,221,231,242,86,105,124,124],"floor_reached":40,"playtime":1694,"items_purged":["Doubt"],"score":756,"play_id":"32df7fd2-cd22-45ec-a5f6-92d8a931041e","local_time":"20190514053707","is_ascension_mode":true,"campfire_choices":[{"data":"Uppercut","floor":6,"key":"SMITH"},{"data":"Shockwave","floor":8,"key":"SMITH"},{"data":"Inflame","floor":11,"key":"SMITH"},{"floor":15,"key":"REST"},{"data":"J.A.X.","floor":23,"key":"SMITH"},{"data":"Flame Barrier","floor":25,"key":"SMITH"},{"data":"Pommel Strike","floor":28,"key":"SMITH"},{"data":"Shrug It Off","floor":30,"key":"SMITH"},{"data":"Shrug It Off","floor":32,"key":"SMITH"}],"neow_cost":"CURSE","seed_source_timestamp":355578550751000,"circlet_count":0,"master_deck":["AscendersBane","Strike_R","Strike_R","Strike_R","Strike_R","Strike_R","Defend_R","Defend_R","Defend_R+1","Defend_R+1","Bash","Pommel Strike+1","Inflame+1","Uppercut+1","Shockwave+1","Shrug It Off+1","Twin Strike","Sword Boomerang+1","Flame Barrier+1","Feel No Pain","Impervious","Reaper","Infernal Blade","J.A.X.+1","Shrug It Off+1","Uppercut+1","Demon Form","Reaper","Mind Blast","Shrug It Off","Heavy Blade+1","Spot Weakness"],"relics":["Burning Blood","PreservedInsect","War Paint","Red Skull","Snecko Eye","Art of War","White Beast Statue"],"potions_floor_usage":[7,7,16,27,39,40],"damage_taken":[{"damage":16,"enemies":"Jaw Worm","floor":1,"turns":5},{"damage":17,"enemies":"Small Slimes","floor":2,"turns":4},{"damage":11,"enemies":"Cultist","floor":5,"turns":4},{"damage":24,"enemies":"Gremlin Nob","floor":7,"turns":4},{"damage":17,"enemies":"Lagavulin","floor":10,"turns":5},{"damage":0,"enemies":"Large Slime","floor":12,"turns":2},{"damage":20,"enemies":"The Guardian","floor":16,"turns":11},{"damage":26,"enemies":"Shell Parasite","floor":18,"turns":5},{"damage":9,"enemies":"3 Byrds","floor":20,"turns":6},{"damage":8,"enemies":"Snecko","floor":24,"turns":5},{"damage":27,"enemies":"3 Cultists","floor":27,"turns":6},{"damage":21,"enemies":"Cultist and Chosen","floor":29,"turns":5},{"damage":0,"enemies":"Snake Plant","floor":31,"turns":3},{"damage":61,"enemies":"Champ","floor":33,"turns":9},{"damage":26,"enemies":"Orb Walker","floor":35,"turns":6},{"damage":23,"enemies":"3 Darklings","floor":36,"turns":5},{"damage":24,"enemies":"Maw","floor":38,"turns":7},{"damage":60,"enemies":"Spire Growth","floor":39,"turns":5},{"damage":35,"enemies":"Reptomancer","floor":40,"turns":2}],"seed_played":"-2140678993760916127","potions_obtained":[{"floor":1,"key":"Regen Potion"},{"floor":5,"key":"GamblersBrew"},{"floor":12,"key":"GamblersBrew"},{"floor":24,"key":"Weak Potion"},{"floor":29,"key":"FearPotion"},{"floor":33,"key":"Strength Potion"},{"floor":35,"key":"PowerPotion"},{"floor":39,"key":"PowerPotion"}],"is_trial":false,"path_per_floor":["M","M","?","$","M","R","E","R","T","E","R","M","?","$","R","B",null,"M","?","M","?","T","R","M","R","T","M","R","M","R","M","R","B",null,"M","M","$","M","M","E"],"character_chosen":"IRONCLAD","items_purchased":["Inflame","Uppercut","Shockwave","Shrug It Off","Flame Barrier","Feel No Pain","Impervious","Mind Blast","Shrug It Off"],"campfire_rested":1,"item_purchase_floors":[4,4,4,4,14,14,14,37,37],"current_hp_per_floor":[58,47,52,52,47,47,34,34,34,23,23,29,29,29,53,39,70,50,50,47,47,47,47,45,45,45,38,38,38,38,55,55,14,64,51,34,34,57,28,0],"gold":124,"neow_bonus":"TWO_FIFTY_GOLD","is_prod":false,"is_daily":false,"chose_seed":false,"campfire_upgraded":8,"win_rate":0,"timestamp":1557826627,"path_taken":["M","M","?","$","M","R","E","R","T","E","R","M","?","$","R","BOSS","M","?","?","?","?","R","M","R","T","M","R","?","R","M","R","BOSS","M","?","$","M","M","E"],"build_version":"2019-01-23","purchased_purges":1,"victory":false,"max_hp_per_floor":[75,75,80,80,80,80,80,80,80,80,80,80,80,80,80,80,80,80,80,80,80,80,80,80,80,80,80,80,80,80,80,80,80,80,80,80,80,80,80,80],"card_choices":[{"not_picked":["Havoc","Entrench"],"picked":"Pommel Strike","floor":1},{"not_picked":["Wild Strike","Clash","Flex"],"picked":"SKIP","floor":2},{"not_picked":["Clash","True Grit","Havoc"],"picked":"SKIP","floor":5},{"not_picked":["Double Tap","Brutality"],"picked":"Twin Strike","floor":7},{"not_picked":["Corruption","Iron Wave"],"picked":"Sword Boomerang","floor":10},{"not_picked":["Carnage","Perfected Strike","Anger"],"picked":"SKIP","floor":12},{"not_picked":["Juggernaut","Bludgeon"],"picked":"Reaper","floor":16},{"not_picked":["Wild Strike","Combust","Rage"],"picked":"SKIP","floor":18},{"not_picked":["Anger","Sword Boomerang"],"picked":"Infernal Blade","floor":20},{"not_picked":["Iron Wave","Twin Strike"],"picked":"Shrug It Off","floor":24},{"not_picked":["Searing Blow","Perfected Strike"],"picked":"Uppercut+1","floor":27},{"not_picked":["Dual Wield","Bloodletting","Body Slam"],"picked":"SKIP","floor":29},{"not_picked":["Rage","Flex","Body Slam"],"picked":"SKIP","floor":31},{"not_picked":["Brutality","Offering"],"picked":"Demon Form","floor":33},{"not_picked":["Clash","Body Slam","Twin Strike"],"picked":"SKIP","floor":35},{"not_picked":["Flex","Clothesline+1"],"picked":"Reaper","floor":36},{"not_picked":["Ghostly Armor","Flex"],"picked":"Heavy Blade+1","floor":38},{"not_picked":["Anger","Combust"],"picked":"Spot Weakness","floor":39}],"player_experience":459312,"relics_obtained":[{"floor":7,"key":"PreservedInsect"},{"floor":9,"key":"War Paint"},{"floor":10,"key":"Red Skull"},{"floor":26,"key":"Art of War"}],"event_choices":[{"damage_healed":0,"gold_gain":0,"player_choice":"Donut","damage_taken":0,"max_hp_gain":5,"max_hp_loss":0,"event_name":"Big Fish","floor":3,"gold_loss":0},{"damage_healed":0,"gold_gain":150,"player_choice":"AGREE","damage_taken":0,"max_hp_gain":0,"max_hp_loss":0,"event_name":"Liars Game","floor":13,"gold_loss":0,"cards_obtained":["Doubt"]},{"cards_removed":["Clumsy"],"damage_healed":0,"gold_gain":0,"player_choice":"Upgrade and Remove","damage_taken":0,"max_hp_gain":0,"max_hp_loss":0,"event_name":"Designer","floor":19,"gold_loss":110,"cards_upgraded":["Sword Boomerang"]},{"damage_healed":0,"gold_gain":0,"player_choice":"Obtain J.A.X.","damage_taken":0,"max_hp_gain":0,"max_hp_loss":0,"event_name":"Drug Dealer","floor":21,"gold_loss":0,"cards_obtained":["J.A.X."]}],"is_beta":false,"boss_relics":[{"not_picked":["Runic Dome","Astrolabe"],"picked":"Snecko Eye"},{"not_picked":["Runic Pyramid","Lizard Tail"],"picked":"White Beast Statue"}],"items_purged_floors":[14],"is_endless":false,"potions_floor_spawned":[1,5,12,24,29,33,35,36,38,39],"killed_by":"Reptomancer","ascension_level":18}