{"gold_per_floor":[116,133,308,209,209,209,209,209,234,252,267,267,267,286,286,384,384,402,148,161,116,131,131,151,151],"floor_reached":25,"playtime":770,"items_purged":["Doubt"],"score":290,"play_id":"0b1a30a9-7415-4c0b-a38b-838a799ccbf8","local_time":"20190404214758","is_ascension_mode":true,"campfire_choices":[{"data":"Cleave","floor":6,"key":"SMITH"},{"data":"Uppercut","floor":8,"key":"SMITH"},{"data":"Clothesline","floor":12,"key":"SMITH"},{"data":"Juggernaut","floor":15,"key":"SMITH"},{"floor":23,"key":"REST"}],"neow_cost":"NONE","seed_source_timestamp":1296185039521800,"circlet_count":0,"master_deck":["AscendersBane","Strike_R","Strike_R","Strike_R","Strike_R","Strike_R","Defend_R","Defend_R","Defend_R","Defend_R","Bash+1","Uppercut+1","Juggernaut+1","Cleave+1","Clothesline+1","Impervious","Limit Break","Spot Weakness","Armaments","Armaments","Shrug It Off","Headbutt"],"relics":["Black Blood","Calipers","Centennial Puzzle","Matryoshka","Self Forming Clay"],"potions_floor_usage":[16,18,22],"damage_taken":[{"damage":6,"enemies":"Cultist","floor":1,"turns":3},{"damage":7,"enemies":"Jaw Worm","floor":2,"turns":3},{"damage":6,"enemies":"2 Louse","floor":10,"turns":2},{"damage":8,"enemies":"Blue Slaver","floor":11,"turns":4},{"damage":0,"enemies":"Lots of Slimes","floor":14,"turns":2},{"damage":59,"enemies":"Hexaghost","floor":16,"turns":13},{"damage":37,"enemies":"2 Thieves","floor":18,"turns":4},{"damage":29,"enemies":"3 Byrds","floor":20,"turns":6},{"damage":17,"enemies":"Snake Plant","floor":22,"turns":4},{"damage":18,"enemies":"Shelled Parasite and Fungi","floor":24,"turns":4},{"damage":36,"enemies":"Chosen and Byrds","floor":25,"turns":4}],"seed_played":"8353628920317393659","potions_obtained":[{"floor":1,"key":"SkillPotion"},{"floor":14,"key":"Energy Potion"},{"floor":20,"key":"Strength Potion"}],"is_trial":false,"path_per_floor":["M","M","?","$","?","R","?","R","T","M","M","R","T","M","R","B",null,"M","$","M","$","M","R","M","M"],"character_chosen":"IRONCLAD","items_purchased":["Cleave","Self Forming Clay","Armaments"],"campfire_rested":1,"item_purchase_floors":[4,19,21],"current_hp_per_floor":[72,71,71,71,64,64,69,69,69,69,67,67,67,73,73,20,69,42,42,23,23,16,41,33,0],"gold":151,"neow_bonus":"UPGRADE_CARD","is_prod":false,"is_daily":false,"chose_seed":false,"campfire_upgraded":4,"win_rate":0,"timestamp":1554428878,"path_taken":["M","M","?","$","?","R","?","R","T","M","M","R","?","M","R","BOSS","M","$","M","$","M","R","M","M"],"build_version":"2019-01-23","purchased_purges":1,"victory":false,"max_hp_per_floor":[80,80,80,80,80,80,85,85,85,85,85,85,85,85,85,85,85,85,85,85,85,85,85,85,85],"card_choices":[{"not_picked":["Battle Trance","Flex"],"picked":"Uppercut","floor":1},{"not_picked":["Headbutt","Sword Boomerang"],"picked":"Juggernaut","floor":2},{"not_picked":["Seeing Red","Anger"],"picked":"Clothesline","floor":10},{"not_picked":["Shockwave","Rampage","Body Slam"],"picked":"SKIP","floor":11},{"not_picked":["Twin Strike","Clash"],"picked":"Impervious","floor":14},{"not_picked":["Berserk","Brutality"],"picked":"Limit Break","floor":16},{"not_picked":["Body Slam","Armaments"],"picked":"Spot Weakness","floor":18},{"not_picked":["Sword Boomerang","Iron Wave"],"picked":"Armaments","floor":20},{"not_picked":["Entrench","Bloodletting"],"picked":"Shrug It Off","floor":22},{"not_picked":["Entrench","Clash+1"],"picked":"Headbutt","floor":24}],"player_experience":363163,"relics_obtained":[{"floor":9,"key":"Centennial Puzzle"},{"floor":13,"key":"Matryoshka"}],"event_choices":[{"damage_healed":0,"gold_gain":175,"player_choice":"AGREE","damage_taken":0,"max_hp_gain":0,"max_hp_loss":0,"event_name":"Liars Game","floor":3,"gold_loss":0,"cards_obtained":["Doubt"]},{"damage_healed":0,"gold_gain":0,"player_choice":"Success","damage_taken":7,"relics_obtained":["Calipers"],"max_hp_gain":0,"max_hp_loss":0,"event_name":"Scrap Ooze","floor":5,"gold_loss":0},{"damage_healed":0,"gold_gain":0,"player_choice":"Donut","damage_taken":0,"max_hp_gain":5,"max_hp_loss":0,"event_name":"Big Fish","floor":7,"gold_loss":0}],"is_beta":false,"boss_relics":[{"not_picked":["Eternal Feather","Fusion Hammer"],"picked":"Black Blood"}],"items_purged_floors":[4],"is_endless":false,"potions_floor_spawned":[1,14,20],"killed_by":"Chosen and Byrds","ascension_level":10}