{"gold_per_floor":[119,69,69,69,85,85,111,111,134,162,449,461,490,515,527,639,651,674,686,698,710,211,211,222,242,242,262,275,275,295,16,16,116,116,133,133,33,50,61,61,115,115,142,142,17,27,41,53,53,53],"floor_reached":50,"playtime":3118,"items_purged":["Regret","Normality","Clumsy"],"score":611,"play_id":"afc2c4f2-9ccc-4397-a8a1-065bda04dd9b","local_time":"20180828183054","is_ascension_mode":true,"campfire_choices":[{"floor":6,"key":"REST"},{"floor":8,"key":"REST"},{"floor":12,"key":"REST"},{"floor":15,"key":"REST"},{"data":"Crippling Poison","floor":23,"key":"SMITH"},{"data":"Noxious Fumes","floor":32,"key":"SMITH"},{"floor":40,"key":"REST"},{"floor":42,"key":"REST"},{"floor":49,"key":"REST"}],"neow_cost":"NONE","seed_source_timestamp":1167973639612556,"circlet_count":0,"master_deck":["Defend_G","Defend_G","Defend_G","Defend_G","Defend_G","Survivor","Neutralize","Heel Hook","Dagger Throw","Quick Slash","Dodge and Roll","Bouncing Flask","Poisoned Stab","Deflect","Corpse Explosion","Deflect","Bite","Bite","Bite","Bite","Bite","Crippling Poison+1","Bane","PiercingWail","Calculated Gamble","Sucker Punch","Dash","Dodge and Roll","Deadly Poison+1","Noxious Fumes+1","Phantasmal Killer","Blur","Dagger Spray","Endless Agony","Underhanded Strike+1","Setup+1","Acrobatics","Blade Dance+1","Sucker Punch","Flying Knee"],"relics":["Ring of the Snake","Potion Belt","Bag of Preparation","Art of War","MawBank","Busted Crown","Pear","Happy Flower","Anchor","Lantern","Oddly Smooth Stone","Lee\u0027s Waffle","Calling Bell","Vajra","Matryoshka","Ginger","Bird Faced Urn","Ice Cream","Dream Catcher","Boot"],"potions_floor_usage":[16,16,16,33,33,39,48],"damage_taken":[{"damage":1,"enemies":"Cultist","floor":1,"turns":4},{"damage":1,"enemies":"Small Slimes","floor":5,"turns":3},{"damage":40,"enemies":"3 Sentries","floor":7,"turns":13},{"damage":0,"enemies":"2 Louse","floor":10,"turns":3},{"damage":19,"enemies":"Exordium Thugs","floor":13,"turns":6},{"damage":7,"enemies":"2 Fungi Beasts","floor":14,"turns":3},{"damage":60,"enemies":"Slime Boss","floor":16,"turns":14},{"damage":15,"enemies":"Spheric Guardian","floor":18,"turns":4},{"damage":5,"enemies":"Chosen","floor":24,"turns":4},{"damage":0,"enemies":"3 Cultists","floor":25,"turns":3},{"damage":12,"enemies":"Centurion and Healer","floor":27,"turns":5},{"damage":1,"enemies":"Snecko","floor":28,"turns":4},{"damage":7,"enemies":"Chosen and Byrds","floor":30,"turns":5},{"damage":55,"enemies":"Collector","floor":33,"turns":8},{"damage":39,"enemies":"Flame Bruiser 1 Orb","floor":35,"turns":3},{"damage":1,"enemies":"Mind Bloom Boss Battle","floor":36,"turns":6},{"damage":7,"enemies":"3 Darklings","floor":38,"turns":3},{"damage":26,"enemies":"Spire Growth","floor":39,"turns":5},{"damage":0,"enemies":"Mysterious Sphere","floor":41,"turns":3},{"damage":9,"enemies":"4 Shapes","floor":46,"turns":3},{"damage":0,"enemies":"3 Darklings","floor":47,"turns":2},{"damage":33,"enemies":"Maw","floor":48,"turns":7},{"damage":72,"enemies":"Donu and Deca","floor":50,"turns":5}],"seed_played":"6652333640302012597","potions_obtained":[{"floor":5,"key":"Weak Potion"},{"floor":10,"key":"Block Potion"},{"floor":14,"key":"Strength Potion"},{"floor":27,"key":"Regen Potion"},{"floor":30,"key":"Poison Potion"},{"floor":33,"key":"Weak Potion"},{"floor":38,"key":"PowerPotion"},{"floor":41,"key":"Energy Potion"},{"floor":48,"key":"Ancient Potion"}],"is_trial":false,"path_per_floor":["M","?","T","?","M","R","E","R","T","M","?","R","M","M","R","B",null,"M","?","?","?","$","R","M","M","T","M","M","?","M","$","R","B",null,"M","?","$","M","M","R","?","R","T","?","$","M","M","M","R"],"character_chosen":"THE_SILENT","items_purchased":["Crippling Poison","Bane","Happy Flower","PiercingWail","Anchor","Noxious Fumes","Lee\u0027s Waffle"],"campfire_rested":7,"item_purchase_floors":[22,22,22,22,22,31,31],"current_hp_per_floor":[69,69,69,44,43,64,24,45,45,45,45,66,47,40,61,1,70,55,65,65,56,56,56,53,56,56,50,55,55,51,63,63,31,63,24,29,29,26,14,32,36,54,54,54,54,51,57,40,58,0],"gold":53,"neow_bonus":"THREE_CARDS","is_prod":false,"is_daily":false,"chose_seed":false,"campfire_upgraded":2,"win_rate":0,"timestamp":1535495454,"path_taken":["M","?","?","?","?","R","E","R","T","M","?","R","M","?","R","BOSS","M","?","?","?","$","R","M","M","T","M","?","?","?","?","R","BOSS","M","?","$","M","M","R","?","R","T","?","$","?","M","M","R","BOSS"],"build_version":"2018-08-23v2","purchased_purges":3,"victory":false,"max_hp_per_floor":[70,70,70,70,70,70,70,70,70,70,70,70,70,70,70,70,70,70,80,80,56,56,56,56,56,56,56,56,56,56,63,63,63,63,63,63,63,63,63,63,63,63,63,63,63,63,63,63,63,63],"card_choices":[{"not_picked":["Outmaneuver","Concentrate"],"picked":"Heel Hook","floor":0},{"not_picked":["Flying Knee","Prepared"],"picked":"Dagger Throw","floor":1},{"not_picked":["Cloak And Dagger","All Out Attack"],"picked":"Quick Slash","floor":5},{"not_picked":["Acrobatics","Choke"],"picked":"Dodge and Roll","floor":7},{"not_picked":["Prepared","Dodge and Roll"],"picked":"Bouncing Flask","floor":10},{"not_picked":["Acrobatics","Eviscerate"],"picked":"Poisoned Stab","floor":13},{"not_picked":["Choke","Quick Slash"],"picked":"Deflect","floor":14},{"not_picked":["Burst","Doppelganger"],"picked":"Corpse Explosion","floor":16},{"not_picked":[],"picked":"Deflect","floor":18},{"not_picked":[],"picked":"Calculated Gamble","floor":24},{"not_picked":[],"picked":"Sucker Punch","floor":25},{"not_picked":[],"picked":"Dash","floor":27},{"not_picked":[],"picked":"Dodge and Roll","floor":28},{"not_picked":[],"picked":"Deadly Poison+1","floor":30},{"not_picked":[],"picked":"Phantasmal Killer","floor":33},{"not_picked":[],"picked":"Blur","floor":35},{"not_picked":[],"picked":"Dagger Spray","floor":36},{"not_picked":[],"picked":"Endless Agony","floor":38},{"not_picked":[],"picked":"Underhanded Strike+1","floor":39},{"not_picked":[],"picked":"Setup+1","floor":41},{"not_picked":[],"picked":"Acrobatics","floor":46},{"not_picked":[],"picked":"Blade Dance+1","floor":47},{"not_picked":[],"picked":"Sucker Punch","floor":48},{"not_picked":[],"picked":"Flying Knee","floor":49}],"player_experience":90340,"relics_obtained":[{"floor":3,"key":"Potion Belt"},{"floor":7,"key":"Art of War"},{"floor":9,"key":"MawBank"},{"floor":19,"key":"Pear"},{"floor":26,"key":"Lantern"},{"floor":34,"key":"Vajra"},{"floor":34,"key":"Matryoshka"},{"floor":34,"key":"Ginger"},{"floor":36,"key":"Bird Faced Urn"},{"floor":41,"key":"Ice Cream"},{"floor":43,"key":"Dream Catcher"},{"floor":43,"key":"Boot"}],"event_choices":[{"event_name":"The Cleric","player_choice":"Card Removal","floor":2,"damage_taken":0},{"event_name":"Scrap Ooze","player_choice":"success","floor":4,"damage_taken":25},{"event_name":"Golden Shrine","player_choice":"Desecrate","floor":11,"damage_taken":0},{"event_name":"Wheel of Change","player_choice":"Relic","floor":19,"damage_taken":0},{"event_name":"Ghosts","player_choice":"Ignored","floor":20,"damage_taken":0},{"event_name":"Vampires","player_choice":"Became a vampire","floor":21,"damage_taken":0},{"event_name":"The Mausoleum","player_choice":"Yes","floor":29,"damage_taken":0},{"event_name":"MindBloom","player_choice":"Fight","floor":36,"damage_taken":0},{"event_name":"Mysterious Sphere","player_choice":"Fight","floor":41,"damage_taken":0},{"event_name":"Purifier","player_choice":"One Purge","floor":44,"damage_taken":0}],"is_beta":false,"boss_relics":[{"not_picked":["Empty Cage","Coffee Dripper"],"picked":"Busted Crown"},{"not_picked":["Runic Dome","Runic Pyramid"],"picked":"Calling Bell"}],"items_purged_floors":[22,37,45],"is_endless":false,"potions_floor_spawned":[5,10,14,27,30,33,38,41,48],"killed_by":"Donu and Deca","ascension_level":3}