{"gold_per_floor":[109,120,137,147,162,162,194,194,194,52,72,72,72,97,97,196,196,212,14,34,34,45,45,76,76,76,91,91,118,118,143,143,239,239,249,16,16,30,42,72,72,72,72,91,125,0,30,47,47,47,47,47,6,36,36],"floor_reached":55,"playtime":4721,"items_purged":["Strike_B"],"score":1144,"play_id":"cf3a72ff-dc0f-41f8-bf57-825cd08ce209","local_time":"20190105163654","is_ascension_mode":true,"campfire_choices":[{"data":"White Noise","floor":6.0,"key":"SMITH"},{"floor":8.0,"key":"REST"},{"data":"Zap","floor":13.0,"key":"SMITH"},{"data":"Dualcast","floor":15.0,"key":"SMITH"},{"data":"Creative AI","floor":23.0,"key":"SMITH"},{"floor":25.0,"key":"REST"},{"floor":30.0,"key":"REST"},{"data":"Heatsinks","floor":32.0,"key":"SMITH"},{"data":"Storm","floor":42.0,"key":"SMITH"},{"floor":49.0,"key":"RECALL"},{"data":"Defragment","floor":52.0,"key":"SMITH"}],"neow_cost":"NONE","seed_source_timestamp":0,"circlet_count":0,"master_deck":["Strike_B","Strike_B","Defend_B","Defend_B","Defend_B","Defend_B","Zap+1","Dualcast+1","Undo","Ball Lightning","White Noise+1","Compile Driver","Conserve Battery","Glacier","Go for the Eyes","Self Repair","Creative AI+1","Storm+1","Loop+1","Decay","Heatsinks+1","Defragment+1","Skim","Go for the Eyes","Storm"],"special_seed":0,"relics":["Cracked Core","Mummified Hand","Mango","Pear","Runic Dome","Membership Card","FossilizedHelix","Mercury Hourglass","Bird Faced Urn","Thread and Needle","Busted Crown","Bottled Tornado","Dodecahedron","Potion Belt","Girya","Red Mask","Gremlin Horn","Vajra"],"potions_floor_usage":[55,55,55],"damage_taken":[{"damage":1.0,"enemies":"Cultist","floor":1.0,"turns":3.0},{"damage":0.0,"enemies":"Small Slimes","floor":2.0,"turns":2.0},{"damage":2.0,"enemies":"Jaw Worm","floor":3.0,"turns":3.0},{"damage":1.0,"enemies":"Red Slaver","floor":4.0,"turns":4.0},{"damage":10.0,"enemies":"3 Louse","floor":5.0,"turns":3.0},{"damage":35.0,"enemies":"3 Sentries","floor":7.0,"turns":6.0},{"damage":4.0,"enemies":"Looter","floor":11.0,"turns":3.0},{"damage":25.0,"enemies":"Lagavulin","floor":14.0,"turns":5.0},{"damage":9.0,"enemies":"Hexaghost","floor":16.0,"turns":13.0},{"damage":2.0,"enemies":"Shell Parasite","floor":18.0,"turns":7.0},{"damage":15.0,"enemies":"3 Byrds","floor":20.0,"turns":4.0},{"damage":19.0,"enemies":"Cultist and Chosen","floor":22.0,"turns":5.0},{"damage":47.0,"enemies":"Gremlin Leader","floor":24.0,"turns":5.0},{"damage":12.0,"enemies":"Shelled Parasite and Fungi","floor":27.0,"turns":5.0},{"damage":15.0,"enemies":"Book of Stabbing","floor":29.0,"turns":4.0},{"damage":33.0,"enemies":"Slavers","floor":31.0,"turns":4.0},{"damage":31.0,"enemies":"Champ","floor":33.0,"turns":9.0},{"damage":0.0,"enemies":"Orb Walker","floor":35.0,"turns":3.0},{"damage":28.0,"enemies":"3 Shapes","floor":38.0,"turns":3.0},{"damage":35.0,"enemies":"Jaw Worm Horde","floor":39.0,"turns":3.0},{"damage":0.0,"enemies":"Nemesis","floor":40.0,"turns":6.0},{"damage":0.0,"enemies":"Spire Growth","floor":44.0,"turns":4.0},{"damage":0.0,"enemies":"Giant Head","floor":45.0,"turns":7.0},{"damage":10.0,"enemies":"Nemesis","floor":47.0,"turns":5.0},{"damage":0.0,"enemies":"Maw","floor":48.0,"turns":5.0},{"damage":0.0,"enemies":"Donu and Deca","floor":50.0,"turns":7.0},{"damage":97.0,"enemies":"Shield and Spear","floor":54.0,"turns":5.0},{"damage":49,"enemies":"The Heart","floor":55,"turns":3}],"seed_played":"9050669912927253970","potions_obtained":[{"floor":2.0,"key":"FearPotion"},{"floor":11.0,"key":"Strength Potion"},{"floor":16.0,"key":"GamblersBrew"},{"floor":22.0,"key":"Swift Potion"},{"floor":31.0,"key":"LiquidBronze"},{"floor":38.0,"key":"Poison Potion"},{"floor":40.0,"key":"FearPotion"},{"floor":47.0,"key":"Energy Potion"}],"is_trial":false,"path_per_floor":["M","M","M","M","M","R","E","R","T","$","M","?","R","E","R","B",null,"M","$","M","?","M","R","E","R","T","M","?","E","R","E","R","B",null,"M","$","?","M","M","E","?","R","T","M","E","?","E","M","R","B",null,"R","$","E","B"],"character_chosen":"DEFECT","items_purchased":["Glacier","Membership Card","Bottled Tornado","Defragment","Skim","Go for the Eyes","Storm"],"campfire_rested":3,"item_purchase_floors":[10,19,36,36,36,36,53],"current_hp_per_floor":[81,81,79,78,68,68,33,57,71,71,67,67,67,59,59,57,94,99,99,91,91,79,79,39,70,70,65,65,57,88,76,76,74,98,106,106,106,99,86,106,106,106,106,106,106,106,103,106,106,106,106,106,106,38,0],"gold":36,"neow_bonus":"TEN_PERCENT_HP_BONUS","is_prod":false,"is_daily":false,"chose_seed":false,"campfire_upgraded":7,"win_rate":0,"timestamp":1546724214,"path_taken":["M","M","M","?","M","R","E","R","T","$","M","?","R","E","R","BOSS","M","$","?","?","M","R","E","R","T","M","?","E","R","E","R","BOSS","M","$","?","M","?","E","?","R","T","M","E","?","E","M","R","BOSS","R","$","E","BOSS"],"build_version":"2019-01-03v4","purchased_purges":1,"victory":false,"max_hp_per_floor":[82,82,82,82,82,82,82,82,96,96,96,96,96,106,106,106,106,106,106,106,106,106,106,106,106,106,106,106,106,106,106,106,106,106,106,106,106,106,106,106,106,106,106,106,106,106,106,106,106,106,106,106,106,106,106],"card_choices":[{"not_picked":["Ball Lightning","Double Energy"],"picked":"Undo","floor":1.0},{"not_picked":["Sweeping Beam","Recycle"],"picked":"Ball Lightning","floor":2.0},{"not_picked":["Hologram","Ball Lightning"],"picked":"White Noise","floor":3.0},{"not_picked":["Turbo","Recycle"],"picked":"Compile Driver","floor":4.0},{"not_picked":["Heatsinks","Steam","Darkness"],"picked":"SKIP","floor":5.0},{"not_picked":["Turbo","Undo"],"picked":"Conserve Battery","floor":7.0},{"not_picked":["Aggregate","Force Field","Rebound"],"picked":"SKIP","floor":11.0},{"not_picked":["Force Field","Steam Power","Barrage"],"picked":"SKIP","floor":14.0},{"not_picked":["All For One","Hyperbeam"],"picked":"Creative AI","floor":16.0},{"not_picked":["Rebound+1","Melter"],"picked":"Storm","floor":18.0},{"not_picked":["Ball Lightning+1","Gash","Sweeping Beam"],"picked":"SKIP","floor":20.0},{"not_picked":["Gash","Compile Driver+1","Barrage+1"],"picked":"SKIP","floor":22.0},{"not_picked":["Recycle","Chaos","Beam Cell+1"],"picked":"SKIP","floor":24.0},{"not_picked":["Coolheaded","Redo"],"picked":"Loop+1","floor":27.0},{"not_picked":["White Noise","Rainbow"],"picked":"Heatsinks","floor":29.0},{"not_picked":["Compile Driver","Chill","Fusion"],"picked":"SKIP","floor":31.0},{"not_picked":["Conserve Battery"],"picked":"SKIP","floor":35.0},{"not_picked":["Hologram"],"picked":"SKIP","floor":38.0},{"not_picked":["Genetic Algorithm+1"],"picked":"SKIP","floor":39.0},{"not_picked":["Hologram+1"],"picked":"SKIP","floor":40.0},{"not_picked":["Coolheaded"],"picked":"SKIP","floor":44.0},{"not_picked":["Fusion"],"picked":"SKIP","floor":45.0},{"not_picked":["Steam Power+1"],"picked":"SKIP","floor":47.0},{"not_picked":["Redo"],"picked":"SKIP","floor":48.0},{"not_picked":["Hologram+1"],"picked":"SKIP","floor":54.0}],"player_experience":529121,"relics_obtained":[{"floor":7.0,"key":"Mummified Hand"},{"floor":9.0,"key":"Mango"},{"floor":14.0,"key":"Pear"},{"floor":24.0,"key":"FossilizedHelix"},{"floor":26.0,"key":"Mercury Hourglass"},{"floor":29.0,"key":"Bird Faced Urn"},{"floor":31.0,"key":"Thread and Needle"},{"floor":40.0,"key":"Potion Belt"},{"floor":45.0,"key":"Girya"},{"floor":47.0,"key":"Gremlin Horn"},{"floor":54.0,"key":"Vajra"}],"event_choices":[{"damage_healed":0.0,"max_hp_gain":0.0,"max_hp_loss":0.0,"gold_gain":0.0,"event_name":"Match and Keep!","player_choice":"2 cards matched","floor":12.0,"gold_loss":0.0,"damage_taken":0.0,"cards_obtained":["Go for the Eyes","Self Repair"]},{"damage_healed":0.0,"max_hp_gain":0.0,"max_hp_loss":0.0,"gold_gain":0.0,"event_name":"Vampires","player_choice":"Ignored","floor":21.0,"gold_loss":0.0,"damage_taken":0.0},{"damage_healed":0.0,"max_hp_gain":0.0,"max_hp_loss":0.0,"gold_gain":0.0,"event_name":"Forgotten Altar","player_choice":"Smashed Altar","floor":28.0,"gold_loss":0.0,"damage_taken":0.0,"cards_obtained":["Decay"]},{"damage_healed":0.0,"max_hp_gain":0.0,"max_hp_loss":0.0,"gold_gain":0.0,"event_name":"WeMeetAgain","player_choice":"Gave Potion","floor":37.0,"gold_loss":0.0,"damage_taken":0.0,"relics_obtained":["Dodecahedron"]},{"cards_removed":["Strike_B"],"damage_healed":0.0,"max_hp_gain":0.0,"max_hp_loss":0.0,"gold_gain":0.0,"event_name":"Falling","player_choice":"Removed Attack","floor":41.0,"gold_loss":0.0,"damage_taken":0.0},{"damage_healed":0.0,"max_hp_gain":0.0,"max_hp_loss":0.0,"gold_gain":0.0,"event_name":"Tomb of Lord Red Mask","player_choice":"Paid","floor":46.0,"gold_loss":125.0,"damage_taken":0.0,"relics_obtained":["Red Mask"]}],"is_beta":false,"boss_relics":[{"not_picked":["Empty Cage","Astrolabe"],"picked":"Runic Dome"},{"not_picked":["Tiny House","Calling Bell"],"picked":"Busted Crown"}],"items_purged_floors":[10],"is_endless":false,"potions_floor_spawned":[2,11,16,22,29,31,33,38,40,47],"killed_by":"The Heart","ascension_level":5}