{"gold_per_floor":[114,114,133,99,118,156,156,194,194,213,251,251,310,329,329,454,454,473,492,205,224,243,262,600,619,644,663,682,720,720,739,739,864,864,883,627,646,646,665,665,703,703,728,747,766,766,785,785],"floor_reached":48,"playtime":6526,"items_purged":["Doubt"],"score":605,"play_id":"31bb27db-a553-4d60-a398-a7dcadf28f78","local_time":"20180713144906","daily_mods":["Heirloom","Elite Swarm","Binary"],"is_ascension_mode":false,"campfire_choices":[{"floor":7,"key":"REST"},{"floor":12,"key":"REST"},{"data":"After Image","floor":15,"key":"SMITH"},{"floor":30,"key":"REST"},{"floor":32,"key":"REST"},{"floor":40,"key":"REST"}],"neow_cost":"","seed_source_timestamp":0,"circlet_count":0,"master_deck":["Defend_G","Defend_G","Defend_G","Defend_G","Defend_G","Strike_G","Strike_G","Strike_G","Strike_G","Strike_G","Survivor","Neutralize","Dagger Spray","Masterful Stab","Catalyst","Distraction","Glass Knife","After Image+1","Deflect","Die Die Die","Noxious Fumes","After Image","Dagger Throw","Deadly Poison","Noxious Fumes","Panache","Acrobatics","Outmaneuver","Terror+1","A Thousand Cuts","Malaise","Slice","Caltrops","Adrenaline+1","Poisoned Stab","Caltrops+1","Noxious Fumes","Corpse Explosion","Predator","Master of Strategy","Backstab+1","Underhanded Strike+1","Bane","Bullet Time+1","Pain","Terror+1","Poisoned Stab","Bandage Up","Backflip"],"special_seed":17725,"relics":["Ring of the Snake","Bird Faced Urn","Golden Idol","Regal Pillow","Bag of Preparation","Shuriken","Ginger","Cursed Key","Old Coin","Dream Catcher","Matryoshka","Fusion Hammer","Gremlin Horn","Centennial Puzzle","War Paint"],"potions_floor_usage":[27,29,33,33,33],"damage_taken":[{"damage":0,"enemies":"2 Louse","floor":1,"turns":4},{"damage":0,"enemies":"Jaw Worm","floor":3,"turns":5},{"damage":1,"enemies":"Cultist","floor":5,"turns":4},{"damage":24,"enemies":"Lagavulin","floor":6,"turns":8},{"damage":15,"enemies":"Gremlin Nob","floor":8,"turns":5},{"damage":8,"enemies":"Large Slime","floor":10,"turns":7},{"damage":0,"enemies":"3 Sentries","floor":11,"turns":7},{"damage":2,"enemies":"2 Fungi Beasts","floor":14,"turns":2},{"damage":39,"enemies":"Hexaghost","floor":16,"turns":11},{"damage":4,"enemies":"Shell Parasite","floor":18,"turns":6},{"damage":0,"enemies":"3 Byrds","floor":19,"turns":4},{"damage":12,"enemies":"Sentry and Sphere","floor":21,"turns":7},{"damage":8,"enemies":"Chosen and Byrds","floor":22,"turns":5},{"damage":0,"enemies":"Centurion and Healer","floor":23,"turns":6},{"damage":66,"enemies":"Gremlin Leader","floor":24,"turns":7},{"damage":16,"enemies":"Snecko","floor":25,"turns":4},{"damage":3,"enemies":"Snake Plant","floor":27,"turns":4},{"damage":2,"enemies":"Centurion and Healer","floor":28,"turns":7},{"damage":11,"enemies":"Book of Stabbing","floor":29,"turns":6},{"damage":25,"enemies":"Sentry and Sphere","floor":31,"turns":6},{"damage":71,"enemies":"Champ","floor":33,"turns":10},{"damage":24,"enemies":"3 Darklings","floor":35,"turns":3},{"damage":4,"enemies":"3 Shapes","floor":37,"turns":3},{"damage":12,"enemies":"3 Darklings","floor":39,"turns":3},{"damage":25,"enemies":"Nemesis","floor":41,"turns":5},{"damage":0,"enemies":"Sphere and 2 Shapes","floor":44,"turns":1},{"damage":14,"enemies":"4 Shapes","floor":45,"turns":4},{"damage":0,"enemies":"3 Darklings","floor":47,"turns":2},{"damage":80,"enemies":"Flame Bruiser 2 Orb","floor":48,"turns":2}],"seed_played":"5986081896675769642","potions_obtained":[{"floor":1,"key":"Ancient Potion"},{"floor":3,"key":"Weak Potion"},{"floor":8,"key":"AttackPotion"},{"floor":16,"key":"Poison Potion"},{"floor":25,"key":"PowerPotion"},{"floor":29,"key":"Poison Potion"},{"floor":31,"key":"SkillPotion"},{"floor":33,"key":"Regen Potion"},{"floor":35,"key":"LiquidBronze"},{"floor":41,"key":"AttackPotion"},{"floor":47,"key":"AttackPotion"}],"is_trial":false,"path_per_floor":["M","?","M","$","M","E","R","E","T","M","E","R","?","M","R","B",null,"M","M","$","M","M","M","E","M","T","M","M","E","R","M","R","B",null,"M","$","M","?","M","R","E","?","T","M","M","?","M"],"character_chosen":"THE_SILENT","items_purchased":["Catalyst","Noxious Fumes","Panache","Master of Strategy"],"campfire_rested":5,"item_purchase_floors":[4,20,20,36],"current_hp_per_floor":[70,53,53,53,52,28,64,49,49,43,45,70,70,68,68,33,70,66,70,70,62,64,70,10,2,2,7,17,18,54,41,70,7,70,48,48,52,52,44,70,53,53,53,57,57,52,62,0],"gold":785,"neow_bonus":"","is_prod":false,"is_daily":true,"chose_seed":false,"campfire_upgraded":1,"win_rate":0,"timestamp":1531507746,"path_taken":["M","?","?","$","M","E","R","E","T","M","E","R","?","?","R","BOSS","M","M","$","M","?","M","E","M","T","M","M","E","R","M","R","BOSS","M","$","M","?","M","R","E","?","T","M","M","?","M","M"],"build_version":"2018-07-12","purchased_purges":1,"victory":false,"max_hp_per_floor":[70,70,70,70,70,70,70,70,70,70,70,70,70,70,70,70,70,70,70,70,70,70,70,70,70,70,70,70,70,70,70,70,70,70,70,70,70,70,70,70,70,70,70,70,70,70,70,70],"card_choices":[{"not_picked":["Accuracy"],"picked":"Dagger Spray","floor":1},{"not_picked":["Dagger Throw"],"picked":"Masterful Stab","floor":3},{"not_picked":["Dagger Spray"],"picked":"Distraction","floor":5},{"not_picked":["Phantasmal Killer"],"picked":"Glass Knife","floor":6},{"not_picked":["Burst"],"picked":"After Image","floor":8},{"not_picked":["Prepared"],"picked":"Deflect","floor":10},{"not_picked":["Phantasmal Killer"],"picked":"Die Die Die","floor":11},{"not_picked":["Dagger Spray"],"picked":"Noxious Fumes","floor":14},{"not_picked":["Bullet Time"],"picked":"After Image","floor":16},{"not_picked":["Acrobatics"],"picked":"Dagger Throw","floor":18},{"not_picked":["Flechettes"],"picked":"Deadly Poison","floor":19},{"not_picked":["Accuracy"],"picked":"Acrobatics","floor":21},{"not_picked":["Concentrate"],"picked":"Outmaneuver","floor":22},{"not_picked":["Underhanded Strike"],"picked":"Terror+1","floor":23},{"not_picked":["Venomology"],"picked":"A Thousand Cuts","floor":24},{"not_picked":["Reflex"],"picked":"Malaise","floor":25},{"not_picked":["Underhanded Strike"],"picked":"Slice","floor":27},{"not_picked":["Cloak And Dagger"],"picked":"Caltrops","floor":28},{"not_picked":["Die Die Die"],"picked":"Adrenaline","floor":29},{"not_picked":["Dagger Spray"],"picked":"Poisoned Stab","floor":30},{"not_picked":["Slice"],"picked":"Caltrops+1","floor":31},{"not_picked":["PiercingWail"],"picked":"Noxious Fumes","floor":32},{"not_picked":["Bullet Time"],"picked":"Corpse Explosion","floor":33},{"not_picked":["Dagger Spray+1"],"picked":"Predator","floor":35},{"not_picked":["Blade Dance+1"],"picked":"Backstab+1","floor":37},{"not_picked":["Dagger Spray"],"picked":"Underhanded Strike+1","floor":39},{"not_picked":["Accuracy"],"picked":"Bane","floor":40},{"not_picked":["Venomology"],"picked":"Bullet Time","floor":41},{"not_picked":["Slice+1"],"picked":"Terror+1","floor":44},{"not_picked":["Dagger Spray"],"picked":"Poisoned Stab","floor":45},{"not_picked":["Swift Strike"],"picked":"Bandage Up","floor":46},{"not_picked":["Reflex"],"picked":"Backflip","floor":47}],"player_experience":15151,"relics_obtained":[{"floor":6,"key":"Regal Pillow"},{"floor":8,"key":"Bag of Preparation"},{"floor":9,"key":"Shuriken"},{"floor":11,"key":"Ginger"},{"floor":24,"key":"Old Coin"},{"floor":26,"key":"Dream Catcher"},{"floor":29,"key":"Matryoshka"},{"floor":41,"key":"Gremlin Horn"},{"floor":43,"key":"Centennial Puzzle"},{"floor":43,"key":"War Paint"}],"event_choices":[{"event_name":"Golden Idol","player_choice":"Take Damage","floor":2,"damage_taken":0},{"event_name":"Golden Wing","player_choice":"Gained Gold","floor":13,"damage_taken":0},{"event_name":"Tomb of Lord Red Mask","player_choice":"Ignored","floor":38,"damage_taken":0},{"event_name":"The Moai Head","player_choice":"Ignored","floor":42,"damage_taken":0},{"event_name":"SensoryStone","player_choice":"Memory 2","floor":46,"damage_taken":0}],"boss_relics":[{"not_picked":["Tiny House","Orrery"],"picked":"Cursed Key"},{"not_picked":["Velvet Choker","Pandora\u0027s Box"],"picked":"Fusion Hammer"}],"items_purged_floors":[36],"is_endless":false,"potions_floor_spawned":[1,3,8,10,16,18,19,22,25,29,31,33,35,41,47],"killed_by":"Flame Bruiser 2 Orb","ascension_level":0}