{"gold_per_floor":[109,120,120,132,51,51,51,51,51,68,68,88,119,131,131,202,202,214,227,227,245,264,264,264],"floor_reached":24,"playtime":963,"items_purged":[],"score":390,"play_id":"2dc3dfa1-5c82-4f97-a717-03c88e374682","local_time":"20190615054959","is_ascension_mode":true,"campfire_choices":[{"data":"Leg Sweep","floor":6,"key":"SMITH"},{"data":"Neutralize","floor":8,"key":"SMITH"},{"data":"Predator","floor":11,"key":"SMITH"},{"floor":15,"key":"REST"},{"data":"Forethought","floor":23,"key":"SMITH"}],"neow_cost":"NONE","seed_source_timestamp":179958264649519,"circlet_count":0,"master_deck":["AscendersBane","Defend_G","Defend_G","Defend_G","Defend_G","Defend_G","Strike_G","Strike_G","Strike_G","Strike_G","Strike_G","Survivor","Neutralize+1","Forethought+1","Predator+1","Leg Sweep+1","Footwork","Footwork","Adrenaline","Dodge and Roll","PiercingWail","Backflip","Backflip","Footwork"],"special_seed":0,"relics":["Ring of the Snake","Bronze Scales","Bottled Flame","Mercury Hourglass","White Beast Statue"],"potions_floor_usage":[13,16,22,24,24],"damage_taken":[{"damage":2.0,"enemies":"Small Slimes","floor":1.0,"turns":4.0},{"damage":0,"enemies":"Cultist","floor":2,"turns":4},{"damage":0,"enemies":"2 Louse","floor":4,"turns":2},{"damage":36,"enemies":"Gremlin Gang","floor":10,"turns":4},{"damage":0,"enemies":"Blue Slaver","floor":12,"turns":5},{"damage":19,"enemies":"Gremlin Nob","floor":13,"turns":4},{"damage":0,"enemies":"Large Slime","floor":14,"turns":5},{"damage":10,"enemies":"Hexaghost","floor":16,"turns":14},{"damage":24,"enemies":"Spheric Guardian","floor":18,"turns":7},{"damage":1,"enemies":"Shell Parasite","floor":19,"turns":9},{"damage":14,"enemies":"Sentry and Sphere","floor":21,"turns":11},{"damage":0,"enemies":"Chosen and Byrds","floor":22,"turns":7},{"damage":13,"enemies":"3 Cultists","floor":24,"turns":3}],"seed_played":"-6431165858844636501","potions_obtained":[{"floor":2,"key":"Ancient Potion"},{"floor":12,"key":"Strength Potion"},{"floor":14,"key":"SteroidPotion"},{"floor":18,"key":"Energy Potion"},{"floor":19,"key":"Ancient Potion"},{"floor":22,"key":"Poison Potion"}],"is_trial":false,"path_per_floor":["M","M","?","M","$","R","$","R","T","M","R","M","E","M","R","B",null,"M","M","$","M","M","R","M"],"character_chosen":"THE_SILENT","items_purchased":["Footwork"],"campfire_rested":1,"item_purchase_floors":[5],"current_hp_per_floor":[57,57,57,57,57,57,57,57,57,21,21,21,2,2,21,11,52,28,27,27,13,13,13,0],"gold":264,"neow_bonus":"RANDOM_COLORLESS","is_prod":false,"is_daily":false,"chose_seed":false,"campfire_upgraded":4,"win_rate":0,"timestamp":1560548999,"path_taken":["M","M","?","M","$","R","$","R","T","M","R","?","E","M","R","BOSS","M","M","$","M","M","R","M"],"build_version":"2019-01-23","purchased_purges":0,"victory":false,"max_hp_per_floor":[66,66,66,66,66,66,66,66,66,66,66,66,66,66,66,66,66,66,66,66,66,66,66,66],"card_choices":[{"not_picked":["Escape Plan","Eviscerate"],"picked":"Predator","floor":1},{"not_picked":["Infinite Blades","Dodge and Roll"],"picked":"Leg Sweep","floor":2},{"not_picked":["Underhanded Strike","Concentrate"],"picked":"Footwork","floor":4},{"not_picked":["Bane","Catalyst"],"picked":"Adrenaline","floor":10},{"not_picked":["Flying Knee","Concentrate"],"picked":"Dodge and Roll","floor":12},{"not_picked":["Finisher","Endless Agony","Burst"],"picked":"SKIP","floor":13},{"not_picked":["Deflect","Bane"],"picked":"PiercingWail","floor":14},{"not_picked":["Cloak And Dagger","Terror"],"picked":"Backflip","floor":18},{"not_picked":["Underhanded Strike","Expertise"],"picked":"Backflip","floor":19},{"not_picked":["Blade Dance","Terror"],"picked":"Footwork","floor":21},{"not_picked":["Poisoned Stab","Deflect+1","Cloak And Dagger"],"picked":"SKIP","floor":22}],"player_experience":691446,"relics_obtained":[{"floor":9,"key":"Bottled Flame"},{"floor":13,"key":"Mercury Hourglass"}],"event_choices":[{"damage_healed":0,"gold_gain":0,"player_choice":"Gave Potion","damage_taken":0,"relics_obtained":["Bronze Scales"],"max_hp_gain":0,"max_hp_loss":0,"event_name":"WeMeetAgain","floor":3,"gold_loss":0}],"is_beta":false,"boss_relics":[{"not_picked":["Eternal Feather","Philosopher\u0027s Stone"],"picked":"White Beast Statue"}],"items_purged_floors":[],"is_endless":false,"potions_floor_spawned":[2,12,14,18,19,21,22],"killed_by":"3 Cultists","ascension_level":19}