{"gold_per_floor":[109,10,10,30,30,64,64,82,82,92,20,88,101,135,135,234,234,251,4,54,26,76,107,3,3,3,65,65,82,92,108,108,208,208,220,270,320,389,75,106,26,26,26,26,40,40,90,124,124,124,124,124,4,33,33],"floor_reached":55,"playtime":18748,"items_purged":["Decay","Strike_B","Pain","Reprogram"],"score":971,"play_id":"2c8428e3-f314-43b6-821c-5f1cf59e8bf4","local_time":"20190106175649","is_ascension_mode":true,"campfire_choices":[{"data":"Zap","floor":7.0,"key":"SMITH"},{"floor":15.0,"key":"REST"},{"floor":25.0,"key":"REST"},{"floor":28.0,"key":"REST"},{"floor":32.0,"key":"REST"},{"data":"Creative AI","floor":44.0,"key":"SMITH"},{"data":"Defragment","floor":46.0,"key":"SMITH"},{"floor":49.0,"key":"RECALL"},{"data":"Capacitor","floor":52.0,"key":"SMITH"}],"neow_cost":"CURSE","seed_source_timestamp":2130328887058918,"circlet_count":0,"master_deck":["Zap+1","Dualcast","Consume","Compile Driver","Hyperbeam","FTL","Loop","Ball Lightning","FTL","Go for the Eyes","Hologram","Cold Snap","Creative AI+1","BootSequence","Conserve Battery+1","Defragment+1","FTL","Coolheaded","Reboot","Buffer","Glacier","Hello World","Redo","BootSequence","Defragment","Auto Shields","Static Discharge","Electrodynamics","Capacitor+1","Go for the Eyes+1"],"special_seed":0,"relics":["Cracked Core","Pocketwatch","SsserpentHead","Symbiotic Virus","Mercury Hourglass","Art of War","Sozu","Centennial Puzzle","Strawberry","The Courier","Pandora\u0027s Box","WarpedTongs","Bronze Scales","Mummified Hand","Bird Faced Urn","Oddly Smooth Stone"],"potions_floor_usage":[55],"damage_taken":[{"damage":0.0,"enemies":"2 Louse","floor":1.0,"turns":2.0},{"damage":7.0,"enemies":"Jaw Worm","floor":4.0,"turns":3.0},{"damage":10.0,"enemies":"3 Sentries","floor":6.0,"turns":3.0},{"damage":0.0,"enemies":"Cultist","floor":8.0,"turns":2.0},{"damage":0.0,"enemies":"Looter","floor":10.0,"turns":1.0},{"damage":9.0,"enemies":"Exordium Thugs","floor":12.0,"turns":3.0},{"damage":0.0,"enemies":"Large Slime","floor":13.0,"turns":2.0},{"damage":5.0,"enemies":"Gremlin Nob","floor":14.0,"turns":3.0},{"damage":35.0,"enemies":"Hexaghost","floor":16.0,"turns":7.0},{"damage":0.0,"enemies":"Chosen","floor":18.0,"turns":3.0},{"damage":42.0,"enemies":"Book of Stabbing","floor":23.0,"turns":6.0},{"damage":1.0,"enemies":"Spheric Guardian","floor":27.0,"turns":3.0},{"damage":14.0,"enemies":"Centurion and Healer","floor":29.0,"turns":4.0},{"damage":0.0,"enemies":"Snake Plant","floor":30.0,"turns":2.0},{"damage":9.0,"enemies":"Snecko","floor":31.0,"turns":4.0},{"damage":54.0,"enemies":"Collector","floor":33.0,"turns":11.0},{"damage":0.0,"enemies":"Orb Walker","floor":35.0,"turns":4.0},{"damage":4.0,"enemies":"3 Shapes","floor":38.0,"turns":2.0},{"damage":6.0,"enemies":"Nemesis","floor":40.0,"turns":13.0},{"damage":0.0,"enemies":"Spire Growth","floor":45.0,"turns":5.0},{"damage":0.0,"enemies":"Reptomancer","floor":48.0,"turns":6.0},{"damage":42.0,"enemies":"Time Eater","floor":50.0,"turns":11.0},{"damage":45.0,"enemies":"Shield and Spear","floor":54.0,"turns":4.0},{"damage":64,"enemies":"The Heart","floor":55,"turns":3}],"seed_played":"-6719923760855890035","potions_obtained":[{"floor":1.0,"key":"Dexterity Potion"},{"floor":10.0,"key":"SteroidPotion"},{"floor":12.0,"key":"Dexterity Potion"},{"floor":14.0,"key":"AttackPotion"},{"floor":16.0,"key":"Energy Potion"}],"is_trial":false,"path_per_floor":["M","$","?","M","?","E","R","M","T","M","$","M","M","E","R","B",null,"M","$","?","$","?","E","$","R","T","M","R","M","M","M","R","B",null,"M","?","?","M","$","E","$","$","T","R","M","R","?","E","R","B",null,"R","$","E","B"],"character_chosen":"DEFECT","items_purchased":["Compile Driver","FTL","Centennial Puzzle","BootSequence","Defragment","FTL","Bronze Scales","Defragment","Auto Shields","Electrodynamics"],"campfire_rested":4,"item_purchase_floors":[2,11,19,21,24,24,39,39,39,41],"current_hp_per_floor":[68,68,68,61,61,51,51,51,51,51,51,42,42,37,59,24,62,62,62,62,62,48,13,13,39,39,38,64,50,50,41,67,13,69,69,69,69,65,65,59,59,59,59,59,59,59,59,59,59,57,77,77,77,52,0],"gold":33,"neow_bonus":"ONE_RARE_RELIC","is_prod":false,"is_daily":false,"chose_seed":false,"campfire_upgraded":4,"win_rate":0,"timestamp":1546815409,"path_taken":["M","$","?","M","?","E","R","M","T","M","$","?","M","E","R","BOSS","M","$","?","?","?","E","$","R","T","?","R","M","M","M","R","BOSS","M","?","?","?","$","E","?","$","T","R","M","R","?","E","R","BOSS","R","$","E","BOSS"],"build_version":"2019-01-03v4","purchased_purges":4,"victory":false,"max_hp_per_floor":[75,75,75,75,75,75,75,75,75,75,75,75,75,75,75,75,75,75,75,75,75,80,87,87,87,87,87,87,87,87,87,87,87,87,87,87,87,87,87,87,87,87,87,87,87,87,83,83,83,83,83,83,83,83,83],"card_choices":[{"not_picked":["Beam Cell","Gash"],"picked":"Consume","floor":1.0},{"not_picked":["Redo","Sweeping Beam","Scrape"],"picked":"SKIP","floor":4.0},{"not_picked":["Rip and Tear","Coolheaded"],"picked":"FTL","floor":6.0},{"not_picked":["Rainbow","Heatsinks"],"picked":"Loop","floor":8.0},{"not_picked":["Beam Cell","Redo"],"picked":"Ball Lightning","floor":10.0},{"not_picked":["Scrape","Streamline"],"picked":"Go for the Eyes","floor":12.0},{"not_picked":["Genetic Algorithm","Conserve Battery"],"picked":"Hologram","floor":13.0},{"not_picked":["Leap","Redo"],"picked":"Cold Snap","floor":14.0},{"not_picked":["Amplify","Machine Learning"],"picked":"Creative AI","floor":16.0},{"not_picked":["Sweeping Beam","Go for the Eyes","Gash"],"picked":"SKIP","floor":18.0},{"not_picked":["Hologram+1","Thunder Strike"],"picked":"Conserve Battery+1","floor":23.0},{"not_picked":["Sweeping Beam","Turbo"],"picked":"Coolheaded","floor":27.0},{"not_picked":["Steam","Coolheaded","Compile Driver+1"],"picked":"SKIP","floor":29.0},{"not_picked":["Stack","Double Energy+1","Streamline+1"],"picked":"SKIP","floor":30.0},{"not_picked":["Stack","Tempest","Redo"],"picked":"SKIP","floor":31.0},{"not_picked":["Multi-Cast","Echo Form"],"picked":"Reboot","floor":33.0},{"not_picked":["Ball Lightning+1","Barrage","Hologram"],"picked":"SKIP","floor":35.0},{"not_picked":["Fusion","Turbo","Beam Cell+1"],"picked":"SKIP","floor":38.0},{"not_picked":["Scrape+1","Ball Lightning+1"],"picked":"Static Discharge","floor":40.0},{"not_picked":["Barrage","Conserve Battery+1"],"picked":"Capacitor","floor":45.0},{"not_picked":["Leap","Stack+1","Auto Shields"],"picked":"SKIP","floor":48.0},{"not_picked":["Thunder Strike","Compile Driver+1"],"picked":"Go for the Eyes+1","floor":54.0}],"player_experience":553082,"relics_obtained":[{"floor":6.0,"key":"Symbiotic Virus"},{"floor":9.0,"key":"Mercury Hourglass"},{"floor":14.0,"key":"Art of War"},{"floor":23.0,"key":"Strawberry"},{"floor":26.0,"key":"The Courier"},{"floor":40.0,"key":"Mummified Hand"},{"floor":48.0,"key":"Bird Faced Urn"},{"floor":54.0,"key":"Oddly Smooth Stone"}],"event_choices":[{"damage_healed":0.0,"max_hp_gain":0.0,"max_hp_loss":0.0,"gold_gain":0.0,"cards_transformed":["Strike_B"],"event_name":"Living Wall","player_choice":"Change","floor":3.0,"gold_loss":0.0,"damage_taken":0.0,"cards_obtained":["Hyperbeam"]},{"damage_healed":0.0,"max_hp_gain":0.0,"max_hp_loss":0.0,"gold_gain":0.0,"event_name":"FaceTrader","player_choice":"Trade","floor":5.0,"gold_loss":0.0,"damage_taken":0.0,"relics_obtained":["SsserpentHead"]},{"damage_healed":0.0,"max_hp_gain":0.0,"max_hp_loss":0.0,"gold_gain":0.0,"event_name":"Beggar","player_choice":"Ignored","floor":20.0,"gold_loss":0.0,"damage_taken":0.0},{"damage_healed":0.0,"max_hp_gain":5.0,"max_hp_loss":0.0,"gold_gain":0.0,"event_name":"Forgotten Altar","player_choice":"Shed Blood","floor":22.0,"gold_loss":0.0,"damage_taken":19.0},{"damage_healed":0.0,"max_hp_gain":0.0,"max_hp_loss":0.0,"gold_gain":0.0,"event_name":"Mysterious Sphere","player_choice":"Ignored","floor":36.0,"gold_loss":0.0,"damage_taken":0.0},{"damage_healed":0.0,"max_hp_gain":0.0,"max_hp_loss":0.0,"gold_gain":0.0,"event_name":"Accursed Blacksmith","player_choice":"Rummage","floor":37.0,"gold_loss":0.0,"damage_taken":0.0,"relics_obtained":["WarpedTongs"],"cards_obtained":["Pain"]},{"damage_healed":0.0,"max_hp_gain":0.0,"max_hp_loss":4.0,"gold_gain":0.0,"event_name":"Winding Halls","player_choice":"Max HP","floor":47.0,"gold_loss":0.0,"damage_taken":0.0}],"is_beta":false,"boss_relics":[{"not_picked":["Calling Bell","Orrery"],"picked":"Sozu"},{"not_picked":["Eternal Feather","Cursed Key"],"picked":"Pandora\u0027s Box"}],"items_purged_floors":[2,19,39,53],"is_endless":false,"potions_floor_spawned":[1,10,12,14,16,18,23,31,45],"killed_by":"The Heart","ascension_level":6}