{"gold_per_floor":[112,112,132,148,148,148,148,182,182,182,200,170,170,186,186,257,307,318,243,243,257,257,283,283,293,293,305,334,334,334,347,347,347],"floor_reached":33,"playtime":3644,"items_purged":[],"score":535,"play_id":"aa369ec3-a84c-4f52-8deb-89885916710e","local_time":"20190609110037","is_ascension_mode":true,"campfire_choices":[{"data":"Dodge and Roll","floor":6,"key":"SMITH"},{"floor":10,"key":"REST"},{"data":"Poisoned Stab","floor":13,"key":"SMITH"},{"floor":15,"key":"REST"},{"floor":24,"key":"REST"},{"floor":30,"key":"REST"},{"data":"Cloak And Dagger","floor":32,"key":"SMITH"}],"neow_cost":"NONE","seed_source_timestamp":1700596282567700,"circlet_count":0,"master_deck":["AscendersBane","Defend_G","Defend_G","Defend_G","Defend_G","Strike_G","Strike_G","Strike_G","Strike_G","Survivor+1","Neutralize+1","Deadly Poison","Dodge and Roll+1","Cloak And Dagger+1","Acrobatics","Poisoned Stab+1","Escape Plan","Adrenaline","Cloak And Dagger","Poisoned Stab","RitualDagger","Well Laid Plans","Cloak And Dagger+1","Dash","Bouncing Flask+1","Cloak And Dagger"],"relics":["Ring of the Snake","Shuriken","Meat on the Bone","Nunchaku","Tiny House","Tingsha","Anchor","Mango"],"potions_floor_usage":[21,23,28,31,33],"damage_taken":[{"damage":0,"enemies":"2 Louse","floor":1,"turns":4},{"damage":0,"enemies":"Cultist","floor":3,"turns":4},{"damage":0,"enemies":"Jaw Worm","floor":4,"turns":7},{"damage":30,"enemies":"3 Sentries","floor":8,"turns":14},{"damage":0,"enemies":"2 Fungi Beasts","floor":11,"turns":5},{"damage":0,"enemies":"Looter","floor":12,"turns":4},{"damage":4,"enemies":"Large Slime","floor":14,"turns":7},{"damage":32,"enemies":"Hexaghost","floor":16,"turns":11},{"damage":8,"enemies":"Spheric Guardian","floor":18,"turns":6},{"damage":12,"enemies":"3 Byrds","floor":21,"turns":7},{"damage":37,"enemies":"Gremlin Leader","floor":23,"turns":10},{"damage":10,"enemies":"Snecko","floor":25,"turns":6},{"damage":9,"enemies":"Shelled Parasite and Fungi","floor":27,"turns":6},{"damage":18,"enemies":"Slavers","floor":28,"turns":8},{"damage":7,"enemies":"Sentry and Sphere","floor":31,"turns":5},{"damage":82,"enemies":"Automaton","floor":33,"turns":12}],"seed_played":"-2354536778362015235","potions_obtained":[{"floor":4,"key":"Regen Potion"},{"floor":8,"key":"GhostInAJar"},{"floor":21,"key":"GamblersBrew"},{"floor":23,"key":"Block Potion"},{"floor":28,"key":"Fire Potion"}],"is_trial":false,"path_per_floor":["M","?","M","M","?","R","T","E","T","R","M","M","R","M","R","B",null,"M","?","?","M","?","E","R","M","T","M","E","?","R","M","R","B"],"character_chosen":"THE_SILENT","items_purchased":[],"campfire_rested":4,"item_purchase_floors":[],"current_hp_per_floor":[59,59,59,59,59,59,59,29,29,48,48,48,48,44,63,43,65,57,57,51,53,71,46,67,57,57,48,56,56,81,74,74,0],"gold":347,"neow_bonus":"REMOVE_CARD","is_prod":false,"is_daily":false,"chose_seed":false,"campfire_upgraded":3,"win_rate":0,"timestamp":1560092437,"path_taken":["M","?","?","M","?","R","?","E","T","R","M","M","R","M","R","BOSS","M","?","?","M","?","E","R","M","T","M","E","?","R","M","R","BOSS"],"build_version":"2019-01-23","purchased_purges":0,"victory":false,"max_hp_per_floor":[66,66,66,66,66,66,66,66,66,66,66,66,66,66,66,66,71,71,71,71,71,71,71,71,71,71,71,85,85,85,85,85,85],"card_choices":[{"not_picked":["Blade Dance","Bane"],"picked":"Deadly Poison","floor":1},{"not_picked":["Flying Knee","Dagger Throw"],"picked":"Dodge and Roll","floor":3},{"not_picked":["Dagger Throw","Accuracy","Flying Knee"],"picked":"SKIP","floor":4},{"not_picked":["Acrobatics","Dagger Spray"],"picked":"Cloak And Dagger","floor":8},{"not_picked":["Flying Knee","Outmaneuver"],"picked":"Acrobatics","floor":11},{"not_picked":["Blade Dance","Sucker Punch"],"picked":"Poisoned Stab","floor":12},{"not_picked":["PiercingWail","Deadly Poison"],"picked":"Escape Plan","floor":14},{"not_picked":["Glass Knife","Venomology"],"picked":"Adrenaline","floor":16},{"not_picked":["Choke","Setup"],"picked":"Cloak And Dagger","floor":17},{"not_picked":["Bane","Dodge and Roll"],"picked":"Poisoned Stab","floor":18},{"not_picked":["Underhanded Strike","Prepared","Flying Knee+1"],"picked":"SKIP","floor":21},{"not_picked":["Sucker Punch","Finisher"],"picked":"Well Laid Plans","floor":23},{"not_picked":["Distraction","Prepared"],"picked":"Cloak And Dagger+1","floor":25},{"not_picked":["Escape Plan","Heel Hook+1"],"picked":"Dash","floor":27},{"not_picked":["Slice","Eviscerate"],"picked":"Bouncing Flask+1","floor":28},{"not_picked":["Deadly Poison","Riddle With Holes"],"picked":"Cloak And Dagger","floor":31}],"player_experience":1135073,"relics_obtained":[{"floor":7,"key":"Shuriken"},{"floor":8,"key":"Meat on the Bone"},{"floor":9,"key":"Nunchaku"},{"floor":23,"key":"Tingsha"},{"floor":26,"key":"Anchor"},{"floor":28,"key":"Mango"}],"event_choices":[{"damage_healed":0,"gold_gain":0,"player_choice":"Forge","damage_taken":0,"max_hp_gain":0,"max_hp_loss":0,"event_name":"Accursed Blacksmith","floor":2,"gold_loss":0,"cards_upgraded":["Neutralize"]},{"damage_healed":0,"gold_gain":0,"player_choice":"Ignored","damage_taken":0,"max_hp_gain":0,"max_hp_loss":0,"event_name":"Liars Game","floor":5,"gold_loss":0},{"cards_removed":["Defend_G"],"damage_healed":0,"gold_gain":0,"player_choice":"Gave Gold","damage_taken":0,"max_hp_gain":0,"max_hp_loss":0,"event_name":"Beggar","floor":19,"gold_loss":75},{"damage_healed":0,"gold_gain":0,"player_choice":"Joined the Cult","damage_taken":6,"max_hp_gain":0,"max_hp_loss":0,"event_name":"Nest","floor":20,"gold_loss":0,"cards_obtained":["RitualDagger"]},{"damage_healed":23,"gold_gain":0,"player_choice":"Heal","damage_taken":0,"max_hp_gain":0,"max_hp_loss":0,"event_name":"The Library","floor":22,"gold_loss":0},{"damage_healed":0,"gold_gain":0,"player_choice":"Ignored","damage_taken":0,"max_hp_gain":0,"max_hp_loss":0,"event_name":"The Mausoleum","floor":29,"gold_loss":0}],"is_beta":false,"boss_relics":[{"not_picked":["Lizard Tail","White Beast Statue"],"picked":"Tiny House"}],"items_purged_floors":[],"is_endless":false,"potions_floor_spawned":[4,8,16,21,23,28],"killed_by":"Automaton","ascension_level":14}