{"gold_per_floor":[14,34,109,284,28,28,55,78,78,78,97,97,129,149,149,248,248,261,36,51,51,69,102,114,146,184,208,220],"floor_reached":28,"playtime":1889,"items_purged":["Doubt"],"score":343,"play_id":"d969b6ae-524a-4d3c-a08a-41a53c076bc4","local_time":"20180829222059","is_ascension_mode":true,"campfire_choices":[{"data":"Accuracy","floor":6,"key":"SMITH"},{"floor":10,"key":"REST"},{"floor":12,"key":"REST"},{"floor":15,"key":"REST"},{"floor":24,"key":"REST"}],"neow_cost":"NO_GOLD","seed_source_timestamp":1269397478988877,"circlet_count":0,"master_deck":["Defend_G","Defend_G","Defend_G","Defend_G","Strike_G","Strike_G","Strike_G","Survivor","Neutralize","Accuracy+1","Infinite Blades","Predator","Riddle With Holes","Skewer","Dash","Poisoned Stab","Die Die Die","Dash","Backflip","Malaise","Finisher+1","Venomology+1","Finisher+1","Acrobatics","Infinite Blades","Dodge and Roll","Shame","PiercingWail","Bane","All Out Attack","Dagger Throw+1","Footwork"],"relics":["Ring of the Snake","Ice Cream","Vajra","Bottled Tornado","Happy Flower","Dream Catcher","Regal Pillow","Astrolabe","Potion Belt","Pantograph","MawBank","Bronze Scales"],"potions_floor_usage":[16,18,22,23,23,23,25,27,28,28,28],"damage_taken":[{"damage":0,"enemies":"Jaw Worm","floor":1,"turns":5},{"damage":0,"enemies":"Small Slimes","floor":2,"turns":3},{"damage":30,"enemies":"3 Sentries","floor":7,"turns":7},{"damage":6,"enemies":"2 Louse","floor":11,"turns":3},{"damage":27,"enemies":"Lagavulin","floor":13,"turns":7},{"damage":8,"enemies":"Red Slaver","floor":14,"turns":3},{"damage":0,"enemies":"Slime Boss","floor":16,"turns":9},{"damage":13,"enemies":"3 Byrds","floor":18,"turns":3},{"damage":7,"enemies":"Chosen","floor":20,"turns":4},{"damage":18,"enemies":"Centurion and Healer","floor":22,"turns":5},{"damage":22,"enemies":"Book of Stabbing","floor":23,"turns":6},{"damage":27,"enemies":"Sentry and Sphere","floor":25,"turns":7},{"damage":20,"enemies":"Snake Plant","floor":27,"turns":4},{"damage":22,"enemies":"Centurion and Healer","floor":28,"turns":3}],"seed_played":"-2425227403674555702","potions_obtained":[{"floor":7,"key":"GhostInAJar"},{"floor":11,"key":"Energy Potion"},{"floor":13,"key":"GamblersBrew"},{"floor":22,"key":"FearPotion"},{"floor":25,"key":"Weak Potion"}],"is_trial":false,"path_per_floor":["M","M","?","?","$","R","E","T","T","R","M","R","E","M","R","B",null,"M","$","M","?","M","E","R","M","T","M"],"character_chosen":"THE_SILENT","items_purchased":["Vajra","Predator","Infinite Blades","Potion Belt"],"campfire_rested":4,"item_purchase_floors":[5,5,19,19],"current_hp_per_floor":[70,70,59,59,59,59,29,29,29,50,44,65,38,30,66,66,70,57,57,50,50,32,25,61,34,34,14,0],"gold":220,"neow_bonus":"ONE_RARE_RELIC","is_prod":false,"is_daily":false,"chose_seed":false,"campfire_upgraded":1,"win_rate":0,"timestamp":1535595659,"path_taken":["M","M","?","?","?","R","E","?","T","R","M","R","E","?","R","BOSS","M","$","?","?","M","E","R","?","T","M","M"],"build_version":"2018-08-23v2","purchased_purges":1,"victory":false,"max_hp_per_floor":[70,70,70,70,70,70,70,70,70,70,70,70,70,70,70,70,70,70,70,70,70,70,70,70,70,70,70,70],"card_choices":[{"not_picked":["Cloak And Dagger","Masterful Stab"],"picked":"Accuracy","floor":1},{"not_picked":["Eviscerate","Underhanded Strike"],"picked":"Infinite Blades","floor":2},{"not_picked":["Outmaneuver","Heel Hook"],"picked":"Riddle With Holes","floor":7},{"not_picked":["Flying Knee","Underhanded Strike"],"picked":"Skewer","floor":10},{"not_picked":["Slice","Dagger Throw"],"picked":"Dash","floor":11},{"not_picked":["Slice","Flying Knee"],"picked":"Poisoned Stab","floor":12},{"not_picked":["Venomology","Reflex"],"picked":"Die Die Die","floor":13},{"not_picked":["Poisoned Stab","All Out Attack"],"picked":"Dash","floor":14},{"not_picked":["Dodge and Roll","Catalyst"],"picked":"Backflip","floor":15},{"not_picked":["Night Terror","Wraith Form v2"],"picked":"Malaise","floor":16},{"not_picked":["Sucker Punch","Dagger Throw"],"picked":"Acrobatics","floor":18},{"not_picked":["Acrobatics","Dagger Throw"],"picked":"Dodge and Roll","floor":20},{"not_picked":["Deadly Poison","Poisoned Stab"],"picked":"PiercingWail","floor":22},{"not_picked":["Underhanded Strike","Unload"],"picked":"Bane","floor":23},{"not_picked":["Distraction","Outmaneuver"],"picked":"All Out Attack","floor":24},{"not_picked":["Bane","Riddle With Holes"],"picked":"Dagger Throw+1","floor":25},{"not_picked":["Dagger Throw","Outmaneuver"],"picked":"Footwork","floor":27}],"player_experience":113144,"relics_obtained":[{"floor":7,"key":"Bottled Tornado"},{"floor":8,"key":"Happy Flower"},{"floor":9,"key":"Dream Catcher"},{"floor":13,"key":"Regal Pillow"},{"floor":23,"key":"MawBank"},{"floor":26,"key":"Bronze Scales"}],"event_choices":[{"event_name":"World of Goop","player_choice":"Gather Gold","floor":3,"damage_taken":0},{"event_name":"Liars Game","player_choice":"agreed","floor":4,"damage_taken":0},{"event_name":"Addict","player_choice":"Stole Relic","floor":21,"damage_taken":0}],"is_beta":false,"boss_relics":[{"not_picked":["Coffee Dripper","Empty Cage"],"picked":"Astrolabe"}],"items_purged_floors":[5],"is_endless":false,"potions_floor_spawned":[7,11,13,22,25],"killed_by":"Centurion and Healer","ascension_level":3}