{"gold_per_floor":[113,185,199,210,230,255,255,255,280,280,315,390,411,432,432,432],"floor_reached":16,"playtime":1196,"items_purged":[],"score":129,"play_id":"a4f91571-a903-447f-95f3-0d241b4e8aad","local_time":"20180828134246","is_ascension_mode":true,"campfire_choices":[{"floor":7,"key":"REST"},{"data":"Adrenaline","floor":10,"key":"SMITH"},{"floor":15,"key":"REST"}],"neow_cost":"","seed_source_timestamp":1152609152383804,"circlet_count":0,"master_deck":["Defend_G","Defend_G","Defend_G","Defend_G","Defend_G","Strike_G","Strike_G","Strike_G","Strike_G","Strike_G","Survivor","Neutralize","Predator","Quick Slash","Dagger Throw","Backflip","Adrenaline+1","Injury","Storm of Steel","Blade Dance","Expertise"],"relics":["Ring of the Snake","Regal Pillow","Golden Idol","Orichalcum","Oddly Smooth Stone"],"potions_floor_usage":[13,16,16],"damage_taken":[{"damage":0,"enemies":"Jaw Worm","floor":1,"turns":6},{"damage":0,"enemies":"2 Louse","floor":3,"turns":3},{"damage":0,"enemies":"Cultist","floor":4,"turns":3},{"damage":3,"enemies":"Blue Slaver","floor":5,"turns":5},{"damage":32,"enemies":"Gremlin Nob","floor":6,"turns":5},{"damage":35,"enemies":"Lagavulin","floor":11,"turns":8},{"damage":0,"enemies":"Exordium Wildlife","floor":13,"turns":2},{"damage":2,"enemies":"Looter","floor":14,"turns":2},{"damage":72,"enemies":"The Guardian","floor":16,"turns":13}],"seed_played":"-5118083114325870337","potions_obtained":[{"floor":1,"key":"SkillPotion"},{"floor":3,"key":"LiquidBronze"},{"floor":4,"key":"EssenceOfSteel"},{"floor":11,"key":"Poison Potion"}],"is_trial":false,"path_per_floor":["M","?","M","M","M","E","R","?","T","R","E","?","M","M","R"],"character_chosen":"THE_SILENT","items_purchased":[],"campfire_rested":2,"item_purchase_floors":[],"current_hp_per_floor":[70,70,70,70,67,35,70,70,70,70,35,24,24,22,58,0],"gold":432,"neow_bonus":"","is_prod":false,"is_daily":false,"chose_seed":false,"campfire_upgraded":1,"win_rate":0,"timestamp":1535478166,"path_taken":["M","?","M","M","M","E","R","?","T","R","E","?","?","M","R","BOSS"],"build_version":"2018-08-23v2","purchased_purges":0,"victory":false,"max_hp_per_floor":[70,70,70,70,70,70,70,70,70,70,70,70,70,70,70,70],"card_choices":[{"not_picked":["Well Laid Plans","Blade Dance"],"picked":"Predator","floor":1},{"not_picked":["Outmaneuver","Deadly Poison"],"picked":"Quick Slash","floor":3},{"not_picked":["Acrobatics","Prepared"],"picked":"Dagger Throw","floor":4},{"not_picked":["Slice","Bane"],"picked":"Backflip","floor":5},{"not_picked":["Poisoned Stab","Slice"],"picked":"Adrenaline","floor":6},{"not_picked":["Deflect","Adrenaline"],"picked":"Storm of Steel","floor":11},{"not_picked":["Flechettes","Poisoned Stab"],"picked":"Blade Dance","floor":13},{"not_picked":["Catalyst","Deadly Poison"],"picked":"Expertise","floor":14}],"player_experience":88103,"relics_obtained":[{"floor":6,"key":"Regal Pillow"},{"floor":9,"key":"Orichalcum"},{"floor":11,"key":"Oddly Smooth Stone"}],"event_choices":[{"event_name":"Golden Wing","player_choice":"Gained Gold","floor":2,"damage_taken":0},{"event_name":"Golden Idol","player_choice":"Take Wound","floor":8,"damage_taken":0},{"event_name":"World of Goop","player_choice":"Gather Gold","floor":12,"damage_taken":0}],"is_beta":false,"boss_relics":[],"items_purged_floors":[],"is_endless":false,"potions_floor_spawned":[1,3,4,11],"killed_by":"The Guardian","ascension_level":3}