{"gold_per_floor":[117,117,128,144,163,163,191,191,191,191,208,208,243,254,254,351,351,361,373,288,301,37,64,64,64,64,64,81,81,94,94,94,198,198,215,215,215,7,0,28,28,63,63,63,395,395,415,442,442,442],"floor_reached":50,"playtime":2760,"items_purged":["Strike_R"],"score":642,"play_id":"168066a6-0876-4dab-9f2d-fb8bf9c7d033","local_time":"20190609222452","is_ascension_mode":true,"campfire_choices":[{"data":"True Grit","floor":6,"key":"SMITH"},{"data":"Immolate","floor":10,"key":"SMITH"},{"data":"Twin Strike","floor":12,"key":"SMITH"},{"data":"Heavy Blade","floor":15,"key":"SMITH"},{"data":"Limit Break","floor":24,"key":"SMITH"},{"data":"Uppercut","floor":27,"key":"SMITH"},{"floor":29,"key":"REST"},{"floor":32,"key":"REST"},{"floor":41,"key":"RECALL"},{"floor":44,"key":"REST"},{"floor":49,"key":"REST"}],"neow_cost":"TEN_PERCENT_HP_LOSS","seed_source_timestamp":2226919760621739,"circlet_count":0,"master_deck":["Defend_R","Defend_R","Defend_R","Defend_R","Bash","Twin Strike+1","True Grit+1","Spot Weakness","Shrug It Off","Immolate+1","Regret","Heavy Blade+1","Uppercut+1","Limit Break+1","Thunderclap+1","Inflame","Ghostly Armor","Writhe","Metallicize+1"],"relics":["Burning Blood","Bag of Marbles","Kunai","Ancient Tea Set","Pen Nib","Empty Cage","Centennial Puzzle","Blood Vial","Happy Flower","Boot","Snecko Eye","Sling","Red Mask","Juzu Bracelet","Singing Bowl","Pantograph","Old Coin","Regal Pillow"],"potions_floor_usage":[7,20,30,33,33,50,50,50],"damage_taken":[{"damage":5,"enemies":"Small Slimes","floor":1,"turns":4},{"damage":1,"enemies":"Jaw Worm","floor":3,"turns":4},{"damage":2,"enemies":"2 Louse","floor":4,"turns":3},{"damage":9,"enemies":"Blue Slaver","floor":5,"turns":5},{"damage":27,"enemies":"Gremlin Nob","floor":7,"turns":4},{"damage":0,"enemies":"Large Slime","floor":11,"turns":1},{"damage":21,"enemies":"Lagavulin","floor":13,"turns":3},{"damage":3,"enemies":"2 Fungi Beasts","floor":14,"turns":2},{"damage":20,"enemies":"Hexaghost","floor":16,"turns":7},{"damage":28,"enemies":"Shell Parasite","floor":18,"turns":5},{"damage":0,"enemies":"Chosen","floor":19,"turns":2},{"damage":23,"enemies":"Centurion and Healer","floor":21,"turns":5},{"damage":22,"enemies":"Gremlin Leader","floor":23,"turns":3},{"damage":12,"enemies":"3 Cultists","floor":28,"turns":4},{"damage":26,"enemies":"Cultist and Chosen","floor":30,"turns":6},{"damage":52,"enemies":"Automaton","floor":33,"turns":8},{"damage":4,"enemies":"3 Darklings","floor":35,"turns":2},{"damage":16,"enemies":"Giant Head","floor":40,"turns":5},{"damage":50,"enemies":"Reptomancer","floor":42,"turns":4},{"damage":38,"enemies":"Nemesis","floor":45,"turns":5},{"damage":0,"enemies":"3 Shapes","floor":47,"turns":1},{"damage":22,"enemies":"Giant Head","floor":48,"turns":7},{"damage":91,"enemies":"Awakened One","floor":50,"turns":5}],"seed_played":"-4565443470178738438","potions_obtained":[{"floor":4,"key":"Strength Potion"},{"floor":7,"key":"FearPotion"},{"floor":14,"key":"EssenceOfSteel"},{"floor":16,"key":"PowerPotion"},{"floor":19,"key":"Fruit Juice"},{"floor":23,"key":"SkillPotion"},{"floor":28,"key":"AttackPotion"},{"floor":30,"key":"AttackPotion"},{"floor":42,"key":"Energy Potion"},{"floor":48,"key":"PowerPotion"}],"is_trial":false,"path_per_floor":["M","?","M","M","M","R","E","?","T","R","M","R","E","M","R","B",null,"M","M","?","M","$","E","R","?","T","R","M","R","M","?","R","B",null,"M","?","?","$","?","E","R","E","T","R","E","?","M","E","R","B"],"character_chosen":"IRONCLAD","items_purchased":["Inflame","Blood Vial","Sling"],"campfire_rested":4,"item_purchase_floors":[22,22,38],"current_hp_per_floor":[72,72,72,72,69,69,48,48,48,48,54,54,39,42,42,28,72,50,56,61,44,44,30,30,30,30,30,26,49,31,31,54,10,77,77,77,73,73,73,63,63,23,23,45,17,17,27,15,54,0],"gold":442,"neow_bonus":"REMOVE_TWO","is_prod":false,"is_daily":false,"chose_seed":false,"campfire_upgraded":6,"win_rate":0,"timestamp":1560090292,"path_taken":["M","?","M","M","M","R","E","?","T","R","M","R","E","M","R","BOSS","M","M","?","M","$","E","R","?","T","R","M","R","M","?","R","BOSS","M","?","?","$","?","E","R","E","T","R","E","?","M","E","R","BOSS"],"build_version":"2019-01-23","purchased_purges":1,"victory":false,"max_hp_per_floor":[72,72,72,72,72,72,72,72,72,72,72,72,72,72,72,72,72,72,72,77,77,77,77,77,77,77,77,77,77,77,77,77,77,77,77,77,73,73,73,73,73,75,75,75,77,77,79,81,81,81],"card_choices":[{"not_picked":["Anger","Pommel Strike"],"picked":"Twin Strike","floor":1},{"not_picked":["Metallicize","Seeing Red"],"picked":"True Grit","floor":3},{"not_picked":["Battle Trance","Headbutt"],"picked":"Spot Weakness","floor":4},{"not_picked":["Warcry","Body Slam"],"picked":"Shrug It Off","floor":5},{"not_picked":["Carnage","Shrug It Off"],"picked":"Immolate","floor":7},{"not_picked":["Sword Boomerang","Anger"],"picked":"Heavy Blade","floor":11},{"not_picked":["Ghostly Armor","Twin Strike"],"picked":"Uppercut","floor":13},{"not_picked":["Rupture","Heavy Blade","Dual Wield"],"picked":"SKIP","floor":14},{"not_picked":["Berserk","Feed"],"picked":"Limit Break","floor":16},{"not_picked":["Cleave","Flex"],"picked":"Thunderclap+1","floor":18},{"not_picked":["Sword Boomerang","Headbutt","Whirlwind"],"picked":"SKIP","floor":19},{"not_picked":["Clothesline","Armaments","Battle Trance"],"picked":"SKIP","floor":21},{"not_picked":["Intimidate","Armaments"],"picked":"Ghostly Armor","floor":23},{"not_picked":["Clash","Shrug It Off"],"picked":"Metallicize+1","floor":28},{"not_picked":["Sword Boomerang","Juggernaut","Carnage"],"picked":"SKIP","floor":30},{"not_picked":["Flex+1","Sever Soul+1","Pummel+1"],"picked":"SKIP","floor":35},{"not_picked":["Wild Strike+1","Sword Boomerang"],"picked":"Battle Trance+1","floor":40},{"not_picked":["Disarm","Rupture+1","Sword Boomerang+1"],"picked":"Singing Bowl","floor":42},{"not_picked":["Exhume","Rage+1","Uppercut+1"],"picked":"Singing Bowl","floor":45},{"not_picked":["Disarm","Rupture+1","Combust+1"],"picked":"Singing Bowl","floor":47},{"not_picked":["Wild Strike+1","Havoc+1","Infernal Blade+1"],"picked":"Singing Bowl","floor":48}],"player_experience":179263,"relics_obtained":[{"floor":7,"key":"Bag of Marbles"},{"floor":9,"key":"Ancient Tea Set"},{"floor":13,"key":"Pen Nib"},{"floor":23,"key":"Happy Flower"},{"floor":40,"key":"Juzu Bracelet"},{"floor":42,"key":"Singing Bowl"},{"floor":43,"key":"Pantograph"},{"floor":45,"key":"Old Coin"},{"floor":48,"key":"Regal Pillow"}],"event_choices":[{"damage_healed":0,"gold_gain":0,"player_choice":"Ignored","damage_taken":0,"max_hp_gain":0,"max_hp_loss":0,"event_name":"Liars Game","floor":2,"gold_loss":0},{"damage_healed":0,"gold_gain":0,"player_choice":"Box","damage_taken":0,"relics_obtained":["Kunai"],"max_hp_gain":0,"max_hp_loss":0,"event_name":"Big Fish","floor":8,"gold_loss":0,"cards_obtained":["Regret"]},{"damage_healed":0,"gold_gain":0,"player_choice":"Obtained Relic","damage_taken":0,"relics_obtained":["Centennial Puzzle"],"max_hp_gain":0,"max_hp_loss":0,"event_name":"Addict","floor":20,"gold_loss":85},{"damage_healed":0,"gold_gain":0,"player_choice":"Opened","damage_taken":0,"relics_obtained":["Boot"],"max_hp_gain":0,"max_hp_loss":0,"event_name":"The Mausoleum","floor":25,"gold_loss":0,"cards_obtained":["Writhe"]},{"damage_healed":0,"gold_gain":0,"player_choice":"Ignored","damage_taken":0,"max_hp_gain":0,"max_hp_loss":0,"event_name":"Vampires","floor":31,"gold_loss":0},{"damage_healed":0,"gold_gain":0,"player_choice":"Memory 1","damage_taken":0,"max_hp_gain":0,"max_hp_loss":0,"event_name":"SensoryStone","floor":36,"gold_loss":0},{"damage_healed":0,"gold_gain":0,"player_choice":"Max HP","damage_taken":0,"max_hp_gain":0,"max_hp_loss":4,"event_name":"Winding Halls","floor":37,"gold_loss":0},{"damage_healed":0,"gold_gain":0,"player_choice":"Paid","damage_taken":0,"relics_obtained":["Red Mask"],"max_hp_gain":0,"max_hp_loss":0,"event_name":"Tomb of Lord Red Mask","floor":39,"gold_loss":7},{"cards_removed":["Battle Trance"],"damage_healed":0,"gold_gain":0,"player_choice":"Removed Skill","damage_taken":0,"max_hp_gain":0,"max_hp_loss":0,"event_name":"Falling","floor":46,"gold_loss":0}],"is_beta":false,"boss_relics":[{"not_picked":["Lizard Tail","Calling Bell"],"picked":"Empty Cage"},{"not_picked":["Runic Pyramid","Cursed Key"],"picked":"Snecko Eye"}],"items_purged_floors":[22],"is_endless":false,"potions_floor_spawned":[4,7,14,16,19,23,28,30,42,48],"killed_by":"Awakened One","ascension_level":1}