{"gold_per_floor":[109,23,23,23,41,41,67,142,168,168,168,168,186,219,219,291,291,302,302,321,340,360,360,378,378,378,378,378,403,420,420,420,420],"floor_reached":33,"playtime":1600,"items_purged":[],"score":546,"play_id":"85197c83-8e6e-4735-a2dc-b754f751bf0e","local_time":"20190127235937","is_ascension_mode":true,"campfire_choices":[{"data":"Sunder","floor":6.0,"key":"SMITH"},{"data":"Beam Cell","floor":10.0,"key":"SMITH"},{"data":"Zap","floor":11.0,"key":"SMITH"},{"data":"Hologram","floor":12.0,"key":"SMITH"},{"data":"Skim","floor":15.0,"key":"SMITH"},{"data":"Go for the Eyes","floor":23.0,"key":"SMITH"},{"data":"Beam Cell","floor":25.0,"key":"SMITH"},{"data":"Skim","floor":28.0,"key":"SMITH"},{"data":"Go for the Eyes","floor":32.0,"key":"SMITH"}],"neow_cost":"NONE","seed_source_timestamp":98396871859822,"circlet_count":0,"master_deck":["AscendersBane","Strike_B","Strike_B","Strike_B","Strike_B","Defend_B","Defend_B","Defend_B","Defend_B","Zap+1","Dualcast","Beam Cell+1","Sunder+1","Hologram+1","Skim+1","Skim+1","Reboot","Gash","Beam Cell+1","Go for the Eyes+1","Necronomicurse","Hello World","Go for the Eyes+1"],"special_seed":0,"relics":["Cracked Core","Boot","WingedGreaves","Centennial Puzzle","Matryoshka","Coffee Dripper","PreservedInsect","Toxic Egg 2","Necronomicon","Blue Candle"],"potions_floor_usage":[33],"damage_taken":[{"damage":0.0,"enemies":"2 Louse","floor":1.0,"turns":3.0},{"damage":8.0,"enemies":"Small Slimes","floor":5.0,"turns":2.0},{"damage":25.0,"enemies":"Lagavulin","floor":7.0,"turns":7.0},{"damage":1.0,"enemies":"Cultist","floor":13.0,"turns":3.0},{"damage":6.0,"enemies":"Gremlin Nob","floor":14.0,"turns":3.0},{"damage":6.0,"enemies":"The Guardian","floor":16.0,"turns":9.0},{"damage":8.0,"enemies":"2 Thieves","floor":18.0,"turns":3.0},{"damage":0.0,"enemies":"Chosen","floor":20.0,"turns":2.0},{"damage":6.0,"enemies":"Centurion and Healer","floor":21.0,"turns":4.0},{"damage":2.0,"enemies":"Cultist and Chosen","floor":22.0,"turns":3.0},{"damage":1.0,"enemies":"Sentry and Sphere","floor":24.0,"turns":4.0},{"damage":10.0,"enemies":"Book of Stabbing","floor":29.0,"turns":2.0},{"damage":0.0,"enemies":"Centurion and Healer","floor":30.0,"turns":2.0},{"damage":21,"enemies":"Champ","floor":33,"turns":9}],"seed_played":"-253719884065962745","potions_obtained":[{"floor":5.0,"key":"SteroidPotion"},{"floor":13.0,"key":"Swift Potion"},{"floor":16.0,"key":"Dexterity Potion"},{"floor":22.0,"key":"SkillPotion"},{"floor":24.0,"key":"SpeedPotion"},{"floor":30.0,"key":"Fire Potion"}],"is_trial":false,"path_per_floor":["M","$","?","?","M","R","E","?","T","R","R","R","M","E","R","B",null,"M","?","M","M","M","R","M","R","T","?","R","E","M","?","R","B"],"character_chosen":"DEFECT","items_purchased":["Sunder"],"campfire_rested":0,"item_purchase_floors":[2],"current_hp_per_floor":[64,64,64,64,56,56,31,20,20,20,20,20,19,13,13,7,55,47,47,47,41,39,39,38,38,38,17,17,7,7,21,21,0],"gold":420,"neow_bonus":"RANDOM_COMMON_RELIC","is_prod":false,"is_daily":false,"chose_seed":false,"campfire_upgraded":9,"win_rate":0,"timestamp":1548629977,"path_taken":["M","$","?","?","M","R","E","?","T","R","R","R","M","E","R","BOSS","M","?","M","M","M","R","M","R","T","?","R","E","M","?","R","BOSS"],"build_version":"2019-01-23","purchased_purges":0,"victory":false,"max_hp_per_floor":[71,71,71,71,71,71,71,71,71,71,71,71,71,71,71,71,71,71,71,71,71,71,71,71,71,71,71,71,71,71,71,71,71],"card_choices":[{"not_picked":["Undo","Fusion"],"picked":"Beam Cell","floor":1.0},{"not_picked":["Turbo","Static Discharge"],"picked":"Hologram","floor":5.0},{"not_picked":["Undo","Auto Shields"],"picked":"Skim","floor":7.0},{"not_picked":["FTL","Cold Snap"],"picked":"Skim","floor":13.0},{"not_picked":["Rip and Tear","Steam","Meteor Strike"],"picked":"SKIP","floor":14.0},{"not_picked":["Core Surge","Thunder Strike"],"picked":"Reboot","floor":16.0},{"not_picked":["Genetic Algorithm+1","Ball Lightning"],"picked":"Gash","floor":18.0},{"not_picked":["Coolheaded","Skim"],"picked":"Beam Cell","floor":20.0},{"not_picked":["Beam Cell","Sunder"],"picked":"Go for the Eyes","floor":21.0},{"not_picked":["Cold Snap","Chaos","Ball Lightning"],"picked":"SKIP","floor":22.0},{"not_picked":["Ball Lightning","Stack","Rip and Tear"],"picked":"SKIP","floor":24.0},{"not_picked":["Ball Lightning","Stack","Rip and Tear"],"picked":"SKIP","floor":24.0},{"not_picked":["Force Field+1","Ball Lightning+1"],"picked":"Hello World","floor":29.0},{"not_picked":["Chaos+1","Creative AI"],"picked":"Go for the Eyes","floor":30.0}],"player_experience":1169801,"relics_obtained":[{"floor":7.0,"key":"WingedGreaves"},{"floor":9.0,"key":"Centennial Puzzle"},{"floor":14.0,"key":"Matryoshka"},{"floor":26.0,"key":"PreservedInsect"},{"floor":26.0,"key":"Toxic Egg 2"},{"floor":27.0,"key":"Necronomicon"},{"floor":29.0,"key":"Blue Candle"}],"event_choices":[{"damage_healed":0.0,"max_hp_gain":0.0,"max_hp_loss":0.0,"gold_gain":0.0,"event_name":"The Cleric","player_choice":"Leave","floor":3.0,"gold_loss":0.0,"damage_taken":0.0},{"damage_healed":0.0,"max_hp_gain":0.0,"max_hp_loss":0.0,"gold_gain":0.0,"event_name":"Shining Light","player_choice":"Ignored","floor":4.0,"gold_loss":0.0,"damage_taken":0.0},{"damage_healed":0.0,"max_hp_gain":0.0,"max_hp_loss":0.0,"gold_gain":75.0,"event_name":"World of Goop","player_choice":"Gather Gold","floor":8.0,"gold_loss":0.0,"damage_taken":11.0},{"damage_healed":0.0,"max_hp_gain":0.0,"max_hp_loss":0.0,"gold_gain":0.0,"event_name":"Ghosts","player_choice":"Ignored","floor":19.0,"gold_loss":0.0,"damage_taken":0.0},{"damage_healed":0.0,"max_hp_gain":0.0,"max_hp_loss":0.0,"gold_gain":0.0,"event_name":"Cursed Tome","player_choice":"Obtained Book","floor":27.0,"gold_loss":0.0,"damage_taken":21.0},{"damage_healed":14.0,"max_hp_gain":0.0,"max_hp_loss":0.0,"gold_gain":0.0,"event_name":"The Library","player_choice":"Heal","floor":31.0,"gold_loss":0.0,"damage_taken":0.0}],"is_beta":true,"boss_relics":[{"not_picked":["Runic Pyramid","Fusion Hammer"],"picked":"Coffee Dripper"}],"items_purged_floors":[],"is_endless":false,"potions_floor_spawned":[5,13,16,22,24,30],"killed_by":"Champ","ascension_level":20}