{"gold_per_floor":[13,30,47,47,70,70,70,100,100,100,115,115,131,157,157,228,228,243,254,13,24,35,35,49,49,49,49,82,92,92,122,122,197,197,212,31,31,43,56,56,86,86,86,7,7,17,27,27,27,27,27],"floor_reached":52,"playtime":2502,"items_purged":["Strike_B"],"score":2068,"play_id":"4fcbb96a-6953-4cb7-8fad-9f15a444a3ba","local_time":"20181010233817","is_ascension_mode":true,"campfire_choices":[{"data":"Zap","floor":6.0,"key":"SMITH"},{"floor":12.0,"key":"REST"},{"data":"Creative AI","floor":15.0,"key":"SMITH"},{"data":"Storm","floor":23.0,"key":"SMITH"},{"data":"Buffer","floor":27.0,"key":"SMITH"},{"data":"Defragment","floor":30.0,"key":"SMITH"},{"data":"Defragment","floor":32.0,"key":"SMITH"},{"data":"Fission","floor":40.0,"key":"SMITH"},{"data":"Hologram","floor":42.0,"key":"SMITH"},{"data":"Force Field","floor":45.0,"key":"SMITH"},{"data":"Seek","floor":49.0,"key":"SMITH"}],"neow_cost":"NO_GOLD","seed_source_timestamp":0,"circlet_count":0,"master_deck":["Defend_B+1","Defend_B+1","Defend_B","Defend_B","Zap+1","Dualcast","AscendersBane","Creative AI+1","Conserve Battery","Defragment+1","Storm+1","Hologram+1","Defragment+1","Self Repair","Seek+1","Sweeping Beam+1","Lockon+1","White Noise","Self Repair+1","Buffer+1","Force Field+1","Capacitor+1","Electrodynamics","Skim","Auto Shields","Fission+1","Defragment+1","Static Discharge+1","Parasite","Self Repair"],"special_seed":0,"relics":["Cracked Core","Strawberry","Cables","Bottled Tornado","Mummified Hand","Astrolabe","Art of War","Torii","Pear","Blue Candle","Cursed Key","DataDisk","Bronze Scales","Gambling Chip"],"potions_floor_usage":[51,51,51],"damage_taken":[{"damage":14.0,"enemies":"Small Slimes","floor":1.0,"turns":4.0},{"damage":2.0,"enemies":"Jaw Worm","floor":2.0,"turns":5.0},{"damage":1.0,"enemies":"Cultist","floor":3.0,"turns":4.0},{"damage":0.0,"enemies":"Gremlin Nob","floor":8.0,"turns":4.0},{"damage":0.0,"enemies":"Exordium Wildlife","floor":10.0,"turns":1.0},{"damage":22.0,"enemies":"Exordium Thugs","floor":11.0,"turns":4.0},{"damage":5.0,"enemies":"Looter","floor":13.0,"turns":4.0},{"damage":21.0,"enemies":"3 Sentries","floor":14.0,"turns":7.0},{"damage":0.0,"enemies":"Hexaghost","floor":16.0,"turns":8.0},{"damage":14.0,"enemies":"Shell Parasite","floor":18.0,"turns":4.0},{"damage":10.0,"enemies":"3 Byrds","floor":19.0,"turns":3.0},{"damage":0.0,"enemies":"Snecko","floor":21.0,"turns":3.0},{"damage":28.0,"enemies":"Chosen and Byrds","floor":22.0,"turns":5.0},{"damage":24.0,"enemies":"Snake Plant","floor":24.0,"turns":3.0},{"damage":4.0,"enemies":"Gremlin Leader","floor":28.0,"turns":5.0},{"damage":0.0,"enemies":"Snecko","floor":29.0,"turns":3.0},{"damage":16.0,"enemies":"Slavers","floor":31.0,"turns":3.0},{"damage":19.0,"enemies":"Champ","floor":33.0,"turns":6.0},{"damage":7.0,"enemies":"3 Shapes","floor":35.0,"turns":2.0},{"damage":11.0,"enemies":"Orb Walker","floor":38.0,"turns":3.0},{"damage":12.0,"enemies":"3 Darklings","floor":39.0,"turns":3.0},{"damage":12.0,"enemies":"2 Orb Walkers","floor":41.0,"turns":3.0},{"damage":0.0,"enemies":"Sphere and 2 Shapes","floor":46.0,"turns":3.0},{"damage":0.0,"enemies":"Spire Growth","floor":47.0,"turns":3.0},{"damage":1.0,"enemies":"Time Eater","floor":50.0,"turns":4.0},{"damage":24,"enemies":"Awakened One","floor":51,"turns":4}],"seed_played":"1087942131864002370","potions_obtained":[{"floor":1.0,"key":"SmokeBomb"},{"floor":7.0,"key":"PowerPotion"},{"floor":7.0,"key":"Energy Potion"},{"floor":8.0,"key":"FocusPotion"},{"floor":13.0,"key":"AttackPotion"},{"floor":14.0,"key":"Regen Potion"},{"floor":19.0,"key":"SkillPotion"},{"floor":21.0,"key":"Strength Potion"},{"floor":24.0,"key":"Weak Potion"},{"floor":28.0,"key":"PowerPotion"},{"floor":39.0,"key":"Weak Potion"}],"is_trial":false,"path_per_floor":["M","M","M","?","T","R","?","E","T","M","M","R","M","E","R","B",null,"M","M","$","M","M","R","M","?","T","R","E","M","R","E","R","B",null,"M","$","$","M","M","R","E","R","T","$","R","M","M","$","R","B","B"],"character_chosen":"DEFECT","items_purchased":["Art of War","DataDisk","Self Repair"],"campfire_rested":1,"item_purchase_floors":[20,36,44],"current_hp_per_floor":[50,48,47,26,33,33,33,33,33,33,11,34,29,8,8,15,62,55,61,61,68,57,57,40,40,40,40,63,80,80,74,74,72,84,84,84,84,88,83,83,78,78,78,78,78,88,88,88,88,88,88],"gold":27,"neow_bonus":"THREE_RARE_CARDS","is_prod":false,"is_daily":false,"chose_seed":true,"campfire_upgraded":10,"win_rate":0,"timestamp":1539207497,"path_taken":["M","M","M","?","?","R","?","E","T","M","M","R","?","E","R","BOSS","M","M","$","M","M","R","M","?","T","R","E","M","R","E","R","BOSS","M","$","?","M","M","R","E","R","T","?","R","M","M","?","R","BOSS","BOSS"],"build_version":"2018-10-09","purchased_purges":1,"victory":true,"max_hp_per_floor":[71,71,71,71,78,78,78,78,78,78,78,78,78,78,78,78,78,78,78,78,78,78,78,78,78,78,78,88,88,88,88,88,88,88,88,88,88,88,88,88,88,88,88,88,88,88,88,88,88,88,88],"card_choices":[{"not_picked":["Machine Learning","Meteor Strike"],"picked":"Creative AI","floor":0.0},{"not_picked":["Gash","Melter"],"picked":"Conserve Battery","floor":1.0},{"not_picked":["Capacitor","Stack"],"picked":"Defragment","floor":2.0},{"not_picked":["Turbo","Stack","Sweeping Beam"],"picked":"SKIP","floor":3.0},{"not_picked":["Turbo","Redo"],"picked":"Storm","floor":8.0},{"not_picked":["Cold Snap","Redo"],"picked":"Hologram","floor":11.0},{"not_picked":["Genetic Algorithm","Doom and Gloom"],"picked":"Defragment","floor":13.0},{"not_picked":["Barrage","Auto Shields"],"picked":"Self Repair","floor":14.0},{"not_picked":["Meteor Strike","Core Surge"],"picked":"Seek","floor":16.0},{"not_picked":["Gash+1","Conserve Battery"],"picked":"White Noise","floor":18.0},{"not_picked":["Cold Snap","Steam"],"picked":"Self Repair+1","floor":19.0},{"not_picked":["Sweeping Beam","Leap"],"picked":"Buffer","floor":21.0},{"not_picked":["Leap","Darkness"],"picked":"Force Field","floor":22.0},{"not_picked":["Coolheaded","Gash"],"picked":"Capacitor+1","floor":24.0},{"not_picked":["FTL","Hello World"],"picked":"Skim","floor":28.0},{"not_picked":["Gash","Loop"],"picked":"Auto Shields","floor":29.0},{"not_picked":["Sweeping Beam+1","Streamline","Turbo"],"picked":"SKIP","floor":31.0},{"not_picked":["Core Surge","Machine Learning"],"picked":"Fission","floor":33.0},{"not_picked":["Glacier","Go for the Eyes"],"picked":"Defragment+1","floor":35.0},{"not_picked":["Fusion","Coolheaded+1"],"picked":"Static Discharge+1","floor":38.0},{"not_picked":["Lockon","Scrape+1","Barrage"],"picked":"SKIP","floor":39.0},{"not_picked":["Compile Driver","Turbo","Steam"],"picked":"SKIP","floor":41.0},{"not_picked":["Hologram","Conserve Battery","Streamline+1"],"picked":"SKIP","floor":46.0},{"not_picked":["Aggregate+1","Sweeping Beam+1","Coolheaded"],"picked":"SKIP","floor":47.0}],"player_experience":1009397,"relics_obtained":[{"floor":5.0,"key":"Strawberry"},{"floor":8.0,"key":"Cables"},{"floor":9.0,"key":"Bottled Tornado"},{"floor":14.0,"key":"Mummified Hand"},{"floor":26.0,"key":"Torii"},{"floor":28.0,"key":"Pear"},{"floor":31.0,"key":"Blue Candle"},{"floor":41.0,"key":"Bronze Scales"},{"floor":43.0,"key":"Gambling Chip"}],"event_choices":[{"event_name":"Shining Light","player_choice":"Entered Light","floor":4.0,"damage_taken":0.0},{"event_name":"The Lab","player_choice":"Got Potions","floor":7.0,"damage_taken":0.0},{"event_name":"Transmorgrifier","player_choice":"Transform","floor":25.0,"damage_taken":0.0}],"is_beta":true,"boss_relics":[{"not_picked":["FrozenCore","Empty Cage"],"picked":"Astrolabe"},{"not_picked":["Lizard Tail","Black Star"],"picked":"Cursed Key"}],"items_purged_floors":[20],"is_endless":false,"potions_floor_spawned":[1,8,10,13,14,19,21,24,28,33,35,39,41,47],"ascension_level":20}