{"gold_per_floor":[13,31,45,45,56,56,88,88,113,113,19,19,39,66,78,162,174,203,245,272,284,346,358,42,73,97,131,145,145,165,90,90,167,167,184,184,184,194,103,134,134,147,174,201,201,229,28,45,45,45],"floor_reached":51,"playtime":2379,"items_purged":["Strike_B","Strike_B"],"score":1438,"play_id":"5ab040de-c6bd-41ab-ae7e-4d08aa825734","local_time":"20180814192946","is_ascension_mode":true,"campfire_choices":[{"data":"Zap","floor":6.0,"key":"SMITH"},{"data":"Creative AI","floor":8.0,"key":"SMITH"},{"data":"Storm","floor":10.0,"key":"SMITH"},{"data":"Storm","floor":15.0,"key":"SMITH"},{"floor":23.0,"key":"REST"},{"floor":29.0,"key":"REST"},{"floor":32.0,"key":"REST"},{"floor":41,"key":"REST"},{"floor":49,"key":"REST"}],"neow_cost":"NO_GOLD","seed_source_timestamp":0,"circlet_count":0,"master_deck":["Defend_B","Defend_B","Defend_B","Defend_B","Zap+1","Dualcast","AscendersBane","Creative AI+1","Storm+1","Chill","Leap","Storm+1","Self Repair","Biased Cognition","Reinforced Body","Seek","BootSequence","Self Repair","Auto Shields","Leap+1","Buffer+1","Injury","Defragment","Biased Cognition","Impatience","Buffer"],"special_seed":0,"relics":["Cracked Core","Dream Catcher","Bag of Preparation","MawBank","Fusion Hammer","Nilry\u0027s Codex","Bottled Tornado","Juzu Bracelet","Happy Flower","Bottled Lightning","Busted Crown","Smiling Mask","Potion Belt","Gremlin Horn","Art of War"],"potions_floor_usage":[50,50,50],"damage_taken":[{"damage":2.0,"enemies":"2 Louse","floor":1.0,"turns":3.0},{"damage":2.0,"enemies":"Jaw Worm","floor":2.0,"turns":4.0},{"damage":9.0,"enemies":"Small Slimes","floor":3.0,"turns":4.0},{"damage":9.0,"enemies":"Red Slaver","floor":5.0,"turns":3.0},{"damage":13.0,"enemies":"Lagavulin","floor":7.0,"turns":7.0},{"damage":0.0,"enemies":"3 Louse","floor":11.0,"turns":1.0},{"damage":0.0,"enemies":"3 Louse","floor":13.0,"turns":5.0},{"damage":13.0,"enemies":"The Guardian","floor":16.0,"turns":8.0},{"damage":0.0,"enemies":"3 Byrds","floor":18.0,"turns":4.0},{"damage":0.0,"enemies":"Chosen","floor":19.0,"turns":2.0},{"damage":8.0,"enemies":"Snecko","floor":20.0,"turns":3.0},{"damage":28.0,"enemies":"Slavers","floor":25.0,"turns":3.0},{"damage":8.0,"enemies":"Gremlin Leader","floor":27.0,"turns":3.0},{"damage":9.0,"enemies":"Cultist and Chosen","floor":28.0,"turns":3.0},{"damage":18.0,"enemies":"Centurion and Healer","floor":30.0,"turns":5.0},{"damage":11.0,"enemies":"Automaton","floor":33.0,"turns":6.0},{"damage":0,"enemies":"3 Darklings","floor":35,"turns":3},{"damage":0,"enemies":"Orb Walker","floor":38,"turns":3},{"damage":25,"enemies":"2 Orb Walkers","floor":40,"turns":3},{"damage":0,"enemies":"Transient","floor":42,"turns":6},{"damage":0,"enemies":"Giant Head","floor":44,"turns":6},{"damage":17,"enemies":"2 Orb Walkers","floor":46,"turns":3},{"damage":0,"enemies":"4 Shapes","floor":48,"turns":2},{"damage":55,"enemies":"Time Eater","floor":50,"turns":5}],"seed_played":"-6389713522574002084","potions_obtained":[{"floor":1.0,"key":"SmokeBomb"},{"floor":7.0,"key":"Weak Potion"},{"floor":16.0,"key":"AttackPotion"},{"floor":18.0,"key":"FocusPotion"},{"floor":20.0,"key":"Energy Potion"},{"floor":27.0,"key":"SkillPotion"},{"floor":35,"key":"FocusPotion"},{"floor":46,"key":"GamblersBrew"}],"is_trial":false,"path_per_floor":["M","M","M","?","M","R","E","R","T","R","$","?","M","T","R","B",null,"M","M","M","?","?","R","$","E","T","E","M","R","M","?","R","B",null,"M","?","?","M","$","E","R","M","T","E","?","E","$","M","R","B"],"character_chosen":"DEFECT","items_purchased":["Bottled Tornado","Defragment","Buffer","Block Potion"],"campfire_rested":5,"item_purchase_floors":[24,39,47,47],"current_hp_per_floor":[62,60,51,56,47,47,34,34,34,34,34,34,34,34,34,28,64,71,76,75,54,54,76,76,62,62,61,59,76,72,72,76,76,76,76,76,76,76,76,51,73,76,76,76,66,56,56,56,76,28],"gold":45,"neow_bonus":"THREE_RARE_CARDS","is_prod":false,"is_daily":false,"chose_seed":false,"campfire_upgraded":4,"win_rate":0,"timestamp":1534267786,"path_taken":["M","M","M","?","M","R","E","R","T","R","?","?","M","?","R","BOSS","M","M","M","?","?","R","$","E","T","E","M","R","M","?","R","BOSS","M","?","?","M","?","E","R","M","T","E","?","E","$","M","R","BOSS"],"build_version":"2018-08-13v2","purchased_purges":2,"victory":true,"max_hp_per_floor":[71,71,71,76,76,76,76,76,76,76,76,76,76,76,76,76,76,76,76,76,76,76,76,76,76,76,76,76,76,76,76,76,76,76,76,76,76,76,76,76,76,76,76,76,76,76,76,76,76,76],"card_choices":[{"not_picked":["Fission","Multi-Cast"],"picked":"Creative AI","floor":0.0},{"not_picked":["Ball Lightning","Steam"],"picked":"Storm","floor":1.0},{"not_picked":["Redo","Darkness","Double Energy"],"picked":"SKIP","floor":2.0},{"not_picked":["Recycle","Cold Snap"],"picked":"Chill","floor":3.0},{"not_picked":["Genetic Algorithm","Beam Cell"],"picked":"Leap","floor":5.0},{"not_picked":["Steam Power","Redo"],"picked":"Storm","floor":7.0},{"not_picked":["Coolheaded","Turbo"],"picked":"Reinforced Body","floor":13.0},{"not_picked":["All For One","Rainbow"],"picked":"Seek","floor":16.0},{"not_picked":["Blizzard","Coolheaded","Cold Snap"],"picked":"SKIP","floor":18.0},{"not_picked":["White Noise","Barrage"],"picked":"BootSequence","floor":19.0},{"not_picked":["Streamline","Glacier+1"],"picked":"Self Repair","floor":20.0},{"not_picked":["Multi-Cast","Gash","Auto Shields"],"picked":"SKIP","floor":25.0},{"not_picked":["Multi-Cast","Gash"],"picked":"Auto Shields","floor":25.0},{"not_picked":["Glacier","Stack","Conserve Battery"],"picked":"SKIP","floor":27.0},{"not_picked":["Redo","Coolheaded","Leap"],"picked":"SKIP","floor":28.0},{"not_picked":["Beam Cell","Rainbow"],"picked":"Leap+1","floor":30.0},{"not_picked":["Fission","Multi-Cast"],"picked":"Buffer","floor":33.0},{"not_picked":["Cold Snap"],"picked":"SKIP","floor":35},{"not_picked":["Cold Snap"],"picked":"SKIP","floor":38},{"not_picked":[],"picked":"Biased Cognition","floor":40},{"not_picked":["Beam Cell"],"picked":"SKIP","floor":42},{"not_picked":["Turbo+1"],"picked":"SKIP","floor":44},{"not_picked":[],"picked":"Impatience","floor":45},{"not_picked":["Coolheaded"],"picked":"SKIP","floor":46},{"not_picked":["Scrape"],"picked":"SKIP","floor":48}],"player_experience":872768,"relics_obtained":[{"floor":7.0,"key":"Dream Catcher"},{"floor":9.0,"key":"Bag of Preparation"},{"floor":14.0,"key":"MawBank"},{"floor":21.0,"key":"Nilry\u0027s Codex"},{"floor":25.0,"key":"Juzu Bracelet"},{"floor":26.0,"key":"Happy Flower"},{"floor":27.0,"key":"Bottled Lightning"},{"floor":40,"key":"Smiling Mask"},{"floor":43,"key":"Potion Belt"},{"floor":44,"key":"Gremlin Horn"},{"floor":46,"key":"Art of War"}],"event_choices":[{"event_name":"Big Fish","player_choice":"Donut","floor":4.0,"damage_taken":0.0},{"event_name":"Match and Keep!","player_choice":"2 cards matched","floor":12.0,"damage_taken":0.0},{"event_name":"Cursed Tome","player_choice":"Obtained Book","floor":21.0,"damage_taken":0.0},{"event_name":"Nest","player_choice":"Stole From Cult","floor":22.0,"damage_taken":0.0},{"event_name":"Beggar","player_choice":"Gave Gold","floor":31.0,"damage_taken":0.0},{"event_name":"Accursed Blacksmith","player_choice":"Forge","floor":36,"damage_taken":0},{"event_name":"Falling","player_choice":"Removed Attack","floor":37,"damage_taken":0},{"event_name":"SensoryStone","player_choice":"Memory 3","floor":45,"damage_taken":0}],"is_beta":true,"boss_relics":[{"not_picked":["Calling Bell","Runic Pyramid"],"picked":"Fusion Hammer"},{"not_picked":["Philosopher\u0027s Stone","Coffee Dripper"],"picked":"Busted Crown"}],"items_purged_floors":[11,47],"is_endless":false,"potions_floor_spawned":[1,7,16,18,20,27,33,35,40,46],"ascension_level":17}