{"gold_per_floor":[17,29,43,59,79,79,96,122,122,26,26],"floor_reached":11,"playtime":447,"items_purged":[],"score":146,"play_id":"b729e8a0-59f6-42cf-b31e-2ae295823729","local_time":"20190514191131","is_ascension_mode":true,"campfire_choices":[{"data":"Uppercut","floor":6,"key":"SMITH"}],"neow_cost":"NO_GOLD","seed_source_timestamp":0,"circlet_count":0,"master_deck":["AscendersBane","Strike_R","Strike_R","Strike_R","Strike_R","Strike_R","Defend_R","Defend_R","Defend_R","Defend_R","Bash","Dark Shackles","Madness","Cleave","Uppercut+1","Shrug It Off","Uppercut","Dropkick","Battle Trance","Reaper","Good Instincts+1"],"special_seed":0,"relics":["Burning Blood","Potion Belt","Toxic Egg 2"],"potions_floor_usage":[8,11],"damage_taken":[{"damage":6,"enemies":"Small Slimes","floor":1,"turns":4},{"damage":11,"enemies":"Jaw Worm","floor":2,"turns":5},{"damage":7,"enemies":"2 Louse","floor":3,"turns":3},{"damage":6,"enemies":"Exordium Wildlife","floor":4,"turns":3},{"damage":14,"enemies":"3 Louse","floor":5,"turns":4},{"damage":7,"enemies":"Large Slime","floor":7,"turns":5},{"damage":18,"enemies":"Lagavulin","floor":8,"turns":6},{"damage":53,"enemies":"Gremlin Nob","floor":11,"turns":4}],"seed_played":"-8970372426209297015","potions_obtained":[{"floor":1,"key":"PowerPotion"},{"floor":4,"key":"Block Potion"}],"is_trial":false,"path_per_floor":["M","M","M","M","M","R","M","E","T","$","E"],"character_chosen":"IRONCLAD","items_purchased":["Good Instincts+1"],"campfire_rested":0,"item_purchase_floors":[10],"current_hp_per_floor":[68,63,62,62,54,54,53,41,41,41,0],"gold":26,"neow_bonus":"RANDOM_COLORLESS_2","is_prod":false,"is_daily":false,"chose_seed":false,"campfire_upgraded":1,"win_rate":0,"timestamp":1557875491,"path_taken":["M","M","M","M","M","R","M","E","T","$","E"],"build_version":"2019-01-23","purchased_purges":0,"victory":false,"max_hp_per_floor":[75,75,75,75,75,75,75,75,75,75,75],"card_choices":[{"not_picked":["Clothesline","Flex"],"picked":"Cleave","floor":1},{"not_picked":["Fire Breathing","True Grit"],"picked":"Uppercut","floor":2},{"not_picked":["Pommel Strike","Warcry"],"picked":"Shrug It Off","floor":3},{"not_picked":["Reckless Charge","Thunderclap"],"picked":"Uppercut","floor":4},{"not_picked":["Armaments","Seeing Red"],"picked":"Dropkick","floor":5},{"not_picked":["Thunderclap","Sword Boomerang"],"picked":"Battle Trance","floor":7},{"not_picked":["Armaments","Blood for Blood"],"picked":"Reaper","floor":8}],"player_experience":461006,"relics_obtained":[{"floor":8,"key":"Potion Belt"},{"floor":9,"key":"Toxic Egg 2"}],"event_choices":[],"is_beta":false,"boss_relics":[],"items_purged_floors":[],"is_endless":false,"potions_floor_spawned":[1,4],"killed_by":"Gremlin Nob","ascension_level":18}