{"gold_per_floor":[114,124,136,61,77,77,102,117,117,97,112,112,140,151,151,151],"floor_reached":16,"playtime":662,"items_purged":[],"score":217,"play_id":"3749217e-37f2-41f6-90ac-2a2f6067fc20","local_time":"20190522023154","is_ascension_mode":true,"campfire_choices":[{"data":"Cleave","floor":6,"key":"SMITH"},{"data":"Armaments","floor":12,"key":"SMITH"},{"data":"Bash","floor":15,"key":"SMITH"}],"neow_cost":"NONE","seed_source_timestamp":101521813498800,"circlet_count":0,"master_deck":["AscendersBane","Strike_R","Strike_R","Strike_R","Strike_R","Strike_R","Defend_R","Defend_R","Defend_R","Defend_R","Bash+1","Armaments+1","Cleave+1","Carnage","Inflame","Shrug It Off","Perfected Strike+1","Clothesline+1","Intimidate","Intimidate","Feed+1"],"relics":["Burning Blood","NeowsBlessing","Molten Egg 2","Peace Pipe","Question Card"],"potions_floor_usage":[5,13,16],"damage_taken":[{"damage":0,"enemies":"Small Slimes","floor":1,"turns":1},{"damage":0,"enemies":"Cultist","floor":2,"turns":1},{"damage":0,"enemies":"Jaw Worm","floor":3,"turns":1},{"damage":9,"enemies":"Lots of Slimes","floor":5,"turns":4},{"damage":32,"enemies":"Gremlin Nob","floor":7,"turns":4},{"damage":7,"enemies":"2 Fungi Beasts","floor":8,"turns":3},{"damage":13,"enemies":"Exordium Wildlife","floor":11,"turns":5},{"damage":17,"enemies":"Lagavulin","floor":13,"turns":8},{"damage":13,"enemies":"Blue Slaver","floor":14,"turns":3},{"damage":45,"enemies":"Slime Boss","floor":16,"turns":7}],"seed_played":"8587276544029568827","potions_obtained":[{"floor":1,"key":"Block Potion"},{"floor":7,"key":"Swift Potion"},{"floor":8,"key":"LiquidBronze"},{"floor":10,"key":"Regen Potion"}],"is_trial":false,"path_per_floor":["M","M","M","$","M","R","E","M","T","?","M","R","E","M","R","B"],"character_chosen":"IRONCLAD","items_purchased":["Inflame"],"campfire_rested":0,"item_purchase_floors":[4],"current_hp_per_floor":[74,75,75,75,72,72,46,45,45,45,38,38,42,35,35,0],"gold":151,"neow_bonus":"THREE_ENEMY_KILL","is_prod":false,"is_daily":false,"chose_seed":false,"campfire_upgraded":3,"win_rate":0,"timestamp":1558506714,"path_taken":["M","M","M","$","M","R","E","M","T","?","M","R","E","?","R","BOSS"],"build_version":"2019-01-23","purchased_purges":0,"victory":false,"max_hp_per_floor":[75,75,75,75,75,75,75,75,75,75,75,75,75,75,75,75],"card_choices":[{"not_picked":["Reckless Charge","Warcry"],"picked":"Armaments","floor":1},{"not_picked":["Metallicize","Bloodletting"],"picked":"Cleave","floor":2},{"not_picked":["Clash","Perfected Strike"],"picked":"Carnage","floor":3},{"not_picked":["Juggernaut","Infernal Blade"],"picked":"Shrug It Off","floor":5},{"not_picked":["Wild Strike","Havoc"],"picked":"Perfected Strike","floor":7},{"not_picked":["Clash+1","Combust"],"picked":"Clothesline+1","floor":8},{"not_picked":["Clash+1","Armaments"],"picked":"Intimidate","floor":11},{"not_picked":["Sword Boomerang+1","Flex"],"picked":"Intimidate","floor":13},{"not_picked":["Havoc","Evolve","Pommel Strike+1"],"picked":"Feed+1","floor":14}],"player_experience":469017,"relics_obtained":[{"floor":7,"key":"Molten Egg 2"},{"floor":9,"key":"Peace Pipe"},{"floor":13,"key":"Question Card"}],"event_choices":[{"damage_healed":0,"gold_gain":0,"player_choice":"Bought 1 Potion","damage_taken":0,"max_hp_gain":0,"max_hp_loss":0,"event_name":"The Woman in Blue","floor":10,"gold_loss":0}],"is_beta":false,"boss_relics":[],"items_purged_floors":[],"is_endless":false,"potions_floor_spawned":[1,7,8,11],"killed_by":"Slime Boss","ascension_level":18}