{"gold_per_floor":[112,37,37,37,50,85,85,95,149,173,191,246,2,33,33,110,110,128,128,128,128,152,152,152],"floor_reached":24,"playtime":784,"items_purged":[],"score":416,"play_id":"7d7ad89c-1162-48c6-97ba-39f2ab930e93","local_time":"20190508010249","is_ascension_mode":true,"campfire_choices":[{"data":"Cleave","floor":7,"key":"SMITH"},{"data":"Wild Strike","floor":15,"key":"SMITH"},{"floor":23,"key":"REST"}],"neow_cost":"NONE","seed_source_timestamp":329958751204700,"circlet_count":0,"master_deck":["AscendersBane","Strike_R","Strike_R+1","Strike_R","Strike_R","Defend_R","Defend_R","Defend_R","Defend_R","Bash+1","Clothesline","Cleave+1","Dropkick","Shrug It Off","Inflame","Wild Strike","Wild Strike+1","Offering","Warcry"],"relics":["Burning Blood","NeowsBlessing","Whetstone","Anchor","Odd Mushroom","Ice Cream","Medical Kit","Mango","Mark of Pain","Boot"],"potions_floor_usage":[12,12,14,16],"damage_taken":[{"damage":0,"enemies":"Cultist","floor":1,"turns":1},{"damage":0,"enemies":"Small Slimes","floor":5,"turns":1},{"damage":0,"enemies":"3 Sentries","floor":6,"turns":2},{"damage":0,"enemies":"2 Louse","floor":8,"turns":2},{"damage":16,"enemies":"The Mushroom Lair","floor":10,"turns":3},{"damage":8,"enemies":"Exordium Wildlife","floor":11,"turns":4},{"damage":13,"enemies":"3 Sentries","floor":12,"turns":7},{"damage":35,"enemies":"Lagavulin","floor":14,"turns":4},{"damage":38,"enemies":"Hexaghost","floor":16,"turns":9},{"damage":31,"enemies":"Spheric Guardian","floor":18,"turns":5},{"damage":23,"enemies":"Colosseum Slavers","floor":19,"turns":4},{"damage":62,"enemies":"Gremlin Leader","floor":24,"turns":7}],"seed_played":"1632782699636101414","potions_obtained":[{"floor":5,"key":"Dexterity Potion"},{"floor":11,"key":"Energy Potion"},{"floor":12,"key":"BloodPotion"},{"floor":14,"key":"Block Potion"},{"floor":18,"key":"SteroidPotion"}],"is_trial":false,"path_per_floor":["M","?","$","?","M","E","R","M","T","?","M","?","$","E","R","B",null,"M","?","$","?","T","R","E"],"character_chosen":"IRONCLAD","items_purchased":["Medical Kit","Wild Strike"],"campfire_rested":1,"item_purchase_floors":[13,13],"current_hp_per_floor":[74,74,74,79,80,80,80,80,80,70,68,61,61,54,54,22,76,51,34,34,34,34,62,0],"gold":152,"neow_bonus":"THREE_ENEMY_KILL","is_prod":false,"is_daily":false,"chose_seed":false,"campfire_upgraded":2,"win_rate":0,"timestamp":1557291769,"path_taken":["M","?","$","?","M","E","R","M","T","?","?","?","$","E","R","BOSS","M","?","$","?","?","R","E"],"build_version":"2019-01-23","purchased_purges":0,"victory":false,"max_hp_per_floor":[75,75,75,80,80,80,80,80,80,80,80,80,80,94,94,94,94,94,94,94,94,94,94,94],"card_choices":[{"not_picked":["Clash","Iron Wave"],"picked":"Clothesline","floor":1},{"not_picked":["Heavy Blade","Corruption","Wild Strike"],"picked":"SKIP","floor":5},{"not_picked":["Rupture","Clothesline"],"picked":"Cleave","floor":6},{"not_picked":["Intimidate","Body Slam"],"picked":"Dropkick","floor":8},{"not_picked":["Barricade","Sword Boomerang"],"picked":"Shrug It Off","floor":11},{"not_picked":["Havoc","Shockwave"],"picked":"Inflame","floor":12},{"not_picked":["Rupture","Cleave"],"picked":"Wild Strike","floor":14},{"not_picked":["Fiend Fire","Berserk"],"picked":"Offering","floor":16},{"not_picked":["Sword Boomerang","Perfected Strike"],"picked":"Warcry","floor":18}],"player_experience":426976,"relics_obtained":[{"floor":6,"key":"Whetstone"},{"floor":9,"key":"Anchor"},{"floor":10,"key":"Odd Mushroom"},{"floor":12,"key":"Ice Cream"},{"floor":14,"key":"Mango"},{"floor":22,"key":"Boot"}],"event_choices":[{"cards_removed":["Strike_R"],"damage_healed":0,"gold_gain":0,"player_choice":"Card Removal","damage_taken":0,"max_hp_gain":0,"max_hp_loss":0,"event_name":"The Cleric","floor":2,"gold_loss":75},{"damage_healed":0,"gold_gain":0,"player_choice":"Donut","damage_taken":0,"max_hp_gain":5,"max_hp_loss":0,"event_name":"Big Fish","floor":4,"gold_loss":0},{"damage_healed":0,"gold_gain":0,"player_choice":"Fought Mushrooms","damage_taken":0,"max_hp_gain":0,"max_hp_loss":0,"event_name":"Mushrooms","floor":10,"gold_loss":0},{"damage_healed":0,"gold_gain":0,"player_choice":"Searched \u00271\u0027 times","damage_taken":0,"max_hp_gain":0,"max_hp_loss":0,"event_name":"Dead Adventurer","floor":12,"gold_loss":0},{"damage_healed":0,"gold_gain":0,"player_choice":"Fight","damage_taken":0,"max_hp_gain":0,"max_hp_loss":0,"event_name":"Colosseum","floor":19,"gold_loss":0},{"damage_healed":0,"gold_gain":0,"player_choice":"Fled From Nobs","damage_taken":0,"max_hp_gain":0,"max_hp_loss":0,"event_name":"Colosseum","floor":19,"gold_loss":0},{"damage_healed":0,"gold_gain":0,"player_choice":"Ignored","damage_taken":0,"max_hp_gain":0,"max_hp_loss":0,"event_name":"Vampires","floor":21,"gold_loss":0}],"is_beta":false,"boss_relics":[{"not_picked":["Pandora\u0027s Box","Tiny House"],"picked":"Mark of Pain"}],"items_purged_floors":[],"is_endless":false,"potions_floor_spawned":[5,11,12,14,18],"killed_by":"Gremlin Leader","ascension_level":17}