{"gold_per_floor":[12,24,43,43,43,43,77,91,91,56,84,15,15,35,35,135,135,154,253,253,270,287,313,100,100,100,128,128,147,147,162,162,259,259,272,290,301,316,326,356,356,56,79,92,92,103,135,135,135,135],"floor_reached":51,"playtime":5317,"items_purged":["Strike_G"],"score":930,"play_id":"b2f6ea30-7ae5-49c9-85f3-b358d6cfc09a","local_time":"20190310153815","is_ascension_mode":true,"campfire_choices":[{"data":"Terror","floor":6,"key":"SMITH"},{"data":"Noxious Fumes","floor":15,"key":"SMITH"},{"floor":25,"key":"REST"},{"floor":30,"key":"REST"},{"data":"Well Laid Plans","floor":32,"key":"SMITH"},{"floor":41,"key":"DIG"},{"floor":45,"key":"DIG"},{"floor":49,"key":"REST"}],"neow_cost":"NO_GOLD","seed_source_timestamp":1900698142359537,"circlet_count":0,"master_deck":["Defend_G","Defend_G","Defend_G","Defend_G","Strike_G+1","Survivor+1","Neutralize+1","Backflip","Noxious Fumes+1","Terror+1","Backflip+1","Deadly Poison+1","Poisoned Stab","Footwork","Well Laid Plans+1","Corpse Explosion+1","Quick Slash+1","Backflip+1","Deflect+1","Acrobatics+1","Night Terror+1","Bullet Time+1","Dash","Adrenaline+1","PiercingWail+1","Noxious Fumes+1","Deadly Poison+1","Outmaneuver+1","Expertise+1","Heel Hook+1","Concentrate+1","Crippling Poison+1","Sucker Punch+1"],"relics":["Ring of the Snake","Tingsha","Oddly Smooth Stone","Toxic Egg 2","Whetstone","Bottled Flame","Sozu","Enchiridion","Pen Nib","Question Card","Blood Vial","Empty Cage","Shovel","Bag of Marbles","Unceasing Top","Regal Pillow","Kunai","Vajra"],"potions_floor_usage":[11,11,16,50],"damage_taken":[{"damage":4,"enemies":"Jaw Worm","floor":1,"turns":5},{"damage":0,"enemies":"2 Louse","floor":2,"turns":4},{"damage":4,"enemies":"Cultist","floor":3,"turns":4},{"damage":15,"enemies":"3 Sentries","floor":7,"turns":9},{"damage":0,"enemies":"2 Fungi Beasts","floor":8,"turns":3},{"damage":8,"enemies":"Gremlin Nob","floor":11,"turns":3},{"damage":0,"enemies":"Looter","floor":14,"turns":3},{"damage":4,"enemies":"Hexaghost","floor":16,"turns":7},{"damage":2,"enemies":"Chosen","floor":18,"turns":4},{"damage":0,"enemies":"Spheric Guardian","floor":21,"turns":5},{"damage":0,"enemies":"Centurion and Healer","floor":22,"turns":3},{"damage":22,"enemies":"Slavers","floor":23,"turns":4},{"damage":0,"enemies":"Book of Stabbing","floor":27,"turns":5},{"damage":18,"enemies":"Snecko","floor":29,"turns":4},{"damage":1,"enemies":"Shelled Parasite and Fungi","floor":31,"turns":5},{"damage":1,"enemies":"Champ","floor":33,"turns":10},{"damage":0,"enemies":"Orb Walker","floor":35,"turns":3},{"damage":2,"enemies":"3 Shapes","floor":36,"turns":4},{"damage":9,"enemies":"Spire Growth","floor":37,"turns":6},{"damage":6,"enemies":"3 Darklings","floor":38,"turns":5},{"damage":2,"enemies":"Jaw Worm Horde","floor":39,"turns":3},{"damage":13,"enemies":"Nemesis","floor":40,"turns":7},{"damage":0,"enemies":"Transient","floor":44,"turns":5},{"damage":0,"enemies":"Spire Growth","floor":46,"turns":4},{"damage":11,"enemies":"Giant Head","floor":47,"turns":8},{"damage":0,"enemies":"Awakened One","floor":50,"turns":14}],"seed_played":"-8956684438863775008","potions_obtained":[{"floor":2,"key":"SneckoOil"},{"floor":7,"key":"Poison Potion"},{"floor":8,"key":"Dexterity Potion"},{"floor":14,"key":"Strength Potion"}],"is_trial":false,"path_per_floor":["M","M","M","?","?","R","E","M","T","?","E","$","?","M","R","B",null,"M","?","?","M","M","E","$","R","T","E","?","M","R","M","R","B",null,"M","M","M","M","M","E","R","$","T","M","R","M","E","?","R","B",null],"character_chosen":"THE_SILENT","items_purchased":["Footwork","Night Terror+1","Unceasing Top"],"campfire_rested":3,"item_purchase_floors":[12,24,42],"current_hp_per_floor":[66,66,62,48,41,41,26,26,26,43,35,35,35,35,35,31,70,68,68,52,52,52,30,30,51,51,51,51,35,56,57,57,58,70,70,68,61,57,57,46,46,46,46,48,48,50,41,41,70,70],"gold":135,"neow_bonus":"ONE_RARE_RELIC","is_prod":false,"is_daily":false,"chose_seed":false,"campfire_upgraded":3,"win_rate":0,"timestamp":1552221495,"path_taken":["M","M","M","?","?","R","E","M","T","?","E","$","?","M","R","BOSS","M","?","?","M","M","E","$","R","T","E","?","M","R","M","R","BOSS","M","M","M","M","?","E","R","$","T","M","R","M","E","?","R","BOSS"],"build_version":"2019-01-23","purchased_purges":1,"victory":true,"max_hp_per_floor":[70,70,70,70,70,70,70,70,70,70,70,70,70,70,70,70,70,70,70,70,70,70,70,70,70,70,70,70,70,70,70,70,70,70,70,70,70,70,70,70,70,70,70,70,70,70,70,70,70,70],"card_choices":[{"not_picked":["Acrobatics","Dodge and Roll"],"picked":"Backflip","floor":1},{"not_picked":["Blur","Calculated Gamble"],"picked":"Noxious Fumes","floor":2},{"not_picked":["Deflect","Prepared"],"picked":"Terror","floor":3},{"not_picked":["Dagger Spray","Distraction"],"picked":"Backflip","floor":7},{"not_picked":["Acrobatics+1","Quick Slash"],"picked":"Deadly Poison+1","floor":8},{"not_picked":["Unload","Underhanded Strike"],"picked":"Poisoned Stab","floor":11},{"not_picked":["Setup+1","Quick Slash"],"picked":"Well Laid Plans","floor":14},{"not_picked":["Doppelganger+1","Unload"],"picked":"Corpse Explosion+1","floor":16},{"not_picked":["Finisher+1","Riddle With Holes"],"picked":"Quick Slash+1","floor":18},{"not_picked":["Sucker Punch","Poisoned Stab"],"picked":"Backflip+1","floor":21},{"not_picked":["All Out Attack+1","Eviscerate"],"picked":"Deflect+1","floor":22},{"not_picked":["Masterful Stab","Blade Dance+1"],"picked":"Acrobatics+1","floor":23},{"not_picked":["Flying Knee+1","Tactician+1","Prepared+1"],"picked":"Bullet Time+1","floor":27},{"not_picked":["Sucker Punch+1","Terror+1","Flying Knee"],"picked":"Dash","floor":29},{"not_picked":["Bane","Accuracy","Acrobatics+1","Backstab"],"picked":"SKIP","floor":31},{"not_picked":["Storm of Steel+1","A Thousand Cuts","Envenom"],"picked":"Adrenaline+1","floor":33},{"not_picked":["Well Laid Plans+1","All Out Attack","Prepared+1"],"picked":"PiercingWail+1","floor":35},{"not_picked":["Prepared+1","Well Laid Plans","Dagger Spray"],"picked":"Noxious Fumes+1","floor":36},{"not_picked":["Deflect+1","Slice","Dodge and Roll+1"],"picked":"Deadly Poison+1","floor":37},{"not_picked":["Escape Plan+1","Sucker Punch+1","Envenom"],"picked":"Outmaneuver+1","floor":38},{"not_picked":["Bane","Cloak And Dagger+1","Deflect+1"],"picked":"Expertise+1","floor":39},{"not_picked":["Predator","All Out Attack+1","Sucker Punch"],"picked":"Heel Hook+1","floor":40},{"not_picked":["Corpse Explosion+1","Prepared+1","Deadly Poison+1"],"picked":"Concentrate+1","floor":44},{"not_picked":["Backflip+1","Dagger Throw","Finisher+1"],"picked":"Crippling Poison+1","floor":46},{"not_picked":["Finisher","Blade Dance+1","Noxious Fumes+1"],"picked":"Sucker Punch+1","floor":47}],"player_experience":286842,"relics_obtained":[{"floor":7,"key":"Toxic Egg 2"},{"floor":9,"key":"Whetstone"},{"floor":11,"key":"Bottled Flame"},{"floor":20,"key":"Enchiridion"},{"floor":23,"key":"Pen Nib"},{"floor":26,"key":"Question Card"},{"floor":27,"key":"Blood Vial"},{"floor":40,"key":"Shovel"},{"floor":41,"key":"Bag of Marbles"},{"floor":43,"key":"Regal Pillow"},{"floor":45,"key":"Kunai"},{"floor":47,"key":"Vajra"}],"event_choices":[{"damage_healed":0,"gold_gain":0,"player_choice":"Entered Light","damage_taken":14,"max_hp_gain":0,"max_hp_loss":0,"event_name":"Shining Light","floor":4,"gold_loss":0,"cards_upgraded":["Survivor","Strike_G"]},{"damage_healed":0,"gold_gain":0,"player_choice":"Success","damage_taken":7,"relics_obtained":["Oddly Smooth Stone"],"max_hp_gain":0,"max_hp_loss":0,"event_name":"Scrap Ooze","floor":5,"gold_loss":0},{"damage_healed":17,"gold_gain":0,"player_choice":"Healed","damage_taken":0,"max_hp_gain":0,"max_hp_loss":0,"event_name":"The Cleric","floor":10,"gold_loss":35},{"cards_removed":["Strike_G"],"damage_healed":0,"gold_gain":0,"player_choice":"Card Removal","damage_taken":0,"max_hp_gain":0,"max_hp_loss":0,"event_name":"Wheel of Change","floor":13,"gold_loss":0},{"damage_healed":0,"gold_gain":99,"player_choice":"Stole From Cult","damage_taken":0,"max_hp_gain":0,"max_hp_loss":0,"event_name":"Nest","floor":19,"gold_loss":0},{"damage_healed":0,"gold_gain":0,"player_choice":"Obtained Book","damage_taken":16,"max_hp_gain":0,"max_hp_loss":0,"event_name":"Cursed Tome","floor":20,"gold_loss":0},{"damage_healed":0,"gold_gain":0,"player_choice":"Leave","damage_taken":0,"max_hp_gain":0,"max_hp_loss":0,"event_name":"FaceTrader","floor":28,"gold_loss":0},{"cards_removed":["Strike_G"],"damage_healed":0,"gold_gain":0,"player_choice":"Purged","damage_taken":0,"max_hp_gain":0,"max_hp_loss":0,"event_name":"Purifier","floor":48,"gold_loss":0}],"is_beta":false,"boss_relics":[{"not_picked":["Astrolabe","Velvet Choker"],"picked":"Sozu"},{"not_picked":["Lizard Tail","Tiny House"],"picked":"Empty Cage"}],"items_purged_floors":[24],"is_endless":false,"potions_floor_spawned":[2,7,8,14,22,29,33,35,39,40,44,47],"ascension_level":3}