{"gold_per_floor":[109,184,197,207,218,218,244,244,268,268,286,211,230,291,291,368,368,378,303,218,237,251,278,278],"floor_reached":24,"playtime":1716,"items_purged":[],"score":468,"play_id":"dc0c222e-1405-4ed5-a1df-23ca7c23652a","local_time":"20190516104055","is_ascension_mode":true,"campfire_choices":[{"data":"Bouncing Flask","floor":6.0,"key":"SMITH"},{"data":"Neutralize","floor":8.0,"key":"SMITH"},{"floor":10.0,"key":"REST"},{"data":"Survivor","floor":15,"key":"SMITH"}],"neow_cost":"NONE","seed_source_timestamp":54798882103819,"circlet_count":0,"master_deck":["AscendersBane","Defend_G","Defend_G","Defend_G","Defend_G","Defend_G","Strike_G","Strike_G","Strike_G","Survivor+1","Neutralize+1","Calculated Gamble","Bouncing Flask+1","Endless Agony","Backstab","PiercingWail","Adrenaline","Escape Plan","Deflect","Escape Plan","Acrobatics"],"special_seed":0,"relics":["Ring of the Serpent","Lantern","PreservedInsect","Tiny Chest","Happy Flower","Bag of Preparation"],"potions_floor_usage":[23,23,24],"damage_taken":[{"damage":0.0,"enemies":"Small Slimes","floor":1.0,"turns":5.0},{"damage":0.0,"enemies":"2 Louse","floor":3.0,"turns":4.0},{"damage":4.0,"enemies":"Jaw Worm","floor":4.0,"turns":3.0},{"damage":5.0,"enemies":"Blue Slaver","floor":5.0,"turns":4.0},{"damage":16.0,"enemies":"Lagavulin","floor":7.0,"turns":6.0},{"damage":1.0,"enemies":"3 Louse","floor":11.0,"turns":4.0},{"damage":5.0,"enemies":"Exordium Wildlife","floor":13.0,"turns":4.0},{"damage":0,"enemies":"Gremlin Nob","floor":14,"turns":3},{"damage":13,"enemies":"The Guardian","floor":16,"turns":12},{"damage":1,"enemies":"Spheric Guardian","floor":18,"turns":4},{"damage":4,"enemies":"Chosen","floor":21,"turns":4},{"damage":4,"enemies":"Centurion and Healer","floor":22,"turns":8},{"damage":20,"enemies":"Slavers","floor":23,"turns":5},{"damage":34,"enemies":"Cultist and Chosen","floor":24,"turns":7}],"seed_played":"-6351225392129317004","potions_obtained":[{"floor":4.0,"key":"LiquidBronze"},{"floor":5.0,"key":"Swift Potion"},{"floor":13.0,"key":"Fire Potion"},{"floor":23,"key":"Swift Potion"}],"is_trial":false,"path_per_floor":["M","?","M","M","M","R","E","R","T","R","M","?","M","E","R","B",null,"M","?","?","M","M","E","M"],"character_chosen":"THE_SILENT","items_purchased":[],"campfire_rested":1,"item_purchase_floors":[],"current_hp_per_floor":[65,54,54,50,45,45,29,29,29,50,49,49,44,44,44,31,62,61,61,61,57,53,33,0],"gold":278,"neow_bonus":"TEN_PERCENT_HP_BONUS","is_prod":false,"is_daily":false,"chose_seed":false,"campfire_upgraded":3,"win_rate":0,"timestamp":1557996055,"path_taken":["M","?","M","M","M","R","E","R","T","R","M","?","M","E","R","BOSS","M","?","?","?","M","E","M"],"build_version":"2019-01-23","purchased_purges":0,"victory":false,"max_hp_per_floor":[72,72,72,72,72,72,72,72,72,72,72,72,72,72,72,72,72,72,72,72,72,72,72,72],"card_choices":[{"not_picked":["Sucker Punch","Cloak And Dagger"],"picked":"Calculated Gamble","floor":1.0},{"not_picked":["Accuracy","Flying Knee"],"picked":"Bouncing Flask","floor":3.0},{"not_picked":["Cloak And Dagger","Flying Knee"],"picked":"Endless Agony","floor":4.0},{"not_picked":["Reflex","Backflip"],"picked":"Backstab","floor":5.0},{"not_picked":["Masterful Stab","Backflip"],"picked":"PiercingWail","floor":7.0},{"not_picked":["Tools of the Trade","Dagger Throw","Outmaneuver"],"picked":"SKIP","floor":11.0},{"not_picked":["Flying Knee","Acrobatics","Heel Hook"],"picked":"SKIP","floor":13.0},{"not_picked":["Flying Knee","Outmaneuver","Bane"],"picked":"SKIP","floor":14},{"not_picked":["Bullet Time","Night Terror"],"picked":"Adrenaline","floor":16},{"not_picked":["Outmaneuver","Backflip"],"picked":"Escape Plan","floor":18},{"not_picked":["Quick Slash+1","Acrobatics"],"picked":"Deflect","floor":21},{"not_picked":["Dagger Throw","Bane"],"picked":"Escape Plan","floor":22},{"not_picked":["Blade Dance+1","Deflect"],"picked":"Acrobatics","floor":23}],"player_experience":643328,"relics_obtained":[{"floor":7.0,"key":"Lantern"},{"floor":9.0,"key":"PreservedInsect"},{"floor":14,"key":"Tiny Chest"},{"floor":23,"key":"Bag of Preparation"}],"event_choices":[{"damage_healed":0.0,"max_hp_gain":0.0,"max_hp_loss":0.0,"gold_gain":75.0,"event_name":"World of Goop","player_choice":"Gather Gold","floor":2.0,"gold_loss":0.0,"damage_taken":11.0},{"cards_removed":["Strike_G"],"damage_healed":0.0,"max_hp_gain":0.0,"max_hp_loss":0.0,"gold_gain":0.0,"event_name":"The Cleric","player_choice":"Card Removal","floor":12.0,"gold_loss":75.0,"damage_taken":0.0},{"cards_removed":["Strike_G"],"damage_healed":0,"gold_gain":0,"player_choice":"Gave Gold","damage_taken":0,"max_hp_gain":0,"max_hp_loss":0,"event_name":"Beggar","floor":19,"gold_loss":75},{"damage_healed":0,"gold_gain":0,"player_choice":"Obtained Relic","damage_taken":0,"relics_obtained":["Happy Flower"],"max_hp_gain":0,"max_hp_loss":0,"event_name":"Addict","floor":20,"gold_loss":85}],"is_beta":false,"boss_relics":[{"not_picked":["Pandora\u0027s Box","Coffee Dripper"],"picked":"Ring of the Serpent"}],"items_purged_floors":[],"is_endless":false,"potions_floor_spawned":[4,5,13,14,21,22,23],"killed_by":"Cultist and Chosen","ascension_level":17}