{"gold_per_floor":[211,286,306,320,335,187,202,277,277,277,294,294,321,339,339,439,439,439],"floor_reached":18,"playtime":1199,"items_purged":["Strike_R"],"score":238,"play_id":"964e6999-99e3-4a53-8823-dce54de4a474","local_time":"20190210090133","is_ascension_mode":true,"campfire_choices":[{"floor":10.0,"key":"REST"},{"floor":12.0,"key":"REST"},{"floor":15.0,"key":"REST"}],"neow_cost":"NONE","seed_source_timestamp":655300703900,"circlet_count":0,"master_deck":["Strike_R","Strike_R","Strike_R","Strike_R","Defend_R","Defend_R","Defend_R","Defend_R","Bash","Anger","Battle Trance","Whirlwind","Pommel Strike","Feed"],"special_seed":0,"relics":["Black Blood","Ginger","Singing Bowl"],"potions_floor_usage":[18],"damage_taken":[{"damage":8.0,"enemies":"Jaw Worm","floor":1.0,"turns":6.0},{"damage":1.0,"enemies":"Cultist","floor":3.0,"turns":3.0},{"damage":5.0,"enemies":"2 Louse","floor":4.0,"turns":3.0},{"damage":2.0,"enemies":"Looter","floor":5.0,"turns":4.0},{"damage":40.0,"enemies":"Gremlin Gang","floor":7.0,"turns":6.0},{"damage":0.0,"enemies":"Lots of Slimes","floor":11.0,"turns":1.0},{"damage":35.0,"enemies":"3 Sentries","floor":13.0,"turns":6.0},{"damage":11.0,"enemies":"Looter","floor":14.0,"turns":4.0},{"damage":66.0,"enemies":"The Guardian","floor":16.0,"turns":18.0},{"damage":70,"enemies":"Shell Parasite","floor":18,"turns":7}],"seed_played":"-4124755080638291691","potions_obtained":[{"floor":4.0,"key":"Ancient Potion"},{"floor":7.0,"key":"Weak Potion"},{"floor":11.0,"key":"Explosive Potion"},{"floor":14.0,"key":"LiquidBronze"}],"is_trial":false,"path_per_floor":["M","?","M","M","M","$","M","?","T","R","M","R","E","M","R","B",null,"M"],"character_chosen":"IRONCLAD","items_purchased":["Whirlwind"],"campfire_rested":3,"item_purchase_floors":[6],"current_hp_per_floor":[70,62,67,68,72,72,38,27,27,51,57,80,53,48,72,12,65,0],"gold":439,"neow_bonus":"HUNDRED_GOLD","is_prod":false,"is_daily":false,"chose_seed":false,"campfire_upgraded":0,"win_rate":0,"timestamp":1549807293,"path_taken":["M","?","M","?","M","$","M","?","T","R","M","R","E","M","R","BOSS","M"],"build_version":"2019-01-23","purchased_purges":1,"victory":false,"max_hp_per_floor":[80,80,80,80,80,80,80,80,80,80,80,80,82,82,82,82,82,82],"card_choices":[{"not_picked":["Thunderclap","Seeing Red"],"picked":"Anger","floor":1.0},{"not_picked":["Bloodletting","Corruption"],"picked":"Battle Trance","floor":3.0},{"not_picked":["Flex","Searing Blow","Clash"],"picked":"SKIP","floor":4.0},{"not_picked":["Heavy Blade","Iron Wave","Entrench"],"picked":"SKIP","floor":5.0},{"not_picked":["Iron Wave","Body Slam","Wild Strike"],"picked":"SKIP","floor":7.0},{"not_picked":["Clash","Sever Soul","Entrench"],"picked":"SKIP","floor":11.0},{"not_picked":["Brutality","Flex","Body Slam"],"picked":"Singing Bowl","floor":13.0},{"not_picked":["Blood for Blood","Intimidate"],"picked":"Pommel Strike","floor":14.0},{"not_picked":["Exhume","Barricade"],"picked":"Feed","floor":16.0}],"player_experience":862038,"relics_obtained":[{"floor":9.0,"key":"Ginger"},{"floor":13.0,"key":"Singing Bowl"}],"event_choices":[{"damage_healed":0.0,"max_hp_gain":0.0,"max_hp_loss":0.0,"gold_gain":75.0,"event_name":"FaceTrader","player_choice":"Touch","floor":2.0,"gold_loss":0.0,"damage_taken":8.0},{"damage_healed":0.0,"max_hp_gain":0.0,"max_hp_loss":0.0,"gold_gain":75.0,"event_name":"World of Goop","player_choice":"Gather Gold","floor":8.0,"gold_loss":0.0,"damage_taken":11.0}],"is_beta":false,"boss_relics":[{"not_picked":["Calling Bell","Eternal Feather"],"picked":"Black Blood"}],"items_purged_floors":[6],"is_endless":false,"potions_floor_spawned":[4,7,11,14],"killed_by":"Shell Parasite","ascension_level":9}