{"gold_per_floor":[115,190,190,201,217,251,251,251,276,276,292,305,316,331,331,409,409,423,423,435,454,474,474,490,490,490,490],"floor_reached":27,"playtime":1080,"items_purged":[],"score":427,"play_id":"98e664b7-a197-4576-9e9e-30802fa1f0d8","local_time":"20190615131436","is_ascension_mode":true,"campfire_choices":[{"floor":7,"key":"REST"},{"data":"Buffer","floor":10,"key":"SMITH"},{"floor":15,"key":"REST"},{"floor":23,"key":"REST"},{"floor":25,"key":"REST"}],"neow_cost":"NONE","seed_source_timestamp":206531027618081,"circlet_count":0,"master_deck":["AscendersBane","Strike_B","Strike_B","Strike_B","Strike_B","Defend_B","Zap","Dualcast","Blizzard","Gash","Glacier","Buffer+1","Reinforced Body","Genetic Algorithm","Go for the Eyes","Reinforced Body","Rainbow","Melter","FTL","Loop"],"relics":["Cracked Core","NeowsBlessing","Anchor","Letter Opener","PreservedInsect","Empty Cage","Singing Bowl"],"potions_floor_usage":[6,16,21,22,24],"damage_taken":[{"damage":0,"enemies":"2 Louse","floor":1,"turns":1},{"damage":0,"enemies":"Jaw Worm","floor":4,"turns":1},{"damage":0,"enemies":"Cultist","floor":5,"turns":1},{"damage":43,"enemies":"Gremlin Nob","floor":6,"turns":6},{"damage":0,"enemies":"Looter","floor":11,"turns":3},{"damage":0,"enemies":"Red Slaver","floor":12,"turns":3},{"damage":4,"enemies":"Exordium Wildlife","floor":13,"turns":7},{"damage":9,"enemies":"Large Slime","floor":14,"turns":8},{"damage":18,"enemies":"The Guardian","floor":16,"turns":20},{"damage":5,"enemies":"Chosen","floor":18,"turns":9},{"damage":0,"enemies":"Spheric Guardian","floor":20,"turns":3},{"damage":19,"enemies":"Shelled Parasite and Fungi","floor":21,"turns":10},{"damage":0,"enemies":"Snecko","floor":22,"turns":7},{"damage":29,"enemies":"Cultist and Chosen","floor":24,"turns":9},{"damage":38,"enemies":"3 Cultists","floor":27,"turns":4}],"seed_played":"297979390456318257","potions_obtained":[{"floor":4,"key":"Explosive Potion"},{"floor":12,"key":"Weak Potion"},{"floor":13,"key":"Explosive Potion"},{"floor":16,"key":"Explosive Potion"},{"floor":21,"key":"Block Potion"},{"floor":22,"key":"FocusPotion"}],"is_trial":false,"path_per_floor":["M","?","?","M","M","E","R","?","T","R","M","M","M","M","R","B",null,"M","?","M","M","M","R","M","R","T","M"],"character_chosen":"DEFECT","items_purchased":[],"campfire_rested":4,"item_purchase_floors":[],"current_hp_per_floor":[64,53,46,46,46,3,24,19,19,19,19,19,15,6,27,9,56,51,44,44,25,25,46,17,38,38,0],"gold":490,"neow_bonus":"THREE_ENEMY_KILL","is_prod":false,"is_daily":false,"chose_seed":false,"campfire_upgraded":1,"win_rate":0,"timestamp":1560575676,"path_taken":["M","?","?","M","M","E","R","?","T","R","?","M","M","M","R","BOSS","M","?","?","M","M","R","M","R","T","M"],"build_version":"2019-01-23","purchased_purges":0,"victory":false,"max_hp_per_floor":[71,71,71,71,71,71,71,71,71,71,71,71,71,71,71,71,71,71,71,71,71,71,71,71,71,71,71],"card_choices":[{"not_picked":["Leap","Reprogram"],"picked":"Blizzard","floor":1},{"not_picked":["Ball Lightning","Streamline"],"picked":"Gash","floor":4},{"not_picked":["Streamline","Auto Shields"],"picked":"Glacier","floor":5},{"not_picked":["Barrage","Go for the Eyes"],"picked":"Buffer","floor":6},{"not_picked":["Ball Lightning","Loop"],"picked":"Reinforced Body","floor":11},{"not_picked":["Turbo","Steam"],"picked":"Genetic Algorithm","floor":12},{"not_picked":["Redo","Steam Power"],"picked":"Go for the Eyes","floor":13},{"not_picked":["Beam Cell","Streamline"],"picked":"Reinforced Body","floor":14},{"not_picked":["Reboot","Creative AI"],"picked":"Rainbow","floor":16},{"not_picked":["Conserve Battery+1","Barrage"],"picked":"Melter","floor":18},{"not_picked":["Rip and Tear","Sweeping Beam","Rebound"],"picked":"SKIP","floor":20},{"not_picked":["Ball Lightning","Meteor Strike"],"picked":"FTL","floor":21},{"not_picked":["Steam+1","Streamline","BootSequence"],"picked":"SKIP","floor":22},{"not_picked":["Auto Shields+1","Compile Driver"],"picked":"Loop","floor":24}],"player_experience":693703,"relics_obtained":[{"floor":6,"key":"Anchor"},{"floor":9,"key":"PreservedInsect"},{"floor":26,"key":"Singing Bowl"}],"event_choices":[{"damage_healed":0,"gold_gain":75,"player_choice":"Gather Gold","damage_taken":11,"max_hp_gain":0,"max_hp_loss":0,"event_name":"World of Goop","floor":2,"gold_loss":0},{"cards_removed":["Defend_B"],"damage_healed":0,"gold_gain":0,"player_choice":"Card Removal","damage_taken":7,"max_hp_gain":0,"max_hp_loss":0,"event_name":"Golden Wing","floor":3,"gold_loss":0},{"damage_healed":0,"gold_gain":0,"player_choice":"Success","damage_taken":5,"relics_obtained":["Letter Opener"],"max_hp_gain":0,"max_hp_loss":0,"event_name":"Scrap Ooze","floor":8,"gold_loss":0},{"damage_healed":0,"gold_gain":0,"player_choice":"","damage_taken":7,"max_hp_gain":0,"max_hp_loss":0,"event_name":"Knowing Skull","floor":19,"potions_obtained":[],"gold_loss":0,"cards_obtained":[]}],"is_beta":false,"boss_relics":[{"not_picked":["Orrery","Philosopher\u0027s Stone"],"picked":"Empty Cage"}],"items_purged_floors":[],"is_endless":false,"potions_floor_spawned":[4,12,13,16,18,20,21,22],"killed_by":"3 Cultists","ascension_level":19}