{"gold_per_floor":[16,16,40,51,67,100,100,135,135,60,100,100,136,159,159,287,325,346,366,346,5,28,28,66,66,66,85,85,119,137,153,153,153],"floor_reached":33,"playtime":6973,"items_purged":["Injury","Strike_G"],"score":365,"play_id":"211a58ea-fa3c-40a4-bd1d-882953b01f54","local_time":"20180720080518","is_ascension_mode":false,"campfire_choices":[{"floor":12.0,"key":"REST"},{"floor":15.0,"key":"DIG"},{"floor":23,"key":"REST"},{"floor":25,"key":"DIG"},{"floor":32,"key":"DIG"}],"neow_cost":"NO_GOLD","seed_source_timestamp":0,"circlet_count":0,"master_deck":["Defend_G","Defend_G","Defend_G","Defend_G","Defend_G","Strike_G","Strike_G","Strike_G","Survivor","Neutralize+1","Infinite Blades","Prepared","Backstab","Dagger Throw","Unload","Heel Hook","Outmaneuver","Corpse Explosion","A Thousand Cuts","Dagger Throw","Reflex+1","Noxious Fumes+1","Dagger Throw","Prepared","Bouncing Flask","Bane","Backstab","Outmaneuver+1","Adrenaline","Reflex"],"special_seed":17732,"relics":["Ring of the Snake","Tingsha","Regal Pillow","Vajra","Golden Idol","Shovel","Ornamental Fan","Happy Flower","Shuriken","Centennial Puzzle","Tiny House","Anchor","Pear","Lantern","Ninja Scroll","Darkstone Periapt","Pantograph","Unceasing Top"],"potions_floor_usage":[24,24,29,33,33],"damage_taken":[{"damage":0.0,"enemies":"Small Slimes","floor":1.0,"turns":5.0},{"damage":0.0,"enemies":"Cultist","floor":4.0,"turns":4.0},{"damage":0.0,"enemies":"Jaw Worm","floor":5.0,"turns":3.0},{"damage":30.0,"enemies":"Gremlin Nob","floor":6.0,"turns":5.0},{"damage":7.0,"enemies":"3 Sentries","floor":8.0,"turns":8.0},{"damage":9.0,"enemies":"Lagavulin","floor":11.0,"turns":5.0},{"damage":0.0,"enemies":"3 Sentries","floor":13.0,"turns":6.0},{"damage":0.0,"enemies":"Gremlin Gang","floor":14.0,"turns":3.0},{"damage":15.0,"enemies":"The Guardian","floor":16.0,"turns":9.0},{"damage":10.0,"enemies":"Spheric Guardian","floor":18.0,"turns":3.0},{"damage":16.0,"enemies":"2 Thieves","floor":19.0,"turns":2.0},{"damage":13,"enemies":"3 Cultists","floor":22,"turns":4},{"damage":9,"enemies":"Book of Stabbing","floor":24,"turns":5},{"damage":9,"enemies":"Snake Plant","floor":27,"turns":3},{"damage":22,"enemies":"Gremlin Leader","floor":29,"turns":5},{"damage":0,"enemies":"Slaver and Parasite","floor":30,"turns":3},{"damage":0,"enemies":"Centurion and Healer","floor":31,"turns":3},{"damage":87,"enemies":"Champ","floor":33,"turns":8}],"seed_played":"-1497029972376068251","potions_obtained":[{"floor":1.0,"key":"Block Potion"},{"floor":6.0,"key":"EssenceOfSteel"},{"floor":13.0,"key":"Weak Potion"},{"floor":14.0,"key":"Ancient Potion"},{"floor":16.0,"key":"EssenceOfSteel"},{"floor":17.0,"key":"Weak Potion"},{"floor":20,"key":"Weak Potion"},{"floor":29,"key":"PowerPotion"},{"floor":30,"key":"Fire Potion"}],"is_trial":false,"path_per_floor":["M","?","T","M","M","E","?","E","T","$","E","R","E","M","R","B",null,"M","M","?","$","M","R","E","R","T","M","?","E","M","M","R"],"character_chosen":"THE_SILENT","items_purchased":["Dagger Throw","Anchor","Prepared"],"campfire_rested":2,"item_purchase_floors":[21,21,21],"current_hp_per_floor":[70,70,70,70,70,40,40,33,33,33,24,60,60,60,60,45,75,65,49,49,49,36,73,74,74,74,65,65,43,43,43,43,0],"gold":153,"neow_bonus":"ONE_RARE_RELIC","is_prod":false,"is_daily":false,"chose_seed":false,"campfire_upgraded":0,"win_rate":0,"timestamp":1532088318,"path_taken":["M","?","?","?","M","E","?","E","T","$","E","R","E","M","R","BOSS","M","M","?","$","M","R","E","R","T","M","?","E","M","M","R","BOSS"],"build_version":"2018-07-19v2","purchased_purges":2,"victory":false,"max_hp_per_floor":[70,70,70,70,70,70,70,70,70,70,70,70,70,70,70,70,75,75,75,75,75,75,75,85,85,85,85,85,85,85,85,85,85],"card_choices":[{"not_picked":["Blade Dance","Backflip"],"picked":"Infinite Blades","floor":1.0},{"not_picked":["Slice","Dodge and Roll"],"picked":"Prepared","floor":4.0},{"not_picked":["PiercingWail","Sucker Punch"],"picked":"Backstab","floor":5.0},{"not_picked":["Blade Dance","PiercingWail"],"picked":"Dagger Throw","floor":6.0},{"not_picked":["Well Laid Plans","Slice"],"picked":"Unload","floor":8.0},{"not_picked":["Bane","Backflip"],"picked":"Heel Hook","floor":11.0},{"not_picked":["Deadly Poison","Dagger Spray"],"picked":"Outmaneuver","floor":13.0},{"not_picked":["Leg Sweep","Bouncing Flask"],"picked":"Corpse Explosion","floor":14.0},{"not_picked":["Bullet Time","Tactician"],"picked":"A Thousand Cuts","floor":16.0},{"not_picked":["Flying Knee","Dagger Spray"],"picked":"Dagger Throw","floor":17.0},{"not_picked":["Calculated Gamble+1","Escape Plan"],"picked":"Reflex+1","floor":18.0},{"not_picked":["All Out Attack","Distraction+1"],"picked":"Noxious Fumes+1","floor":19},{"not_picked":["Flechettes","Calculated Gamble"],"picked":"Bouncing Flask","floor":22},{"not_picked":["Backflip","Blade Dance"],"picked":"Bane","floor":24},{"not_picked":["Predator+1","Slice"],"picked":"Backstab","floor":27},{"not_picked":["Well Laid Plans","Leg Sweep"],"picked":"Outmaneuver+1","floor":29},{"not_picked":["Backflip","Finisher"],"picked":"Adrenaline","floor":30},{"not_picked":["Quick Slash+1","Dodge and Roll+1"],"picked":"Reflex","floor":31}],"player_experience":175726,"relics_obtained":[{"floor":3.0,"key":"Regal Pillow"},{"floor":6.0,"key":"Vajra"},{"floor":8.0,"key":"Shovel"},{"floor":9.0,"key":"Ornamental Fan"},{"floor":11.0,"key":"Happy Flower"},{"floor":13.0,"key":"Shuriken"},{"floor":15.0,"key":"Centennial Puzzle"},{"floor":24,"key":"Pear"},{"floor":25,"key":"Lantern"},{"floor":26,"key":"Ninja Scroll"},{"floor":29,"key":"Pantograph"},{"floor":32,"key":"Unceasing Top"}],"event_choices":[{"event_name":"Purifier","player_choice":"One Purge","floor":2.0,"damage_taken":0.0},{"event_name":"Golden Idol","player_choice":"Take Wound","floor":7.0,"damage_taken":0.0},{"event_name":"The Woman in Blue","player_choice":"Bought 1 Potion","floor":20,"damage_taken":0},{"event_name":"The Mausoleum","player_choice":"Yes","floor":28,"damage_taken":0}],"is_beta":false,"boss_relics":[{"not_picked":["Cursed Key","Snecko Eye"],"picked":"Tiny House"}],"items_purged_floors":[10,21],"is_endless":false,"potions_floor_spawned":[1,6,13,14,16,18,22,29,30],"killed_by":"Champ","ascension_level":0}