{"gold_per_floor":[119,21,41,41,41,41,73,87,87,87,120,45,62,87,87,190,190,200,200,148,162,5,5,36,36,36,63,81,81,81,107,107,208,208,221,221,0,18,30,58,77,77,132,163,163,173,183,183,183,183,183,183,21,54,54],"floor_reached":55,"playtime":2972,"items_purged":["Strike_B"],"score":1051,"play_id":"64196dff-f8af-43bd-8e9a-576e1c3725eb","local_time":"20190607211640","is_ascension_mode":true,"campfire_choices":[{"data":"Dualcast","floor":6,"key":"SMITH"},{"data":"Blind","floor":10,"key":"SMITH"},{"floor":15,"key":"REST"},{"data":"Hologram","floor":23,"key":"SMITH"},{"data":"Hologram","floor":25,"key":"SMITH"},{"data":"Redo","floor":30,"key":"SMITH"},{"floor":32,"key":"REST"},{"floor":42,"key":"REST"},{"floor":45,"key":"REST"},{"floor":49,"key":"RECALL"},{"data":"Writhe","floor":52,"key":"PURGE"}],"neow_cost":"NONE","seed_source_timestamp":1040272165776000,"circlet_count":0,"master_deck":["Strike_B+1","Strike_B+1","Defend_B+1","Defend_B+1","Defend_B+1","Defend_B+1","Zap","Dualcast+1","BootSequence","Blind+1","Darkness+1","Doom and Gloom","Turbo","Redo+1","Hologram+1","Conserve Battery","All For One","Hologram+1","Hologram+1","Zap","Loop","Enlightenment","Panache","Tempest","Panache","Sweeping Beam"],"relics":["Cracked Core","NeowsBlessing","Torii","Peace Pipe","Ice Cream","Nunchaku","Oddly Smooth Stone","Cursed Key","Art of War","Turnip","Blood Vial","StoneCalendar","Busted Crown","Red Mask","Strawberry","Bird Faced Urn","DataDisk"],"potions_floor_usage":[11,16,31,33,33,41,50,55],"damage_taken":[{"damage":0,"enemies":"Cultist","floor":1,"turns":1},{"damage":0,"enemies":"2 Louse","floor":3,"turns":1},{"damage":0,"enemies":"3 Sentries","floor":7,"turns":1},{"damage":12,"enemies":"Jaw Worm","floor":8,"turns":3},{"damage":15,"enemies":"Lagavulin","floor":11,"turns":7},{"damage":0,"enemies":"2 Fungi Beasts","floor":13,"turns":3},{"damage":20,"enemies":"3 Sentries","floor":14,"turns":4},{"damage":0,"enemies":"Slime Boss","floor":16,"turns":9},{"damage":13,"enemies":"3 Byrds","floor":18,"turns":5},{"damage":2,"enemies":"Shell Parasite","floor":21,"turns":5},{"damage":1,"enemies":"Slavers","floor":24,"turns":5},{"damage":0,"enemies":"Book of Stabbing","floor":27,"turns":5},{"damage":7,"enemies":"Snake Plant","floor":28,"turns":4},{"damage":40,"enemies":"Slavers","floor":31,"turns":4},{"damage":1,"enemies":"Automaton","floor":33,"turns":8},{"damage":0,"enemies":"Orb Walker","floor":35,"turns":4},{"damage":0,"enemies":"3 Shapes","floor":38,"turns":4},{"damage":22,"enemies":"Maw","floor":39,"turns":6},{"damage":32,"enemies":"Nemesis","floor":40,"turns":7},{"damage":12,"enemies":"3 Darklings","floor":41,"turns":4},{"damage":14,"enemies":"Reptomancer","floor":44,"turns":7},{"damage":1,"enemies":"Writhing Mass","floor":46,"turns":5},{"damage":24,"enemies":"Jaw Worm Horde","floor":47,"turns":4},{"damage":40,"enemies":"Donu and Deca","floor":50,"turns":7},{"damage":28,"enemies":"Shield and Spear","floor":54,"turns":7},{"damage":79,"enemies":"The Heart","floor":55,"turns":5}],"seed_played":"5190364998535023161","potions_obtained":[{"floor":1,"key":"Swift Potion"},{"floor":7,"key":"FairyPotion"},{"floor":14,"key":"SkillPotion"},{"floor":16,"key":"FocusPotion"},{"floor":21,"key":"PowerPotion"},{"floor":27,"key":"PowerPotion"},{"floor":31,"key":"Dexterity Potion"},{"floor":35,"key":"GamblersBrew"},{"floor":39,"key":"SteroidPotion"},{"floor":41,"key":"LiquidBronze"},{"floor":47,"key":"PowerPotion"}],"is_trial":false,"path_per_floor":["M","$","M","?","?","R","E","M","T","R","E","$","M","E","R","B",null,"M","?","$","M","$","R","E","R","T","E","M","?","R","E","R","B",null,"M","?","?","M","M","E","M","R","T","E","R","M","M","?","R","B",null,"R","$","E","B"],"character_chosen":"DEFECT","items_purchased":["Blind","Hologram","Art of War","Panache"],"campfire_rested":4,"item_purchase_floors":[2,20,22,53],"current_hp_per_floor":[75,75,75,75,63,63,63,51,51,51,36,36,36,16,38,38,75,62,62,62,60,60,60,59,59,59,59,54,54,54,16,38,39,75,75,65,65,67,47,24,14,38,38,26,50,55,35,35,35,5,82,82,82,58,0],"gold":54,"neow_bonus":"THREE_ENEMY_KILL","is_prod":false,"is_daily":false,"chose_seed":false,"campfire_upgraded":5,"win_rate":0,"timestamp":1559967400,"path_taken":["M","$","?","?","?","R","E","M","T","R","E","$","M","E","R","BOSS","M","?","$","M","?","R","E","R","T","E","M","?","R","E","R","BOSS","M","?","?","M","M","E","M","R","T","E","R","M","M","?","R","BOSS","R","$","E","BOSS"],"build_version":"2019-01-23","purchased_purges":1,"victory":false,"max_hp_per_floor":[75,75,75,75,75,75,75,75,75,75,75,75,75,75,75,75,75,75,75,75,75,75,75,75,75,75,75,75,75,75,75,75,75,75,75,75,75,75,75,82,82,82,82,82,82,82,82,82,82,82,82,82,82,82,82],"card_choices":[{"not_picked":["Double Energy","Leap"],"picked":"BootSequence","floor":1},{"not_picked":["Fusion","Ball Lightning"],"picked":"Darkness","floor":3},{"not_picked":["Static Discharge","Streamline"],"picked":"Doom and Gloom","floor":7},{"not_picked":["Beam Cell","Blizzard"],"picked":"Turbo","floor":8},{"not_picked":["Capacitor","Streamline"],"picked":"Redo","floor":11},{"not_picked":["Double Energy","Undo"],"picked":"Hologram","floor":13},{"not_picked":["Rainbow","Turbo"],"picked":"Conserve Battery","floor":14},{"not_picked":["Hyperbeam","Creative AI"],"picked":"All For One","floor":16},{"not_picked":["Turbo","Capacitor","Lockon"],"picked":"SKIP","floor":18},{"not_picked":["Rip and Tear+1","Compile Driver+1","Ball Lightning"],"picked":"SKIP","floor":21},{"not_picked":["Cold Snap","Blizzard+1","Coolheaded"],"picked":"SKIP","floor":24},{"not_picked":["Defragment","Sunder","Turbo"],"picked":"SKIP","floor":27},{"not_picked":["Compile Driver","Redo"],"picked":"Hologram+1","floor":28},{"not_picked":["Electrodynamics","Beam Cell+1"],"picked":"Loop","floor":31},{"not_picked":["Stack+1"],"picked":"SKIP","floor":35},{"not_picked":[],"picked":"Enlightenment","floor":36},{"not_picked":[],"picked":"Panache","floor":36},{"not_picked":["Rip and Tear"],"picked":"SKIP","floor":38},{"not_picked":["Streamline+1"],"picked":"SKIP","floor":39},{"not_picked":["Beam Cell"],"picked":"SKIP","floor":40},{"not_picked":["Doom and Gloom"],"picked":"SKIP","floor":41},{"not_picked":["Recycle"],"picked":"SKIP","floor":44},{"not_picked":["Darkness"],"picked":"SKIP","floor":46},{"not_picked":["Tempest"],"picked":"SKIP","floor":47},{"not_picked":[],"picked":"Tempest","floor":47},{"not_picked":[],"picked":"Sweeping Beam","floor":54}],"player_experience":534468,"relics_obtained":[{"floor":7,"key":"Peace Pipe"},{"floor":9,"key":"Ice Cream"},{"floor":11,"key":"Nunchaku"},{"floor":14,"key":"Oddly Smooth Stone"},{"floor":24,"key":"Turnip"},{"floor":27,"key":"Blood Vial"},{"floor":31,"key":"StoneCalendar"},{"floor":40,"key":"Strawberry"},{"floor":44,"key":"Bird Faced Urn"},{"floor":54,"key":"DataDisk"}],"event_choices":[{"damage_healed":0,"gold_gain":0,"player_choice":"Grow","damage_taken":0,"max_hp_gain":0,"max_hp_loss":0,"event_name":"Living Wall","floor":4,"gold_loss":0,"cards_upgraded":["Darkness"]},{"damage_healed":0,"gold_gain":0,"player_choice":"Success","damage_taken":12,"relics_obtained":["Torii"],"max_hp_gain":0,"max_hp_loss":0,"event_name":"Scrap Ooze","floor":5,"gold_loss":0},{"damage_healed":0,"gold_gain":0,"player_choice":"Simplicity","damage_taken":0,"max_hp_gain":0,"max_hp_loss":0,"event_name":"Back to Basics","floor":19,"gold_loss":0,"cards_upgraded":["Strike_B","Strike_B","Strike_B","Defend_B","Defend_B","Defend_B","Defend_B"]},{"damage_healed":0,"gold_gain":0,"player_choice":"1 cards matched","damage_taken":0,"max_hp_gain":0,"max_hp_loss":0,"event_name":"Match and Keep!","floor":29,"gold_loss":0,"cards_obtained":["Zap"]},{"damage_healed":0,"gold_gain":0,"player_choice":"Memory 3","damage_taken":10,"max_hp_gain":0,"max_hp_loss":0,"event_name":"SensoryStone","floor":36,"gold_loss":0},{"damage_healed":0,"gold_gain":0,"player_choice":"Paid","damage_taken":0,"relics_obtained":["Red Mask"],"max_hp_gain":0,"max_hp_loss":0,"event_name":"Tomb of Lord Red Mask","floor":37,"gold_loss":221},{"cards_removed":["Strike_B"],"damage_healed":0,"gold_gain":0,"player_choice":"Removed Attack","damage_taken":0,"max_hp_gain":0,"max_hp_loss":0,"event_name":"Falling","floor":48,"gold_loss":0}],"is_beta":false,"boss_relics":[{"not_picked":["Calling Bell","Snecko Eye"],"picked":"Cursed Key"},{"not_picked":["Inserter","Nuclear Battery"],"picked":"Busted Crown"}],"items_purged_floors":[12],"is_endless":false,"potions_floor_spawned":[1,7,14,16,21,27,31,35,39,41,46,47],"killed_by":"The Heart","ascension_level":4}