{"gold_per_floor":[116,116,136,150,150,179,179,192,192,206,206,217,2,37,37,138,138,150,75,75,90,90,90],"floor_reached":23,"playtime":5188,"items_purged":[],"score":291,"play_id":"28a11555-bc06-4839-9759-825a9dae3cac","local_time":"20190202195426","is_ascension_mode":true,"campfire_choices":[{"floor":7,"key":"REST"},{"floor":15,"key":"REST"}],"neow_cost":"NONE","seed_source_timestamp":4487397463662405,"circlet_count":0,"master_deck":["Strike_R","Strike_R","Defend_R","Defend_R","Defend_R","Defend_R","Bash","Feel No Pain","Twin Strike","Ghostly Armor","Fiend Fire","Pommel Strike","True Grit","Feel No Pain","Second Wind","Immolate","Carnage","Burning Pact","Bludgeon","Evolve","Offering","J.A.X."],"relics":["Burning Blood","Vajra","Letter Opener","Dodecahedron","Pantograph","Ginger","Runic Dome"],"potions_floor_usage":[],"damage_taken":[{"damage":1,"enemies":"2 Louse","floor":1,"turns":3},{"damage":10,"enemies":"Cultist","floor":3,"turns":5},{"damage":0,"enemies":"Small Slimes","floor":4,"turns":3},{"damage":40,"enemies":"Lagavulin","floor":6,"turns":6},{"damage":2,"enemies":"Looter","floor":8,"turns":3},{"damage":26,"enemies":"Large Slime","floor":10,"turns":7},{"damage":13,"enemies":"Lots of Slimes","floor":12,"turns":5},{"damage":20,"enemies":"3 Sentries","floor":14,"turns":4},{"damage":58,"enemies":"Slime Boss","floor":16,"turns":11},{"damage":1,"enemies":"Spheric Guardian","floor":18,"turns":3},{"damage":8,"enemies":"3 Byrds","floor":21,"turns":4},{"damage":72,"enemies":"Book of Stabbing","floor":23,"turns":5}],"seed_played":"1586711550823926307","potions_obtained":[{"floor":4,"key":"EssenceOfSteel"},{"floor":6,"key":"Poison Potion"},{"floor":10,"key":"FearPotion"},{"floor":14,"key":"LiquidBronze"},{"floor":16,"key":"EssenceOfSteel"}],"is_trial":false,"path_per_floor":["M","?","M","M","T","E","R","M","T","M","?","M","$","E","R","B",null,"M","?","?","M","?","E"],"character_chosen":"IRONCLAD","items_purchased":["Second Wind","Immolate","Carnage"],"campfire_rested":2,"item_purchase_floors":[13,13,13],"current_hp_per_floor":[77,77,73,79,79,45,69,73,73,53,46,39,39,25,49,22,66,71,71,71,69,69,0],"gold":90,"neow_bonus":"RANDOM_COMMON_RELIC","is_prod":false,"is_daily":false,"chose_seed":false,"campfire_upgraded":0,"win_rate":0,"timestamp":1549155266,"path_taken":["M","?","M","?","?","E","R","M","T","M","?","M","$","E","R","BOSS","M","?","?","?","?","E"],"build_version":"2019-01-23","purchased_purges":0,"victory":false,"max_hp_per_floor":[80,80,80,80,80,80,80,80,80,80,80,80,80,80,80,80,80,80,80,80,80,80,80],"card_choices":[{"not_picked":["Wild Strike","Sever Soul","Warcry"],"picked":"SKIP","floor":1},{"not_picked":["Entrench","Rampage"],"picked":"Twin Strike","floor":3},{"not_picked":["Perfected Strike","Carnage"],"picked":"Ghostly Armor","floor":4},{"not_picked":["Fire Breathing","Pummel"],"picked":"Fiend Fire","floor":6},{"not_picked":["Clothesline","Headbutt"],"picked":"Pommel Strike","floor":8},{"not_picked":["Heavy Blade","Rage"],"picked":"True Grit","floor":10},{"not_picked":["Pommel Strike","Dual Wield"],"picked":"Feel No Pain","floor":12},{"not_picked":["Entrench","Carnage"],"picked":"Burning Pact","floor":14},{"not_picked":["Berserk","Fiend Fire"],"picked":"Bludgeon","floor":16},{"not_picked":["Anger+1","Warcry"],"picked":"Evolve","floor":18},{"not_picked":["Second Wind","Perfected Strike+1","Clothesline"],"picked":"SKIP","floor":21}],"player_experience":826187,"relics_obtained":[{"floor":5,"key":"Letter Opener"},{"floor":6,"key":"Dodecahedron"},{"floor":9,"key":"Pantograph"},{"floor":14,"key":"Ginger"}],"event_choices":[{"damage_healed":0,"gold_gain":0,"cards_transformed":["Strike_R"],"player_choice":"Transformed","damage_taken":0,"max_hp_gain":0,"max_hp_loss":0,"event_name":"Transmorgrifier","floor":2,"gold_loss":0,"cards_obtained":["Feel No Pain"]},{"cards_removed":["Strike_R"],"damage_healed":0,"gold_gain":0,"player_choice":"Card Removal","damage_taken":7,"max_hp_gain":0,"max_hp_loss":0,"event_name":"Golden Wing","floor":11,"gold_loss":0},{"cards_removed":["Strike_R"],"damage_healed":0,"gold_gain":0,"player_choice":"Gave Gold","damage_taken":0,"max_hp_gain":0,"max_hp_loss":0,"event_name":"Beggar","floor":19,"gold_loss":75},{"damage_healed":0,"gold_gain":0,"player_choice":"1 cards matched","damage_taken":0,"max_hp_gain":0,"max_hp_loss":0,"event_name":"Match and Keep!","floor":20,"gold_loss":0,"cards_obtained":["Offering"]},{"damage_healed":0,"gold_gain":0,"player_choice":"Obtain J.A.X.","damage_taken":0,"max_hp_gain":0,"max_hp_loss":0,"event_name":"Drug Dealer","floor":22,"gold_loss":0,"cards_obtained":["J.A.X."]}],"is_beta":false,"boss_relics":[{"not_picked":["Empty Cage","Lizard Tail"],"picked":"Runic Dome"}],"items_purged_floors":[],"is_endless":false,"potions_floor_spawned":[4,6,10,14,16,18],"killed_by":"Book of Stabbing","ascension_level":9}