{"gold_per_floor":[117,128,146,71,71,71,71,87,87,87,115,135,160,175,175,279,279,291,301,400,136,154,180,180,213,213,313,337,354,368,400,400,503,503,515,102,115,115,81,115,69,94,141,176,176,226,226,256,268,280],"floor_reached":51,"playtime":5195,"items_purged":["Strike_G","Strike_G","Strike_G"],"score":1029,"play_id":"cb6660c3-abe2-4bd8-a33c-ec230b8e747a","local_time":"20190119233542","is_ascension_mode":true,"campfire_choices":[{"data":"Footwork","floor":6.0,"key":"SMITH"},{"floor":10.0,"key":"REST"},{"floor":15.0,"key":"REST"},{"floor":32,"key":"REST"},{"floor":45,"key":"REST"},{"data":"1","floor":47,"key":"LIFT"},{"data":"2","floor":49,"key":"LIFT"}],"neow_cost":"NONE","seed_source_timestamp":0,"circlet_count":0,"master_deck":["Defend_G","Defend_G","Defend_G","Defend_G","Defend_G","Strike_G+1","Survivor","Neutralize","Unload+1","Flying Knee","Flying Knee","Footwork+1","Sucker Punch","Dagger Spray","Heel Hook","Unload","Deflect","Footwork","Bandage Up","Leg Sweep+1","Sucker Punch","Well Laid Plans+1","Caltrops","Adrenaline","Noxious Fumes","Backflip","Backflip+1","Noxious Fumes","Terror+1","Acrobatics","Crippling Poison+1","Burst","Quick Slash+1","Flying Knee"],"special_seed":0,"relics":["Ring of the Snake","Paper Crane","Oddly Smooth Stone","Gremlin Horn","Fusion Hammer","Letter Opener","MutagenicStrength","Pantograph","Pear","FossilizedHelix","Blue Candle","Regal Pillow","Dodecahedron","Sozu","Ornamental Fan","Bronze Scales","Shuriken","Snake Skull","Boot","Girya","MawBank"],"potions_floor_usage":[23,27,33,50,50],"damage_taken":[{"damage":5.0,"enemies":"Jaw Worm","floor":1.0,"turns":3.0},{"damage":0.0,"enemies":"Small Slimes","floor":2.0,"turns":2.0},{"damage":0.0,"enemies":"2 Louse","floor":3.0,"turns":2.0},{"damage":0.0,"enemies":"Blue Slaver","floor":8.0,"turns":4.0},{"damage":6.0,"enemies":"Lagavulin","floor":11.0,"turns":7.0},{"damage":0.0,"enemies":"Looter","floor":12.0,"turns":3.0},{"damage":8.0,"enemies":"Gremlin Nob","floor":13.0,"turns":4.0},{"damage":0.0,"enemies":"Large Slime","floor":14.0,"turns":4.0},{"damage":14.0,"enemies":"Slime Boss","floor":16.0,"turns":17.0},{"damage":1.0,"enemies":"Shell Parasite","floor":18.0,"turns":5.0},{"damage":3.0,"enemies":"2 Thieves","floor":19.0,"turns":4.0},{"damage":3,"enemies":"Centurion and Healer","floor":22,"turns":11},{"damage":1,"enemies":"Book of Stabbing","floor":23,"turns":7},{"damage":6,"enemies":"Slavers","floor":25,"turns":7},{"damage":1,"enemies":"Colosseum Slavers","floor":27,"turns":4},{"damage":0,"enemies":"Colosseum Nobs","floor":27,"turns":6},{"damage":0,"enemies":"Snake Plant","floor":29,"turns":6},{"damage":12,"enemies":"Sentry and Sphere","floor":30,"turns":9},{"damage":0,"enemies":"Gremlin Leader","floor":31,"turns":7},{"damage":0,"enemies":"Automaton","floor":33,"turns":14},{"damage":3,"enemies":"3 Shapes","floor":35,"turns":6},{"damage":0,"enemies":"Orb Walker","floor":37,"turns":4},{"damage":0,"enemies":"Giant Head","floor":40,"turns":11},{"damage":0,"enemies":"Reptomancer","floor":42,"turns":5},{"damage":0,"enemies":"Giant Head","floor":44,"turns":7},{"damage":0,"enemies":"2 Orb Walkers","floor":46,"turns":5},{"damage":0,"enemies":"Reptomancer","floor":48,"turns":5},{"damage":23,"enemies":"Time Eater","floor":50,"turns":10}],"seed_played":"-7004753737330382432","potions_obtained":[{"floor":3.0,"key":"Weak Potion"},{"floor":8.0,"key":"Dexterity Potion"},{"floor":12.0,"key":"SpeedPotion"},{"floor":16.0,"key":"Swift Potion"},{"floor":23,"key":"Regen Potion"},{"floor":25,"key":"SpeedPotion"},{"floor":30,"key":"SneckoOil"},{"floor":31,"key":"Swift Potion"},{"floor":33,"key":"Poison Potion"}],"is_trial":false,"path_per_floor":["M","M","M","$","?","R","?","M","T","R","E","M","E","M","R","B",null,"M","M","?","$","M","E","?","E","T","?","T","M","M","E","R","B",null,"M","$","M","?","$","E","$","E","T","E","R","?","R","E","R","B",null],"character_chosen":"THE_SILENT","items_purchased":["Footwork","Bandage Up","Backflip","Ornamental Fan","Noxious Fumes","Acrobatics"],"campfire_rested":4,"item_purchase_floors":[21,21,36,36,39,41],"current_hp_per_floor":[65,65,65,65,58,58,44,44,44,65,59,59,51,51,70,56,70,69,66,66,66,67,69,69,67,77,80,80,80,72,76,80,80,80,80,80,80,80,80,80,80,80,80,80,80,80,80,80,80,61],"gold":292,"neow_bonus":"ONE_RANDOM_RARE_CARD","is_prod":false,"is_daily":false,"chose_seed":false,"campfire_upgraded":1,"win_rate":0,"timestamp":1547930142,"path_taken":["M","M","M","$","?","R","?","M","T","R","E","M","E","M","R","BOSS","M","M","?","$","M","E","?","E","T","?","?","M","M","E","R","BOSS","M","$","M","?","$","E","?","E","T","E","R","?","R","E","R","BOSS"],"build_version":"2019-01-17v2","purchased_purges":3,"victory":true,"max_hp_per_floor":[70,70,70,70,70,70,70,70,70,70,70,70,70,70,70,70,70,70,70,70,70,70,70,70,70,80,80,80,80,80,80,80,80,80,80,80,80,80,80,80,80,80,80,80,80,80,80,80,80,80],"card_choices":[{"not_picked":["Blade Dance","Backflip"],"picked":"Flying Knee","floor":1.0},{"not_picked":["Cloak And Dagger","Bouncing Flask"],"picked":"Flying Knee","floor":2.0},{"not_picked":["Riddle With Holes","Choke"],"picked":"Footwork","floor":3.0},{"not_picked":["Dagger Spray","Reflex"],"picked":"Sucker Punch","floor":8.0},{"not_picked":["Blade Dance","Outmaneuver","Underhanded Strike"],"picked":"SKIP","floor":11.0},{"not_picked":["Eviscerate","Infinite Blades"],"picked":"Dagger Spray","floor":12.0},{"not_picked":["Dagger Throw","Glass Knife"],"picked":"Heel Hook","floor":13.0},{"not_picked":["Outmaneuver","Expertise","Dagger Spray"],"picked":"SKIP","floor":14.0},{"not_picked":["Doppelganger","Glass Knife"],"picked":"Unload","floor":16.0},{"not_picked":["Dagger Throw","Finisher"],"picked":"Deflect","floor":18.0},{"not_picked":["Poisoned Stab","PiercingWail","Infinite Blades"],"picked":"SKIP","floor":19.0},{"not_picked":["PiercingWail+1","Outmaneuver","Riddle With Holes"],"picked":"SKIP","floor":22},{"not_picked":["Distraction","Cloak And Dagger"],"picked":"Leg Sweep+1","floor":23},{"not_picked":["Infinite Blades","Dagger Throw","Riddle With Holes"],"picked":"SKIP","floor":25},{"not_picked":["Distraction","Deadly Poison+1"],"picked":"Sucker Punch","floor":27},{"not_picked":["Escape Plan","Poisoned Stab"],"picked":"Well Laid Plans+1","floor":29},{"not_picked":["Dagger Throw","PiercingWail"],"picked":"Caltrops","floor":30},{"not_picked":["Sucker Punch","Underhanded Strike","Flechettes"],"picked":"SKIP","floor":31},{"not_picked":["Unload","Bullet Time"],"picked":"Adrenaline","floor":33},{"not_picked":["Bane+1","Prepared"],"picked":"Noxious Fumes","floor":35},{"not_picked":["Deflect","Riddle With Holes+1"],"picked":"Backflip+1","floor":37},{"not_picked":["Predator","Slice"],"picked":"Terror+1","floor":40},{"not_picked":["PiercingWail+1","Blade Dance+1"],"picked":"Crippling Poison+1","floor":42},{"not_picked":["Flying Knee+1","Deflect+1"],"picked":"Burst","floor":44},{"not_picked":["Outmaneuver+1","Dagger Spray+1"],"picked":"Quick Slash+1","floor":46},{"not_picked":["Flechettes","Endless Agony+1"],"picked":"Flying Knee","floor":48}],"player_experience":73542,"relics_obtained":[{"floor":9.0,"key":"Paper Crane"},{"floor":11.0,"key":"Oddly Smooth Stone"},{"floor":13.0,"key":"Gremlin Horn"},{"floor":23,"key":"Letter Opener"},{"floor":25,"key":"Pantograph"},{"floor":26,"key":"Pear"},{"floor":27,"key":"FossilizedHelix"},{"floor":27,"key":"Blue Candle"},{"floor":28,"key":"Regal Pillow"},{"floor":31,"key":"Dodecahedron"},{"floor":40,"key":"Bronze Scales"},{"floor":42,"key":"Shuriken"},{"floor":43,"key":"Snake Skull"},{"floor":44,"key":"Boot"},{"floor":46,"key":"Girya"},{"floor":48,"key":"MawBank"}],"event_choices":[{"cards_removed":["Strike_G"],"damage_healed":0.0,"max_hp_gain":0.0,"max_hp_loss":0.0,"gold_gain":0.0,"event_name":"Golden Wing","player_choice":"Card Removal","floor":5.0,"gold_loss":0.0,"damage_taken":7.0},{"damage_healed":0.0,"max_hp_gain":0.0,"max_hp_loss":0.0,"gold_gain":0.0,"event_name":"Shining Light","player_choice":"Entered Light","floor":7.0,"gold_loss":0.0,"damage_taken":14.0,"cards_upgraded":["Unload","Strike_G"]},{"damage_healed":0.0,"max_hp_gain":0.0,"max_hp_loss":0.0,"gold_gain":99.0,"event_name":"Nest","player_choice":"Stole From Cult","floor":20.0,"gold_loss":0.0,"damage_taken":0.0},{"damage_healed":0,"gold_gain":0,"player_choice":"Inject Mutagens","damage_taken":0,"relics_obtained":["MutagenicStrength"],"max_hp_gain":0,"max_hp_loss":0,"event_name":"Drug Dealer","floor":24,"gold_loss":0},{"damage_healed":0,"gold_gain":0,"player_choice":"Fight","damage_taken":0,"max_hp_gain":0,"max_hp_loss":0,"event_name":"Colosseum","floor":27,"gold_loss":0},{"damage_healed":0,"gold_gain":0,"player_choice":"Fought Nobs","damage_taken":0,"max_hp_gain":0,"max_hp_loss":0,"event_name":"Colosseum","floor":27,"gold_loss":0},{"damage_healed":0,"gold_gain":0,"player_choice":"Ignored","damage_taken":0,"max_hp_gain":0,"max_hp_loss":0,"event_name":"Transmorgrifier","floor":38,"gold_loss":0},{"damage_healed":0,"gold_gain":0,"player_choice":"Fight","damage_taken":0,"max_hp_gain":0,"max_hp_loss":0,"event_name":"Mysterious Sphere","floor":46,"gold_loss":0}],"is_beta":false,"boss_relics":[{"not_picked":["Lizard Tail","Snecko Eye"],"picked":"Fusion Hammer"},{"not_picked":["Cursed Key","Orrery"],"picked":"Sozu"}],"items_purged_floors":[4,21,36],"is_endless":false,"potions_floor_spawned":[3,8,12,16,22,23,25,30,31,33,35,44,46,48],"ascension_level":1}