{"gold_per_floor":[364,364,7,18,35,35,58,58,58,58,74,74,20,20,20,113,113,133,133,148,161,186,186,226,226,226,226,237,254,254,264,264,343,343,360,360,360,254,274,274,294,294,343,107,119,153,153,52,52,52],"floor_reached":51,"playtime":1814,"items_purged":["Injury","Strike_R"],"score":1282,"play_id":"7249d98f-1145-46bb-ab23-7a48d43a6c6f","local_time":"20190530131725","is_ascension_mode":true,"campfire_choices":[{"data":"1","floor":6.0,"key":"LIFT"},{"data":"2","floor":8.0,"key":"LIFT"},{"data":"3","floor":10.0,"key":"LIFT"},{"data":"Bash","floor":15.0,"key":"SMITH"},{"floor":23,"key":"REST"},{"floor":30,"key":"REST"},{"data":"Whirlwind","floor":32,"key":"SMITH"},{"data":"Offering","floor":40,"key":"SMITH"},{"data":"Pommel Strike","floor":42,"key":"SMITH"},{"data":"Shrug It Off","floor":47,"key":"SMITH"},{"data":"Evolve","floor":49,"key":"SMITH"}],"neow_cost":"PERCENT_DAMAGE","seed_source_timestamp":308012836506300,"circlet_count":0,"master_deck":["AscendersBane","Strike_R","Strike_R","Strike_R","Defend_R","Defend_R","Defend_R","Bash+1","Pummel","Whirlwind+1","Shrug It Off+1","Disarm+1","Battle Trance","Twin Strike","Offering+1","Evolve+1","Anger","Flame Barrier","Spot Weakness","Anger","Pummel","Reaper","Blind","Mayhem","Pommel Strike+1","Master of Strategy","Iron Wave"],"special_seed":0,"relics":["Burning Blood","Girya","Odd Mushroom","Bloody Idol","Sozu","Gremlin Horn","Ornamental Fan","Cursed Key","Kunai","Smiling Mask","Sundial"],"potions_floor_usage":[],"damage_taken":[{"damage":4.0,"enemies":"2 Louse","floor":1.0,"turns":3.0},{"damage":12.0,"enemies":"Jaw Worm","floor":4.0,"turns":4.0},{"damage":8.0,"enemies":"Small Slimes","floor":5.0,"turns":5.0},{"damage":25.0,"enemies":"The Mushroom Lair","floor":7.0,"turns":3.0},{"damage":10.0,"enemies":"Red Slaver","floor":11.0,"turns":3.0},{"damage":11.0,"enemies":"Hexaghost","floor":16.0,"turns":12.0},{"damage":27,"enemies":"Shell Parasite","floor":18,"turns":2},{"damage":0,"enemies":"3 Byrds","floor":20,"turns":3},{"damage":6,"enemies":"Centurion and Healer","floor":21,"turns":4},{"damage":21,"enemies":"Snecko","floor":22,"turns":4},{"damage":31,"enemies":"Gremlin Leader","floor":24,"turns":5},{"damage":6,"enemies":"Cultist and Chosen","floor":28,"turns":3},{"damage":20,"enemies":"Chosen and Byrds","floor":29,"turns":4},{"damage":13,"enemies":"Snecko","floor":31,"turns":4},{"damage":32,"enemies":"Collector","floor":33,"turns":9},{"damage":11,"enemies":"Orb Walker","floor":35,"turns":3},{"damage":6,"enemies":"3 Shapes","floor":39,"turns":3},{"damage":6,"enemies":"Jaw Worm Horde","floor":41,"turns":1},{"damage":21,"enemies":"Spire Growth","floor":45,"turns":3},{"damage":30,"enemies":"Giant Head","floor":46,"turns":5},{"damage":53,"enemies":"Donu and Deca","floor":50,"turns":8}],"seed_played":"-672416751337045512","potions_obtained":[{"floor":7.0,"key":"FairyPotion"},{"floor":16.0,"key":"SpeedPotion"}],"is_trial":false,"path_per_floor":["M","?","$","M","M","R","?","R","T","R","M","?","$","?","R","B",null,"M","?","M","M","M","R","E","?","T","?","M","M","R","M","R","B",null,"M","?","?","?","M","R","M","R","T","$","M","E","R","$","R","B",null],"character_chosen":"IRONCLAD","items_purchased":["Girya","Pummel","Twin Strike","Master of Strategy","Iron Wave"],"campfire_rested":2,"item_purchase_floors":[3,3,13,44,48],"current_hp_per_floor":[52,52,52,46,44,44,25,25,25,25,21,21,21,21,21,16,55,34,34,40,40,25,45,20,20,20,20,25,16,36,34,34,13,54,61,51,51,51,65,65,65,65,65,65,55,36,36,36,36,25],"gold":52,"neow_bonus":"TWO_FIFTY_GOLD","is_prod":false,"is_daily":false,"chose_seed":false,"campfire_upgraded":6,"win_rate":0,"timestamp":1559247445,"path_taken":["M","?","$","M","M","R","?","R","T","R","M","?","?","?","R","BOSS","M","?","M","?","M","R","E","?","T","?","M","?","R","M","R","BOSS","M","?","?","?","M","R","?","R","T","?","M","E","R","$","R","BOSS"],"build_version":"2019-01-23","purchased_purges":2,"victory":true,"max_hp_per_floor":[75,75,75,75,75,75,75,75,75,75,75,68,68,68,68,68,68,68,68,68,68,68,68,68,68,68,68,68,68,68,68,68,68,68,68,68,65,65,65,65,65,65,65,65,65,65,65,65,65,65],"card_choices":[{"not_picked":["Wild Strike","Heavy Blade","Havoc"],"picked":"SKIP","floor":1.0},{"not_picked":["Sentinel","Carnage"],"picked":"Whirlwind","floor":4.0},{"not_picked":["Hemokinesis","Thunderclap"],"picked":"Shrug It Off","floor":5.0},{"not_picked":["Clothesline","Fire Breathing"],"picked":"Disarm","floor":7.0},{"not_picked":["Pommel Strike","Cleave"],"picked":"Battle Trance","floor":11.0},{"not_picked":["Impervious","Bludgeon"],"picked":"Offering","floor":16.0},{"not_picked":["Iron Wave","True Grit","Flex+1"],"picked":"SKIP","floor":18},{"not_picked":["Infernal Blade","Wild Strike+1"],"picked":"Anger","floor":20},{"not_picked":["Battle Trance","Armaments+1"],"picked":"Flame Barrier","floor":21},{"not_picked":["Flex","Exhume"],"picked":"Spot Weakness","floor":22},{"not_picked":["Uppercut","Cleave","Iron Wave"],"picked":"SKIP","floor":24},{"not_picked":["Warcry","Body Slam+1"],"picked":"Anger","floor":28},{"not_picked":["Clash","Thunderclap+1","Warcry"],"picked":"SKIP","floor":29},{"not_picked":["Clothesline","True Grit"],"picked":"Pummel","floor":31},{"not_picked":["Demon Form","Impervious"],"picked":"Reaper","floor":33},{"not_picked":["Bloodletting+1","Rupture","Second Wind"],"picked":"SKIP","floor":35},{"not_picked":["Metamorphosis","Mind Blast"],"picked":"Blind","floor":36},{"not_picked":["PanicButton","Madness"],"picked":"Mayhem","floor":36},{"not_picked":["Uppercut","Ghostly Armor","Inflame"],"picked":"SKIP","floor":39},{"not_picked":["Uppercut","Ghostly Armor","Inflame"],"picked":"SKIP","floor":39},{"not_picked":["Twin Strike","Metallicize+1"],"picked":"Pommel Strike","floor":41},{"not_picked":["Wild Strike","Power Through+1","Rampage"],"picked":"SKIP","floor":45},{"not_picked":["Combust","Rupture+1","True Grit+1"],"picked":"SKIP","floor":46}],"player_experience":495567,"relics_obtained":[{"floor":7.0,"key":"Odd Mushroom"},{"floor":24,"key":"Gremlin Horn"},{"floor":26,"key":"Ornamental Fan"},{"floor":43,"key":"Smiling Mask"},{"floor":46,"key":"Sundial"}],"event_choices":[{"damage_healed":0.0,"max_hp_gain":0.0,"max_hp_loss":0.0,"gold_gain":0.0,"event_name":"The Cleric","player_choice":"Leave","floor":2.0,"gold_loss":0.0,"damage_taken":0.0},{"damage_healed":0.0,"max_hp_gain":0.0,"max_hp_loss":0.0,"gold_gain":0.0,"event_name":"Mushrooms","player_choice":"Fought Mushrooms","floor":7.0,"gold_loss":0.0,"damage_taken":0.0},{"damage_healed":0.0,"max_hp_gain":0.0,"max_hp_loss":7.0,"gold_gain":0.0,"event_name":"Golden Idol","player_choice":"Lose Max HP","floor":12.0,"gold_loss":0.0,"damage_taken":0.0,"relics_obtained":["Golden Idol"]},{"damage_healed":0.0,"max_hp_gain":0.0,"max_hp_loss":0.0,"gold_gain":0.0,"event_name":"Living Wall","player_choice":"Grow","floor":14.0,"gold_loss":0.0,"damage_taken":0.0,"cards_upgraded":["Disarm"]},{"damage_healed":0,"gold_gain":0,"cards_transformed":["Strike_R"],"player_choice":"Transformed","damage_taken":0,"max_hp_gain":0,"max_hp_loss":0,"event_name":"Transmorgrifier","floor":19,"gold_loss":0,"cards_obtained":["Evolve"]},{"damage_healed":0,"gold_gain":0,"player_choice":"Gave Idol","damage_taken":0,"relics_obtained":["Bloody Idol"],"max_hp_gain":0,"max_hp_loss":0,"event_name":"Forgotten Altar","floor":25,"relics_lost":["Golden Idol"],"gold_loss":0},{"cards_removed":["Defend_R"],"damage_healed":0,"gold_gain":0,"player_choice":"Offered Basic","damage_taken":0,"max_hp_gain":0,"max_hp_loss":0,"event_name":"Bonfire Elementals","floor":27,"gold_loss":0},{"damage_healed":0,"gold_gain":0,"player_choice":"Memory 3","damage_taken":10,"max_hp_gain":0,"max_hp_loss":0,"event_name":"SensoryStone","floor":36,"gold_loss":0},{"damage_healed":0,"gold_gain":0,"player_choice":"Max HP","damage_taken":0,"max_hp_gain":0,"max_hp_loss":3,"event_name":"Winding Halls","floor":37,"gold_loss":0},{"damage_healed":0,"gold_gain":0,"player_choice":"Paid Gold","damage_taken":0,"relics_obtained":["Kunai"],"max_hp_gain":0,"max_hp_loss":0,"event_name":"WeMeetAgain","floor":38,"gold_loss":106}],"is_beta":false,"boss_relics":[{"not_picked":["Velvet Choker","Runic Dome"],"picked":"Sozu"},{"not_picked":["White Beast Statue","Pandora\u0027s Box"],"picked":"Cursed Key"}],"items_purged_floors":[44,48],"is_endless":false,"potions_floor_spawned":[7,16,21,22,24,29,41,45],"ascension_level":18}