{"gold_per_floor":[116,291,291,291,307,339,359,201,201,213,213,225,255,66,66,66],"floor_reached":16,"playtime":422,"items_purged":[],"score":142,"play_id":"1f2aabfb-ccb3-43ca-b967-8b0bf38ae017","local_time":"20190221225310","is_ascension_mode":true,"campfire_choices":[{"data":"Strike_B","floor":15,"key":"PURGE"}],"neow_cost":"NONE","seed_source_timestamp":30008129643743,"circlet_count":0,"master_deck":["Strike_B","Strike_B","Defend_B","Defend_B","Defend_B","Defend_B","Zap","Dualcast","Gash","Go for the Eyes","Fission","FTL","Multi-Cast","BootSequence","Redo","Apotheosis"],"relics":["Cracked Core","NeowsBlessing","Peace Pipe","Shuriken","Potion Belt"],"potions_floor_usage":[13,13],"damage_taken":[{"damage":0,"enemies":"Cultist","floor":1,"turns":1},{"damage":0,"enemies":"2 Louse","floor":5,"turns":1},{"damage":0,"enemies":"3 Sentries","floor":6,"turns":1},{"damage":3,"enemies":"Small Slimes","floor":7,"turns":3},{"damage":10,"enemies":"2 Fungi Beasts","floor":10,"turns":3},{"damage":13,"enemies":"Exordium Thugs","floor":12,"turns":4},{"damage":13,"enemies":"Lagavulin","floor":13,"turns":6},{"damage":43,"enemies":"The Guardian","floor":16,"turns":6}],"seed_played":"6099738426036798626","potions_obtained":[{"floor":5,"key":"Fire Potion"},{"floor":7,"key":"Fire Potion"},{"floor":12,"key":"Ancient Potion"}],"is_trial":false,"path_per_floor":["M","?","?","?","M","E","M","$","T","M","?","M","E","$","R","B"],"character_chosen":"DEFECT","items_purchased":["Multi-Cast","Apotheosis"],"campfire_rested":0,"item_purchase_floors":[8,14],"current_hp_per_floor":[75,75,75,80,80,80,77,77,77,67,67,54,41,41,41,0],"gold":66,"neow_bonus":"THREE_ENEMY_KILL","is_prod":false,"is_daily":false,"chose_seed":false,"campfire_upgraded":0,"win_rate":0,"timestamp":1550807590,"path_taken":["M","?","?","?","M","E","M","$","T","M","?","?","E","$","R","BOSS"],"build_version":"2019-01-23","purchased_purges":0,"victory":false,"max_hp_per_floor":[75,75,75,80,80,80,80,80,80,80,80,80,80,80,80,80],"card_choices":[{"not_picked":["Heatsinks","Redo"],"picked":"Gash","floor":1},{"not_picked":["Blizzard","Streamline"],"picked":"Go for the Eyes","floor":5},{"not_picked":["Glacier","Rebound"],"picked":"Fission","floor":6},{"not_picked":["Compile Driver","Sweeping Beam"],"picked":"FTL","floor":7},{"not_picked":["Cold Snap","Double Energy"],"picked":"BootSequence","floor":10},{"not_picked":["Sweeping Beam","Hello World","Steam Power"],"picked":"SKIP","floor":12},{"not_picked":["Sweeping Beam","Barrage"],"picked":"Redo","floor":13}],"player_experience":334608,"relics_obtained":[{"floor":6,"key":"Peace Pipe"},{"floor":9,"key":"Shuriken"},{"floor":13,"key":"Potion Belt"}],"event_choices":[{"damage_healed":0,"gold_gain":175,"player_choice":"AGREE","damage_taken":0,"max_hp_gain":0,"max_hp_loss":0,"event_name":"Liars Game","floor":2,"gold_loss":0,"cards_obtained":["Doubt"]},{"cards_removed":["Doubt"],"damage_healed":0,"gold_gain":0,"player_choice":"Forget","damage_taken":0,"max_hp_gain":0,"max_hp_loss":0,"event_name":"Living Wall","floor":3,"gold_loss":0},{"damage_healed":0,"gold_gain":0,"player_choice":"Donut","damage_taken":0,"max_hp_gain":5,"max_hp_loss":0,"event_name":"Big Fish","floor":4,"gold_loss":0},{"cards_removed":["Strike_B"],"damage_healed":0,"gold_gain":0,"player_choice":"Purged","damage_taken":0,"max_hp_gain":0,"max_hp_loss":0,"event_name":"Purifier","floor":11,"gold_loss":0}],"is_beta":false,"boss_relics":[],"items_purged_floors":[],"is_endless":false,"potions_floor_spawned":[5,7,12],"killed_by":"The Guardian","ascension_level":1}