{"gold_per_floor":[118,137,150,5,20,45,45,63,63,97,60,60,60,74,74,153,153,167,107,90,90,108,108,108,108,108,108,108],"floor_reached":28,"playtime":1139,"items_purged":["Pain"],"score":413,"play_id":"d2514608-3fca-41a2-86b7-58923cf96cee","local_time":"20190429052604","is_ascension_mode":true,"campfire_choices":[{"data":"Feed","floor":7,"key":"SMITH"},{"data":"Combust","floor":13,"key":"SMITH"},{"floor":15,"key":"REST"},{"floor":23,"key":"REST"},{"data":"Combust","floor":25,"key":"SMITH"}],"neow_cost":"CURSE","seed_source_timestamp":413108363820800,"circlet_count":0,"master_deck":["AscendersBane","Strike_R","Strike_R","Strike_R","Strike_R","Defend_R","Defend_R","Defend_R","Defend_R","Bash","Feed+1","Headbutt","Cleave","Thunderclap","Combust+1","Pummel","Flame Barrier","Combust+1","Shockwave","Shrug It Off","Offering","Shrug It Off","Disarm+1"],"relics":["Burning Blood","Pear","Question Card","Ancient Tea Set","Runic Cube","Blue Candle"],"potions_floor_usage":[6,10,16,18,22,22],"damage_taken":[{"damage":8,"enemies":"Cultist","floor":1,"turns":3},{"damage":10,"enemies":"2 Louse","floor":2,"turns":3},{"damage":5,"enemies":"Jaw Worm","floor":3,"turns":3},{"damage":14,"enemies":"Red Slaver","floor":5,"turns":3},{"damage":35,"enemies":"Lagavulin","floor":6,"turns":7},{"damage":6,"enemies":"Looter","floor":8,"turns":4},{"damage":28,"enemies":"3 Sentries","floor":10,"turns":5},{"damage":4,"enemies":"Blue Slaver","floor":14,"turns":3},{"damage":46,"enemies":"Slime Boss","floor":16,"turns":7},{"damage":38,"enemies":"Shell Parasite","floor":18,"turns":5},{"damage":22,"enemies":"2 Thieves","floor":20,"turns":4},{"damage":38,"enemies":"Sentry and Sphere","floor":22,"turns":5},{"damage":20,"enemies":"Colosseum Slavers","floor":27,"turns":7},{"damage":43,"enemies":"Gremlin Leader","floor":28,"turns":5}],"seed_played":"3571169267646363908","potions_obtained":[{"floor":1,"key":"LiquidBronze"},{"floor":5,"key":"Strength Potion"},{"floor":8,"key":"PowerPotion"},{"floor":10,"key":"SneckoOil"},{"floor":16,"key":"Regen Potion"},{"floor":20,"key":"Poison Potion"}],"is_trial":false,"path_per_floor":["M","M","M","$","M","E","R","M","T","E","?","?","R","M","R","B",null,"M","?","M","$","M","R","?","R","T","?","E"],"character_chosen":"IRONCLAD","items_purchased":["Combust"],"campfire_rested":2,"item_purchase_floors":[4],"current_hp_per_floor":[69,68,72,72,64,45,45,49,49,27,27,27,27,29,58,18,78,60,60,48,48,16,46,46,46,46,36,0],"gold":108,"neow_bonus":"THREE_RARE_CARDS","is_prod":false,"is_daily":false,"chose_seed":false,"campfire_upgraded":3,"win_rate":0,"timestamp":1556529964,"path_taken":["M","M","?","$","M","E","R","M","T","E","?","?","R","M","R","BOSS","M","?","M","$","?","R","?","R","T","?","E"],"build_version":"2019-01-23","purchased_purges":1,"victory":false,"max_hp_per_floor":[78,81,84,84,84,94,94,98,98,98,98,98,98,98,98,98,98,98,98,102,102,102,102,102,102,102,106,106],"card_choices":[{"not_picked":["Berserk","Barricade"],"picked":"Feed","floor":0},{"not_picked":["Warcry","Anger"],"picked":"Headbutt","floor":1},{"not_picked":["Havoc","Sword Boomerang"],"picked":"Cleave","floor":2},{"not_picked":["Sentinel","Body Slam"],"picked":"Thunderclap","floor":3},{"not_picked":["Wild Strike","Warcry"],"picked":"Pummel","floor":5},{"not_picked":["Shrug It Off","Inflame"],"picked":"Flame Barrier","floor":6},{"not_picked":["Sever Soul","Clothesline"],"picked":"Combust","floor":8},{"not_picked":["Warcry","Havoc","Flame Barrier"],"picked":"Shockwave","floor":10},{"not_picked":["Ghostly Armor","Infernal Blade","Carnage"],"picked":"Shrug It Off","floor":14},{"not_picked":["Barricade","Double Tap","Feed"],"picked":"Offering","floor":16},{"not_picked":["Body Slam","Feel No Pain","Clash+1"],"picked":"Shrug It Off","floor":18},{"not_picked":["Cleave","Shrug It Off","Uppercut","Reckless Charge"],"picked":"SKIP","floor":20},{"not_picked":["Twin Strike","Sword Boomerang","Pummel"],"picked":"Disarm+1","floor":22}],"player_experience":402616,"relics_obtained":[{"floor":6,"key":"Pear"},{"floor":9,"key":"Question Card"},{"floor":10,"key":"Ancient Tea Set"},{"floor":26,"key":"Blue Candle"}],"event_choices":[{"damage_healed":0,"gold_gain":0,"player_choice":"Left Gold","damage_taken":0,"max_hp_gain":0,"max_hp_loss":0,"event_name":"World of Goop","floor":11,"gold_loss":37},{"damage_healed":0,"gold_gain":0,"player_choice":"Ignored","damage_taken":0,"max_hp_gain":0,"max_hp_loss":0,"event_name":"Liars Game","floor":12,"gold_loss":0},{"cards_removed":["Strike_R"],"damage_healed":0,"gold_gain":0,"player_choice":"Single Remove","damage_taken":0,"max_hp_gain":0,"max_hp_loss":0,"event_name":"Designer","floor":19,"gold_loss":60},{"damage_healed":0,"gold_gain":0,"player_choice":"Ignored","damage_taken":0,"max_hp_gain":0,"max_hp_loss":0,"event_name":"The Mausoleum","floor":24,"gold_loss":0},{"damage_healed":0,"gold_gain":0,"player_choice":"Fight","damage_taken":0,"max_hp_gain":0,"max_hp_loss":0,"event_name":"Colosseum","floor":27,"gold_loss":0},{"damage_healed":0,"gold_gain":0,"player_choice":"Fled From Nobs","damage_taken":0,"max_hp_gain":0,"max_hp_loss":0,"event_name":"Colosseum","floor":27,"gold_loss":0}],"is_beta":false,"boss_relics":[{"not_picked":["Calling Bell","Mark of Pain"],"picked":"Runic Cube"}],"items_purged_floors":[4],"is_endless":false,"potions_floor_spawned":[1,5,8,10,16,20],"killed_by":"Gremlin Leader","ascension_level":14}