{"gold_per_floor":[113,38,38,53,128,162,184,204,229,229,258,258,286,300,300,300],"floor_reached":16,"playtime":794,"items_purged":[],"score":272,"play_id":"9707b89d-ebb2-4777-a61f-b3be40c268a1","local_time":"20190525164427","is_ascension_mode":true,"campfire_choices":[{"data":"Feel No Pain","floor":10,"key":"SMITH"},{"data":"Perfected Strike","floor":12,"key":"SMITH"},{"data":"Uppercut","floor":15,"key":"SMITH"}],"neow_cost":"NONE","seed_source_timestamp":422530650569800,"circlet_count":0,"master_deck":["AscendersBane","Strike_R","Strike_R","Strike_R","Strike_R","Strike_R","Defend_R","Defend_R","Defend_R","Bash","Perfected Strike+1","Cleave","Uppercut+1","Feel No Pain+1","Feed","Battle Trance"],"relics":["Burning Blood","NeowsBlessing","Vajra","Odd Mushroom","Strawberry","Bird Faced Urn","Mummified Hand"],"potions_floor_usage":[7,13,16],"damage_taken":[{"damage":0,"enemies":"Jaw Worm","floor":1,"turns":1},{"damage":0,"enemies":"2 Louse","floor":4,"turns":1},{"damage":0,"enemies":"Lagavulin","floor":6,"turns":1},{"damage":16,"enemies":"The Mushroom Lair","floor":7,"turns":4},{"damage":14,"enemies":"Small Slimes","floor":8,"turns":3},{"damage":20,"enemies":"Gremlin Nob","floor":11,"turns":4},{"damage":25,"enemies":"3 Sentries","floor":13,"turns":7},{"damage":9,"enemies":"Looter","floor":14,"turns":3},{"damage":41,"enemies":"Hexaghost","floor":16,"turns":9}],"seed_played":"-3339458495767166603","potions_obtained":[{"floor":1,"key":"Regen Potion"},{"floor":7,"key":"Strength Potion"},{"floor":13,"key":"SteroidPotion"},{"floor":14,"key":"Poison Potion"}],"is_trial":false,"path_per_floor":["M","?","$","M","?","E","?","M","T","R","E","R","E","M","R","B"],"character_chosen":"IRONCLAD","items_purchased":[],"campfire_rested":0,"item_purchase_floors":[],"current_hp_per_floor":[74,74,74,75,64,70,72,64,71,71,57,57,43,40,40,0],"gold":300,"neow_bonus":"THREE_ENEMY_KILL","is_prod":false,"is_daily":false,"chose_seed":false,"campfire_upgraded":3,"win_rate":0,"timestamp":1558827867,"path_taken":["M","?","$","M","?","E","?","M","T","R","E","R","E","M","R","BOSS"],"build_version":"2019-01-23","purchased_purges":0,"victory":false,"max_hp_per_floor":[75,75,75,75,75,75,75,75,82,82,82,82,85,85,85,85],"card_choices":[{"not_picked":["Flex","Pommel Strike"],"picked":"Perfected Strike","floor":1},{"not_picked":["Heavy Blade","Anger","Dual Wield"],"picked":"SKIP","floor":4},{"not_picked":["Corruption","Juggernaut"],"picked":"Cleave","floor":6},{"not_picked":["Twin Strike","Power Through"],"picked":"Uppercut","floor":7},{"not_picked":["Wild Strike","Shrug It Off"],"picked":"Feel No Pain","floor":8},{"not_picked":["Pummel","True Grit"],"picked":"Feed","floor":11},{"not_picked":["Thunderclap","Iron Wave"],"picked":"Battle Trance","floor":13},{"not_picked":["Thunderclap","Wild Strike","Flex"],"picked":"SKIP","floor":14}],"player_experience":477692,"relics_obtained":[{"floor":6,"key":"Vajra"},{"floor":7,"key":"Odd Mushroom"},{"floor":9,"key":"Strawberry"},{"floor":11,"key":"Bird Faced Urn"},{"floor":13,"key":"Mummified Hand"}],"event_choices":[{"cards_removed":["Defend_R"],"damage_healed":0,"gold_gain":0,"player_choice":"Card Removal","damage_taken":0,"max_hp_gain":0,"max_hp_loss":0,"event_name":"The Cleric","floor":2,"gold_loss":75},{"damage_healed":0,"gold_gain":75,"player_choice":"Gather Gold","damage_taken":11,"max_hp_gain":0,"max_hp_loss":0,"event_name":"World of Goop","floor":5,"gold_loss":0},{"damage_healed":0,"gold_gain":0,"player_choice":"Fought Mushrooms","damage_taken":0,"max_hp_gain":0,"max_hp_loss":0,"event_name":"Mushrooms","floor":7,"gold_loss":0}],"is_beta":false,"boss_relics":[],"items_purged_floors":[],"is_endless":false,"potions_floor_spawned":[1,7,13,14],"killed_by":"Hexaghost","ascension_level":18}