{"gold_per_floor":[110,129,9,9,21,52,52,82,82,82,100,120,132,182,182,257,257,271,287,19,19,29,59,59,59],"floor_reached":25,"playtime":1018,"items_purged":["Defend_R"],"score":443,"play_id":"21351b69-e705-456f-98d0-024339c441d4","local_time":"20190522101338","is_ascension_mode":true,"campfire_choices":[{"floor":7,"key":"REST"},{"floor":10,"key":"REST"},{"data":"Perfected Strike","floor":15,"key":"SMITH"},{"data":"Evolve","floor":24,"key":"SMITH"}],"neow_cost":"NONE","seed_source_timestamp":139668480544200,"circlet_count":0,"master_deck":["AscendersBane","Strike_R","Strike_R","Strike_R","Strike_R","Strike_R","Defend_R","Defend_R","Defend_R","Bash","Cleave","Metallicize","Inflame","Rampage","Feel No Pain","Brutality","Sword Boomerang","Perfected Strike+1","Infernal Blade","Rupture","Pommel Strike","Reaper","Hemokinesis","Shockwave+1","Metallicize","Shrug It Off","Sword Boomerang","Evolve+1"],"relics":["Burning Blood","Dream Catcher","Magic Flower","FossilizedHelix","Bird Faced Urn","Philosopher\u0027s Stone","Kunai"],"potions_floor_usage":[6,8,11,18,23,25,25],"damage_taken":[{"damage":2,"enemies":"2 Louse","floor":1,"turns":4},{"damage":16,"enemies":"Small Slimes","floor":2,"turns":3},{"damage":8,"enemies":"Cultist","floor":5,"turns":4},{"damage":44,"enemies":"Lagavulin","floor":6,"turns":8},{"damage":38,"enemies":"Gremlin Nob","floor":8,"turns":5},{"damage":29,"enemies":"Lots of Slimes","floor":11,"turns":4},{"damage":15,"enemies":"Exordium Thugs","floor":12,"turns":5},{"damage":1,"enemies":"Looter","floor":13,"turns":2},{"damage":43,"enemies":"Slime Boss","floor":16,"turns":12},{"damage":19,"enemies":"Chosen","floor":18,"turns":4},{"damage":3,"enemies":"Spheric Guardian","floor":19,"turns":3},{"damage":23,"enemies":"Cultist and Chosen","floor":22,"turns":5},{"damage":69,"enemies":"Gremlin Leader","floor":23,"turns":5},{"damage":86,"enemies":"Book of Stabbing","floor":25,"turns":4}],"seed_played":"-8415486582340912408","potions_obtained":[{"floor":2,"key":"Ancient Potion"},{"floor":5,"key":"Dexterity Potion"},{"floor":8,"key":"BloodPotion"},{"floor":13,"key":"Ancient Potion"},{"floor":18,"key":"SteroidPotion"},{"floor":22,"key":"Regen Potion"},{"floor":23,"key":"Regen Potion"}],"is_trial":false,"path_per_floor":["M","M","$","?","M","E","R","E","T","R","M","M","M","?","R","B",null,"M","M","$","?","M","E","R","E"],"character_chosen":"IRONCLAD","items_purchased":["Inflame","Rampage","Metallicize","Shrug It Off","Sword Boomerang"],"campfire_rested":2,"item_purchase_floors":[3,3,20,20,20],"current_hp_per_floor":[72,62,62,62,60,22,44,15,15,37,37,40,54,54,54,35,65,66,75,75,75,75,32,32,0],"gold":59,"neow_bonus":"RANDOM_COMMON_RELIC","is_prod":false,"is_daily":false,"chose_seed":false,"campfire_upgraded":2,"win_rate":0,"timestamp":1558545218,"path_taken":["M","M","$","?","M","E","R","E","T","R","M","M","M","?","R","BOSS","M","M","$","?","M","E","R","E"],"build_version":"2019-01-23","purchased_purges":1,"victory":false,"max_hp_per_floor":[75,75,75,75,75,75,75,75,75,75,75,75,75,75,75,75,75,75,75,75,75,75,75,75,75],"card_choices":[{"not_picked":["Heavy Blade","Infernal Blade"],"picked":"Cleave","floor":1},{"not_picked":["True Grit","Cleave"],"picked":"Metallicize","floor":2},{"not_picked":["Hemokinesis","Battle Trance"],"picked":"Feel No Pain","floor":5},{"not_picked":["Havoc","Corruption"],"picked":"Brutality","floor":6},{"not_picked":["Body Slam","Iron Wave"],"picked":"Sword Boomerang","floor":7},{"not_picked":["Twin Strike","Flex","Havoc"],"picked":"SKIP","floor":8},{"not_picked":["Flex","Headbutt"],"picked":"Perfected Strike","floor":10},{"not_picked":["True Grit","Sword Boomerang"],"picked":"Infernal Blade","floor":11},{"not_picked":["Metallicize","Juggernaut"],"picked":"Rupture","floor":12},{"not_picked":["Twin Strike","Body Slam"],"picked":"Pommel Strike","floor":13},{"not_picked":["Exhume","Juggernaut"],"picked":"Reaper","floor":16},{"not_picked":["Carnage","Clash"],"picked":"Hemokinesis","floor":18},{"not_picked":["Headbutt","Feel No Pain"],"picked":"Shockwave+1","floor":19},{"not_picked":["Anger","Twin Strike","Cleave"],"picked":"SKIP","floor":22},{"not_picked":["Warcry+1","Corruption"],"picked":"Evolve","floor":23}],"player_experience":472878,"relics_obtained":[{"floor":6,"key":"Magic Flower"},{"floor":8,"key":"FossilizedHelix"},{"floor":9,"key":"Bird Faced Urn"},{"floor":23,"key":"Kunai"}],"event_choices":[{"damage_healed":0,"gold_gain":0,"player_choice":"Ignored","damage_taken":0,"max_hp_gain":0,"max_hp_loss":0,"event_name":"Liars Game","floor":4,"gold_loss":0},{"damage_healed":0,"gold_gain":50,"player_choice":"Pray","damage_taken":0,"max_hp_gain":0,"max_hp_loss":0,"event_name":"Golden Shrine","floor":14,"gold_loss":0},{"damage_healed":0,"gold_gain":0,"player_choice":"Full Heal","damage_taken":0,"max_hp_gain":0,"max_hp_loss":0,"event_name":"Wheel of Change","floor":21,"gold_loss":0}],"is_beta":false,"boss_relics":[{"not_picked":["Mark of Pain","Tiny House"],"picked":"Philosopher\u0027s Stone"}],"items_purged_floors":[20],"is_endless":false,"potions_floor_spawned":[2,5,8,13,18,22,23],"killed_by":"Book of Stabbing","ascension_level":18}