{"gold_per_floor":[119,135,22,22,34,60,60,60,60,60,86,99,134,9,9,85,85,102,102,118,168,180,180,211,211,211,211],"floor_reached":27,"playtime":5714,"items_purged":["Strike_B","Strike_B"],"score":418,"play_id":"a954e68c-19b9-4233-a99f-32cb6c46407a","local_time":"20190413115133","is_ascension_mode":true,"campfire_choices":[{"floor":8,"key":"REST"},{"floor":10,"key":"REST"},{"floor":15,"key":"REST"},{"floor":23,"key":"RECALL"},{"floor":25,"key":"REST"}],"neow_cost":"NONE","seed_source_timestamp":29624750718400,"circlet_count":0,"master_deck":["AscendersBane","Strike_B","Strike_B","Defend_B","Defend_B","Defend_B","Zap","Dualcast","Reinforced Body","Steam","FTL","Beam Cell","Cold Snap","Chill","Self Repair","Blizzard","Go for the Eyes","Biased Cognition","Hologram","Coolheaded","Capacitor","Go for the Eyes"],"relics":["Cracked Core","Omamori","Matryoshka","Odd Mushroom","Bottled Flame","Fusion Hammer","Pantograph","Art of War","Ancient Tea Set","Unceasing Top"],"potions_floor_usage":[16,16,24],"damage_taken":[{"damage":0,"enemies":"Small Slimes","floor":1,"turns":3},{"damage":0,"enemies":"2 Louse","floor":2,"turns":2},{"damage":0,"enemies":"Cultist","floor":5,"turns":3},{"damage":38,"enemies":"Lagavulin","floor":6,"turns":6},{"damage":12,"enemies":"The Mushroom Lair","floor":11,"turns":5},{"damage":8,"enemies":"3 Louse","floor":12,"turns":3},{"damage":34,"enemies":"Gremlin Nob","floor":13,"turns":5},{"damage":31,"enemies":"Slime Boss","floor":16,"turns":16},{"damage":7,"enemies":"Chosen","floor":18,"turns":5},{"damage":7,"enemies":"Spheric Guardian","floor":20,"turns":4},{"damage":4,"enemies":"3 Cultists","floor":22,"turns":6},{"damage":27,"enemies":"Slavers","floor":24,"turns":8},{"damage":83,"enemies":"Gremlin Leader","floor":27,"turns":8}],"seed_played":"-5315193385513736324","potions_obtained":[{"floor":1,"key":"SkillPotion"},{"floor":11,"key":"Explosive Potion"},{"floor":18,"key":"FearPotion"},{"floor":20,"key":"LiquidBronze"}],"is_trial":false,"path_per_floor":["M","M","$","?","M","E","?","R","T","R","?","M","E","$","R","B",null,"M","?","M","?","M","R","E","R","T","E"],"character_chosen":"DEFECT","items_purchased":["FTL","Go for the Eyes"],"campfire_rested":4,"item_purchase_floors":[3,14],"current_hp_per_floor":[71,71,71,64,64,26,26,49,49,72,60,52,25,25,48,24,65,65,65,65,65,68,68,48,71,71,0],"gold":211,"neow_bonus":"TEN_PERCENT_HP_BONUS","is_prod":false,"is_daily":false,"chose_seed":false,"campfire_upgraded":0,"win_rate":0,"timestamp":1555170693,"path_taken":["M","M","$","?","M","E","?","R","T","R","?","M","E","$","R","BOSS","M","?","?","?","?","R","E","R","T","E"],"build_version":"2019-01-23","purchased_purges":2,"victory":false,"max_hp_per_floor":[78,78,78,78,78,78,78,78,78,78,78,78,78,78,78,78,78,78,78,78,78,78,78,78,78,78,78],"card_choices":[{"not_picked":["Rip and Tear","Barrage"],"picked":"Reinforced Body","floor":1},{"not_picked":["Leap","Stack"],"picked":"Steam","floor":2},{"not_picked":["Tempest","Aggregate"],"picked":"Beam Cell","floor":5},{"not_picked":["Hologram","Barrage"],"picked":"Cold Snap","floor":6},{"not_picked":["Cold Snap","Stack"],"picked":"Chill","floor":11},{"not_picked":["Compile Driver","Hello World"],"picked":"Self Repair","floor":12},{"not_picked":["Loop","Lockon"],"picked":"Blizzard","floor":13},{"not_picked":["Fission","Rainbow"],"picked":"Biased Cognition","floor":16},{"not_picked":["Force Field+1","Hello World"],"picked":"Hologram","floor":18},{"not_picked":["Streamline","Steam"],"picked":"Coolheaded","floor":20},{"not_picked":["Compile Driver+1","Double Energy"],"picked":"Capacitor","floor":22},{"not_picked":["Reprogram","Lockon"],"picked":"Go for the Eyes","floor":24}],"player_experience":999902,"relics_obtained":[{"floor":6,"key":"Omamori"},{"floor":9,"key":"Matryoshka"},{"floor":11,"key":"Odd Mushroom"},{"floor":13,"key":"Bottled Flame"},{"floor":24,"key":"Art of War"},{"floor":26,"key":"Ancient Tea Set"},{"floor":26,"key":"Unceasing Top"}],"event_choices":[{"cards_removed":["Defend_B"],"damage_healed":0,"gold_gain":0,"player_choice":"Card Removal","damage_taken":7,"max_hp_gain":0,"max_hp_loss":0,"event_name":"Golden Wing","floor":4,"gold_loss":0},{"damage_healed":0,"gold_gain":0,"player_choice":"Searched \u00270\u0027 times","damage_taken":0,"max_hp_gain":0,"max_hp_loss":0,"event_name":"Dead Adventurer","floor":7,"gold_loss":0},{"damage_healed":0,"gold_gain":0,"player_choice":"Fought Mushrooms","damage_taken":0,"max_hp_gain":0,"max_hp_loss":0,"event_name":"Mushrooms","floor":11,"gold_loss":0},{"damage_healed":0,"gold_gain":0,"player_choice":"Gave Potion","damage_taken":0,"relics_obtained":["Pantograph"],"max_hp_gain":0,"max_hp_loss":0,"event_name":"WeMeetAgain","floor":19,"gold_loss":0},{"damage_healed":0,"gold_gain":50,"player_choice":"Pray","damage_taken":0,"max_hp_gain":0,"max_hp_loss":0,"event_name":"Golden Shrine","floor":21,"gold_loss":0}],"is_beta":false,"boss_relics":[{"not_picked":["FrozenCore","Sozu"],"picked":"Fusion Hammer"}],"items_purged_floors":[3,14],"is_endless":false,"potions_floor_spawned":[1,11,18,20],"killed_by":"Gremlin Leader","ascension_level":15}