{"gold_per_floor":[366,384,384,659,671,671,705,705,730,730,750,526,545,325,325,424,424,390,214,230,145,20,20,20,38,65,82,82,82],"floor_reached":29,"playtime":2376,"items_purged":["Regret"],"score":256,"play_id":"ceadc261-51fe-453d-bed1-eeb681ffc5b0","local_time":"20180815223148","is_ascension_mode":true,"campfire_choices":[{"floor":6,"key":"REST"},{"floor":8,"key":"REST"},{"floor":15,"key":"REST"},{"floor":23,"key":"REST"}],"neow_cost":"PERCENT_DAMAGE","seed_source_timestamp":59958120660119,"circlet_count":0,"master_deck":["Defend_G","Defend_G","Defend_G","Defend_G","Defend_G","Strike_G","Strike_G","Strike_G","Strike_G","Strike_G","Survivor","Neutralize+1","Accuracy","Caltrops+1","Accuracy","Deadly Poison","Bane","Flying Knee","Footwork","Deflect","Blade Dance","Dagger Spray","Finesse","Caltrops","Envenom","Sucker Punch","Choke","Blind","Backflip","Noxious Fumes","Blade Dance","Cloak And Dagger","Infinite Blades"],"relics":["Ring of the Snake","Regal Pillow","Bag of Preparation","Nunchaku","Black Star","Gremlin Horn","Orichalcum"],"potions_floor_usage":[7,7,25,27],"damage_taken":[{"damage":0,"enemies":"Jaw Worm","floor":1,"turns":5},{"damage":0,"enemies":"Small Slimes","floor":2,"turns":3},{"damage":7,"enemies":"Cultist","floor":5,"turns":5},{"damage":23,"enemies":"Gremlin Nob","floor":7,"turns":5},{"damage":2,"enemies":"2 Fungi Beasts","floor":11,"turns":4},{"damage":16,"enemies":"Lots of Slimes","floor":13,"turns":3},{"damage":18,"enemies":"Hexaghost","floor":16,"turns":9},{"damage":37,"enemies":"2 Thieves","floor":18,"turns":5},{"damage":15,"enemies":"Chosen","floor":20,"turns":5},{"damage":37,"enemies":"3 Cultists","floor":25,"turns":5},{"damage":6,"enemies":"Snake Plant","floor":27,"turns":5},{"damage":12,"enemies":"Book of Stabbing","floor":29,"turns":3}],"seed_played":"1081180973695528434","potions_obtained":[{"floor":2,"key":"Fire Potion"},{"floor":5,"key":"PowerPotion"},{"floor":16,"key":"SteroidPotion"},{"floor":25,"key":"GhostInAJar"}],"is_trial":false,"path_per_floor":["M","M","?","?","M","R","E","R","T","T","M","$","M","$","R","B",null,"M","$","M","?","$","R","?","M","T","M","?"],"character_chosen":"THE_SILENT","items_purchased":["Flying Knee","Footwork","Deflect","Dagger Spray","Finesse","Caltrops","Choke","Blind","Noxious Fumes","Blade Dance"],"campfire_rested":4,"item_purchase_floors":[12,12,12,14,14,14,19,19,22,22],"current_hp_per_floor":[49,49,35,35,28,49,26,62,62,62,60,60,44,44,70,52,70,33,33,18,18,18,54,54,17,17,11,11,0],"gold":82,"neow_bonus":"TWO_FIFTY_GOLD","is_prod":false,"is_daily":false,"chose_seed":false,"campfire_upgraded":0,"win_rate":0,"timestamp":1534386708,"path_taken":["M","M","?","?","M","R","E","R","T","?","M","$","M","?","R","BOSS","M","$","?","?","$","R","?","?","T","M","?","E"],"build_version":"2018-08-09","purchased_purges":1,"victory":false,"max_hp_per_floor":[70,70,70,70,70,70,70,70,70,70,70,70,70,70,70,70,70,70,70,70,70,70,70,70,70,70,70,70,70],"card_choices":[{"not_picked":["Sucker Punch","Dodge and Roll"],"picked":"Accuracy","floor":1},{"not_picked":["Backflip","Tactician"],"picked":"Caltrops","floor":2},{"not_picked":["Backflip","Masterful Stab"],"picked":"Accuracy","floor":5},{"not_picked":["Distraction","Doppelganger"],"picked":"Deadly Poison","floor":7},{"not_picked":["Dodge and Roll","Quick Slash"],"picked":"Bane","floor":11},{"not_picked":["Bane","Slice"],"picked":"Blade Dance","floor":13},{"not_picked":["Glass Knife","Wraith Form v2"],"picked":"Envenom","floor":16},{"not_picked":["Dodge and Roll","Prepared"],"picked":"Sucker Punch","floor":18},{"not_picked":["Flying Knee","Deadly Poison"],"picked":"Backflip","floor":20},{"not_picked":["Underhanded Strike","Acrobatics"],"picked":"Cloak And Dagger","floor":25},{"not_picked":["All Out Attack","Caltrops+1"],"picked":"Infinite Blades","floor":27}],"player_experience":76158,"relics_obtained":[{"floor":7,"key":"Regal Pillow"},{"floor":9,"key":"Bag of Preparation"},{"floor":10,"key":"Nunchaku"},{"floor":26,"key":"Orichalcum"}],"event_choices":[{"event_name":"Shining Light","player_choice":"Entered Light","floor":3,"damage_taken":0},{"event_name":"Golden Shrine","player_choice":"Desecrate","floor":4,"damage_taken":0},{"event_name":"Addict","player_choice":"Obtained Relic","floor":21,"damage_taken":0},{"event_name":"Drug Dealer","player_choice":"Ignored","floor":24,"damage_taken":0},{"event_name":"Beggar","player_choice":"Ignored","floor":28,"damage_taken":0}],"is_beta":false,"boss_relics":[{"not_picked":["HoveringKite","Snecko Eye"],"picked":"Black Star"}],"items_purged_floors":[12],"is_endless":false,"potions_floor_spawned":[2,5,16,25],"killed_by":"Book of Stabbing","ascension_level":3}