{"gold_per_floor":[14,14,33,33,53,53,53,69,69,87,137,155,155,172,172,247,247,258,286,201,251,251,251],"floor_reached":23,"playtime":1016,"items_purged":[],"score":317,"play_id":"8bccb471-6d19-4c25-ae23-8f7bcdc65c3f","local_time":"20190220122601","is_ascension_mode":true,"campfire_choices":[{"floor":6.0,"key":"REST"},{"data":"Zap","floor":13.0,"key":"SMITH"},{"data":"Dualcast","floor":15.0,"key":"SMITH"}],"neow_cost":"NO_GOLD","seed_source_timestamp":416473061129200,"circlet_count":0,"master_deck":["AscendersBane","Strike_B+1","Strike_B+1","Defend_B+1","Defend_B+1","Defend_B+1","Defend_B+1","Zap+1","Dualcast+1","Streamline","Sunder","Sweeping Beam","Conserve Battery","Core Surge","Genetic Algorithm","Echo Form","Cold Snap"],"special_seed":0,"relics":["Cracked Core","Dodecahedron","Blood Vial","Sozu","Red Mask","Bag of Marbles"],"potions_floor_usage":[],"damage_taken":[{"damage":0.0,"enemies":"Small Slimes","floor":1.0,"turns":3.0},{"damage":0.0,"enemies":"2 Louse","floor":3.0,"turns":2.0},{"damage":0.0,"enemies":"Cultist","floor":5.0,"turns":3.0},{"damage":0.0,"enemies":"Large Slime","floor":8.0,"turns":3.0},{"damage":6.0,"enemies":"2 Fungi Beasts","floor":10.0,"turns":3.0},{"damage":3.0,"enemies":"3 Louse","floor":12.0,"turns":3.0},{"damage":6.0,"enemies":"Looter","floor":14.0,"turns":2.0},{"damage":50.0,"enemies":"The Guardian","floor":16.0,"turns":11.0},{"damage":25.0,"enemies":"3 Byrds","floor":18.0,"turns":5.0},{"damage":26,"enemies":"Masked Bandits","floor":19,"turns":4},{"damage":24,"enemies":"Slavers","floor":23,"turns":3}],"seed_played":"-3503312534905236339","potions_obtained":[{"floor":10.0,"key":"Poison Potion"},{"floor":14.0,"key":"GamblersBrew"}],"is_trial":false,"path_per_floor":["M","?","M","?","M","R","?","M","T","M","T","M","R","M","R","B",null,"M","?","?","?","?","E"],"character_chosen":"DEFECT","items_purchased":[],"campfire_rested":1,"item_purchase_floors":[],"current_hp_per_floor":[78,71,71,45,45,70,70,70,70,64,64,63,63,59,59,11,67,44,20,20,20,20,0],"gold":251,"neow_bonus":"TWENTY_PERCENT_HP_BONUS","is_prod":false,"is_daily":false,"chose_seed":false,"campfire_upgraded":2,"win_rate":0,"timestamp":1550683561,"path_taken":["M","?","M","?","M","R","?","M","T","M","?","M","R","M","R","BOSS","M","?","?","?","?","E"],"build_version":"2019-01-23","purchased_purges":0,"victory":false,"max_hp_per_floor":[85,85,85,85,85,85,85,85,85,85,85,85,85,85,85,85,85,85,85,85,85,85,85],"card_choices":[{"not_picked":["Turbo","Steam"],"picked":"Streamline","floor":1.0},{"not_picked":["Redo","Tempest","Scrape"],"picked":"SKIP","floor":3.0},{"not_picked":["Redo","Tempest","Scrape"],"picked":"SKIP","floor":3.0},{"not_picked":["Beam Cell","Sweeping Beam"],"picked":"Sunder","floor":5.0},{"not_picked":["Hello World","Force Field"],"picked":"Sweeping Beam","floor":8.0},{"not_picked":["Stack","Barrage"],"picked":"Conserve Battery","floor":10.0},{"not_picked":["Recycle","Heatsinks"],"picked":"Core Surge","floor":12.0},{"not_picked":["Steam","Coolheaded"],"picked":"Genetic Algorithm","floor":14.0},{"not_picked":["Seek","Core Surge"],"picked":"Echo Form","floor":16.0},{"not_picked":["Blizzard","Static Discharge"],"picked":"Cold Snap","floor":18.0}],"player_experience":910941,"relics_obtained":[{"floor":9.0,"key":"Dodecahedron"},{"floor":11.0,"key":"Blood Vial"},{"floor":19,"key":"Red Mask"}],"event_choices":[{"cards_removed":["Strike_B"],"damage_healed":0.0,"max_hp_gain":0.0,"max_hp_loss":0.0,"gold_gain":0.0,"event_name":"Golden Wing","player_choice":"Card Removal","floor":2.0,"gold_loss":0.0,"damage_taken":7.0},{"damage_healed":0.0,"max_hp_gain":0.0,"max_hp_loss":0.0,"gold_gain":0.0,"event_name":"Shining Light","player_choice":"Entered Light","floor":4.0,"gold_loss":0.0,"damage_taken":26.0,"cards_upgraded":["Defend_B","Strike_B"]},{"cards_removed":["Strike_B"],"damage_healed":0.0,"max_hp_gain":0.0,"max_hp_loss":0.0,"gold_gain":0.0,"event_name":"Living Wall","player_choice":"Forget","floor":7.0,"gold_loss":0.0,"damage_taken":0.0},{"damage_healed":0,"gold_gain":0,"player_choice":"Fought Bandits","damage_taken":0,"max_hp_gain":0,"max_hp_loss":0,"event_name":"Masked Bandits","floor":19,"gold_loss":0},{"damage_healed":0,"gold_gain":0,"player_choice":"Obtained Relic","damage_taken":0,"relics_obtained":["Bag of Marbles"],"max_hp_gain":0,"max_hp_loss":0,"event_name":"Addict","floor":20,"gold_loss":85},{"damage_healed":0,"gold_gain":50,"player_choice":"Stole From Cult","damage_taken":0,"max_hp_gain":0,"max_hp_loss":0,"event_name":"Nest","floor":21,"gold_loss":0},{"damage_healed":0,"gold_gain":0,"player_choice":"Simplicity","damage_taken":0,"max_hp_gain":0,"max_hp_loss":0,"event_name":"Back to Basics","floor":22,"gold_loss":0,"cards_upgraded":["Strike_B","Defend_B","Defend_B","Defend_B"]}],"is_beta":false,"boss_relics":[{"not_picked":["Coffee Dripper","Runic Dome"],"picked":"Sozu"}],"items_purged_floors":[],"is_endless":false,"potions_floor_spawned":[10,14],"killed_by":"Slavers","ascension_level":15}