{"gold_per_floor":[19,29,42,42,62,97,109,134,199,237,276,323,351,363,375,462,474,500,512,30,30,40,40,74,74,101,26,46,46,63,77,77,152,202,212,212,226,226,278,309,309,342,342,342,61,61,7,19,19,19],"floor_reached":51,"playtime":1799,"items_purged":["Defend_R"],"score":1524,"play_id":"79b5e704-28b3-4daf-8f5d-4be86fdf4e6c","local_time":"20190610233132","is_ascension_mode":true,"campfire_choices":[{"data":"Whirlwind","floor":7.0,"key":"SMITH"},{"floor":15.0,"key":"REST"},{"floor":23.0,"key":"REST"},{"data":"Limit Break","floor":25.0,"key":"SMITH"},{"data":"Spot Weakness","floor":29.0,"key":"SMITH"},{"floor":32.0,"key":"REST"},{"data":"Bash","floor":41,"key":"SMITH"},{"data":"Seeing Red","floor":46,"key":"SMITH"},{"data":"Sword Boomerang","floor":49,"key":"SMITH"}],"neow_cost":"NO_GOLD","seed_source_timestamp":780517098101152,"circlet_count":0,"master_deck":["AscendersBane","Strike_R+1","Defend_R+1","Bash+1","Seeing Red+1","Infernal Blade+1","Heavy Blade+1","Whirlwind+1","Spot Weakness+1","Inflame","Battle Trance","Shrug It Off","Limit Break+1","Disarm+1","Feel No Pain","Offering","Reaper","Dark Shackles","Shrug It Off+1","Limit Break+1","Sword Boomerang+1","Pummel"],"special_seed":0,"relics":["Burning Blood","MawBank","Tiny Chest","War Paint","Centennial Puzzle","Ancient Tea Set","Empty Cage","Singing Bowl","Strange Spoon","Whetstone","Juzu Bracelet","Tiny House","Champion Belt","Anchor","Ornamental Fan","Strawberry","Mummified Hand"],"potions_floor_usage":[50],"damage_taken":[{"damage":5.0,"enemies":"Small Slimes","floor":1.0,"turns":4.0},{"damage":7.0,"enemies":"Jaw Worm","floor":2.0,"turns":3.0},{"damage":0.0,"enemies":"2 Louse","floor":3.0,"turns":1.0},{"damage":0.0,"enemies":"Lots of Slimes","floor":5.0,"turns":1.0},{"damage":32.0,"enemies":"Gremlin Nob","floor":6.0,"turns":4.0},{"damage":7.0,"enemies":"Looter","floor":8.0,"turns":3.0},{"damage":15.0,"enemies":"Lagavulin","floor":10.0,"turns":5.0},{"damage":6.0,"enemies":"3 Sentries","floor":12.0,"turns":3.0},{"damage":8.0,"enemies":"Blue Slaver","floor":13.0,"turns":3.0},{"damage":44.0,"enemies":"The Guardian","floor":16.0,"turns":9.0},{"damage":8.0,"enemies":"Chosen","floor":18.0,"turns":4.0},{"damage":22.0,"enemies":"Colosseum Slavers","floor":21.0,"turns":2.0},{"damage":15.0,"enemies":"3 Byrds","floor":22.0,"turns":3.0},{"damage":22.0,"enemies":"Gremlin Leader","floor":24.0,"turns":5.0},{"damage":7.0,"enemies":"Centurion and Healer","floor":28.0,"turns":5.0},{"damage":6.0,"enemies":"3 Cultists","floor":30.0,"turns":1.0},{"damage":6.0,"enemies":"Sentry and Sphere","floor":31.0,"turns":3.0},{"damage":20.0,"enemies":"Collector","floor":33.0,"turns":3.0},{"damage":14.0,"enemies":"Orb Walker","floor":35.0,"turns":2.0},{"damage":50.0,"enemies":"3 Shapes","floor":37.0,"turns":4.0},{"damage":38.0,"enemies":"2 Orb Walkers","floor":39.0,"turns":3.0},{"damage":19.0,"enemies":"Giant Head","floor":40.0,"turns":4.0},{"damage":6,"enemies":"Nemesis","floor":42,"turns":3},{"damage":17,"enemies":"Sphere and 2 Shapes","floor":48,"turns":3},{"damage":46,"enemies":"Time Eater","floor":50,"turns":4}],"seed_played":"1078945838465429066","potions_obtained":[{"floor":1.0,"key":"SkillPotion"},{"floor":5.0,"key":"SkillPotion"},{"floor":6.0,"key":"LiquidBronze"},{"floor":10.0,"key":"EssenceOfSteel"},{"floor":16.0,"key":"Strength Potion"},{"floor":18.0,"key":"Swift Potion"},{"floor":28.0,"key":"Swift Potion"},{"floor":31.0,"key":"PowerPotion"},{"floor":34.0,"key":"Strength Potion"},{"floor":37.0,"key":"Fire Potion"},{"floor":39.0,"key":"Poison Potion"}],"is_trial":false,"path_per_floor":["M","M","M","?","M","E","R","M","T","E","T","E","M","?","R","B",null,"M","?","$","?","M","R","E","R","T","$","M","R","M","M","R","B",null,"M","?","M","?","?","E","R","E","T","T","$","R","$","M","R","B",null],"character_chosen":"IRONCLAD","items_purchased":["Singing Bowl","Strange Spoon","Mummified Hand","FearPotion"],"campfire_rested":3,"item_purchase_floors":[20,20,45,47],"current_hp_per_floor":[69,68,74,67,73,47,47,46,46,37,37,37,35,35,57,19,61,59,59,59,43,34,56,42,42,42,42,41,41,43,45,69,57,84,76,76,79,79,49,86,86,86,86,93,93,93,93,84,84,76],"gold":19,"neow_bonus":"TRANSFORM_TWO_CARDS","is_prod":false,"is_daily":false,"chose_seed":false,"campfire_upgraded":6,"win_rate":0,"timestamp":1560180692,"path_taken":["M","M","M","?","M","E","R","M","T","E","?","E","M","?","R","BOSS","M","?","$","?","M","R","E","R","T","?","M","R","M","M","R","BOSS","M","?","M","?","?","E","R","E","T","?","?","R","$","M","R","BOSS"],"build_version":"2019-01-23","purchased_purges":1,"victory":true,"max_hp_per_floor":[75,75,75,75,75,75,75,75,75,75,75,75,75,75,75,75,75,75,75,75,75,75,75,77,77,77,77,77,77,79,81,81,83,90,90,90,90,90,92,92,92,92,92,99,99,99,99,101,101,101],"card_choices":[{"not_picked":["Hemokinesis","Anger"],"picked":"Heavy Blade","floor":1.0},{"not_picked":["Heavy Blade","Rampage"],"picked":"Whirlwind","floor":2.0},{"not_picked":["Blood for Blood","Iron Wave","Havoc"],"picked":"SKIP","floor":3.0},{"not_picked":["Clash","Twin Strike","Pommel Strike"],"picked":"SKIP","floor":5.0},{"not_picked":["Iron Wave","Bludgeon"],"picked":"Spot Weakness","floor":6.0},{"not_picked":["Armaments","Shrug It Off"],"picked":"Inflame","floor":8.0},{"not_picked":["Burning Pact","Evolve"],"picked":"Battle Trance","floor":10.0},{"not_picked":["Sever Soul","Rage"],"picked":"Shrug It Off","floor":12.0},{"not_picked":["Combust","Iron Wave","True Grit"],"picked":"SKIP","floor":13.0},{"not_picked":["Berserk","Immolate"],"picked":"Limit Break","floor":16.0},{"not_picked":["Perfected Strike","Flex"],"picked":"Disarm","floor":18.0},{"not_picked":["Burning Pact","True Grit"],"picked":"Feel No Pain","floor":22.0},{"not_picked":["Heavy Blade","Armaments","Whirlwind"],"picked":"Singing Bowl","floor":24.0},{"not_picked":["Hemokinesis","Headbutt"],"picked":"Offering","floor":28.0},{"not_picked":["Headbutt","Twin Strike+1","Pommel Strike"],"picked":"Singing Bowl","floor":30.0},{"not_picked":["Whirlwind","Uppercut","Flex"],"picked":"Singing Bowl","floor":31.0},{"not_picked":["Brutality","Berserk","Fiend Fire"],"picked":"Singing Bowl","floor":33.0},{"not_picked":["Pommel Strike+1","Cleave+1","Armaments"],"picked":"Singing Bowl","floor":34.0},{"not_picked":["Perfected Strike+1","Wild Strike+1"],"picked":"Reaper","floor":35.0},{"not_picked":["Bandage Up","Dramatic Entrance"],"picked":"Dark Shackles","floor":36.0},{"not_picked":["Perfected Strike+1","Flex+1"],"picked":"Shrug It Off+1","floor":37.0},{"not_picked":["Searing Blow","Spot Weakness","Carnage"],"picked":"Singing Bowl","floor":39.0},{"not_picked":["Headbutt","Bludgeon"],"picked":"Sword Boomerang","floor":40},{"not_picked":["Sword Boomerang","Clash"],"picked":"Pummel","floor":42},{"not_picked":["Hemokinesis","Flame Barrier","Rampage+1"],"picked":"Singing Bowl","floor":48}],"player_experience":662670,"relics_obtained":[{"floor":6.0,"key":"MawBank"},{"floor":9.0,"key":"Tiny Chest"},{"floor":10.0,"key":"War Paint"},{"floor":11.0,"key":"Centennial Puzzle"},{"floor":12.0,"key":"Ancient Tea Set"},{"floor":24.0,"key":"Whetstone"},{"floor":26.0,"key":"Juzu Bracelet"},{"floor":39.0,"key":"Champion Belt"},{"floor":42,"key":"Anchor"},{"floor":43,"key":"Ornamental Fan"},{"floor":44,"key":"Strawberry"}],"event_choices":[{"cards_removed":["Strike_R"],"damage_healed":0.0,"max_hp_gain":0.0,"max_hp_loss":0.0,"gold_gain":0.0,"event_name":"Golden Wing","player_choice":"Card Removal","floor":4.0,"gold_loss":0.0,"damage_taken":7.0},{"cards_removed":["Strike_R"],"damage_healed":0.0,"max_hp_gain":0.0,"max_hp_loss":0.0,"gold_gain":0.0,"event_name":"Living Wall","player_choice":"Forget","floor":14.0,"gold_loss":0.0,"damage_taken":0.0},{"damage_healed":0.0,"max_hp_gain":0.0,"max_hp_loss":0.0,"gold_gain":0.0,"event_name":"Vampires","player_choice":"Ignored","floor":19.0,"gold_loss":0.0,"damage_taken":0.0},{"damage_healed":0.0,"max_hp_gain":0.0,"max_hp_loss":0.0,"gold_gain":0.0,"event_name":"Colosseum","player_choice":"Fight","floor":21.0,"gold_loss":0.0,"damage_taken":0.0},{"damage_healed":0.0,"max_hp_gain":0.0,"max_hp_loss":0.0,"gold_gain":0.0,"event_name":"Colosseum","player_choice":"Fled From Nobs","floor":21.0,"gold_loss":0.0,"damage_taken":0.0},{"damage_healed":0.0,"max_hp_gain":0.0,"max_hp_loss":0.0,"gold_gain":0.0,"event_name":"SensoryStone","player_choice":"Memory 1","floor":36.0,"gold_loss":0.0,"damage_taken":0.0},{"damage_healed":0.0,"max_hp_gain":0.0,"max_hp_loss":0.0,"gold_gain":0.0,"event_name":"Duplicator","player_choice":"Copied","floor":38.0,"gold_loss":0.0,"damage_taken":0.0,"cards_obtained":["Limit Break"]},{"damage_healed":0.0,"max_hp_gain":0.0,"max_hp_loss":0.0,"gold_gain":0.0,"event_name":"Mysterious Sphere","player_choice":"Fight","floor":39.0,"gold_loss":0.0,"damage_taken":0.0}],"is_beta":false,"boss_relics":[{"not_picked":["Runic Dome","Orrery"],"picked":"Empty Cage"},{"not_picked":["Eternal Feather","Coffee Dripper"],"picked":"Tiny House"}],"items_purged_floors":[27],"is_endless":false,"potions_floor_spawned":[1,5,6,10,16,18,21,28,31,37,39],"ascension_level":19}