{"gold_per_floor":[216,230,242,255,255,255,274,274,354,354,354,374,405,423,423,498,498,515,98,111,125,125,125,138,138,138,138,155,69,87,100,100,176,176,186,186,186],"floor_reached":37,"playtime":1661,"items_purged":["Defend_R"],"score":713,"play_id":"4510031e-7c9a-493d-9b0d-2d32280d2f1e","local_time":"20190525185517","is_ascension_mode":true,"campfire_choices":[{"data":"Bash","floor":6.0,"key":"SMITH"},{"data":"Flame Barrier","floor":8.0,"key":"SMITH"},{"data":"Carnage","floor":10.0,"key":"SMITH"},{"data":"Inflame","floor":15.0,"key":"SMITH"},{"floor":23.0,"key":"REST"},{"floor":32.0,"key":"REST"}],"neow_cost":"NONE","seed_source_timestamp":424901822518500,"circlet_count":0,"master_deck":["AscendersBane","Strike_R","Strike_R","Strike_R","Strike_R","Strike_R+1","Defend_R","Defend_R","Defend_R","Bash+1","Carnage+1","Cleave","Disarm+1","Flame Barrier+1","Inflame+1","Fiend Fire","Disarm+1","True Grit+1","Deep Breath+1","The Bomb+1","Shrug It Off+1","Shrug It Off+1","Offering+1","Ghostly Armor+1","Immolate","Shrug It Off+1"],"special_seed":0,"relics":["Burning Blood","Toxic Egg 2","Gambling Chip","Velvet Choker","Ancient Tea Set","Eternal Feather"],"potions_floor_usage":[37],"damage_taken":[{"damage":8.0,"enemies":"2 Louse","floor":1.0,"turns":4.0},{"damage":9.0,"enemies":"Jaw Worm","floor":2.0,"turns":4.0},{"damage":1.0,"enemies":"Cultist","floor":3.0,"turns":3.0},{"damage":13.0,"enemies":"3 Louse","floor":4.0,"turns":3.0},{"damage":7.0,"enemies":"Exordium Wildlife","floor":7.0,"turns":5.0},{"damage":4.0,"enemies":"Large Slime","floor":12.0,"turns":5.0},{"damage":35.0,"enemies":"3 Sentries","floor":13.0,"turns":7.0},{"damage":1.0,"enemies":"3 Louse","floor":14.0,"turns":3.0},{"damage":37.0,"enemies":"Hexaghost","floor":16.0,"turns":10.0},{"damage":26.0,"enemies":"Shell Parasite","floor":18.0,"turns":3.0},{"damage":24.0,"enemies":"3 Byrds","floor":20.0,"turns":5.0},{"damage":14.0,"enemies":"Sentry and Sphere","floor":21.0,"turns":4.0},{"damage":0.0,"enemies":"Chosen and Byrds","floor":24.0,"turns":3.0},{"damage":3.0,"enemies":"Snake Plant","floor":28.0,"turns":4.0},{"damage":16.0,"enemies":"3 Cultists","floor":30.0,"turns":4.0},{"damage":6.0,"enemies":"Centurion and Healer","floor":31.0,"turns":5.0},{"damage":38.0,"enemies":"Automaton","floor":33.0,"turns":10.0},{"damage":8.0,"enemies":"Orb Walker","floor":35.0,"turns":3.0},{"damage":63,"enemies":"Time Eater","floor":37,"turns":9}],"seed_played":"-3627440651049462754","potions_obtained":[{"floor":1.0,"key":"Ancient Potion"},{"floor":2.0,"key":"EssenceOfSteel"},{"floor":14.0,"key":"Dexterity Potion"},{"floor":31.0,"key":"Strength Potion"},{"floor":35.0,"key":"Poison Potion"}],"is_trial":false,"path_per_floor":["M","M","M","M","?","R","M","R","T","R","?","M","E","M","R","B",null,"M","$","M","M","?","R","M","?","T","?","M","$","M","M","R","B",null,"M","?","B"],"character_chosen":"IRONCLAD","items_purchased":["True Grit+1","Deep Breath+1","The Bomb+1","Offering+1"],"campfire_rested":2,"item_purchase_floors":[19,19,19,29],"current_hp_per_floor":[66,63,68,61,38,38,37,37,37,37,75,75,46,51,51,20,61,41,41,23,15,15,37,43,22,22,22,25,25,15,15,39,7,62,60,60,0],"gold":186,"neow_bonus":"HUNDRED_GOLD","is_prod":false,"is_daily":false,"chose_seed":false,"campfire_upgraded":4,"win_rate":0,"timestamp":1558835717,"path_taken":["M","M","M","M","?","R","M","R","T","R","?","M","E","M","R","BOSS","M","?","M","M","?","R","?","?","T","?","M","$","M","M","R","BOSS","M","?","BOSS"],"build_version":"2019-01-23","purchased_purges":1,"victory":false,"max_hp_per_floor":[75,75,75,75,75,75,75,75,75,75,75,75,75,75,75,75,75,75,75,75,75,75,75,75,80,80,80,80,80,80,80,80,80,80,80,80,80],"card_choices":[{"not_picked":["Bloodletting","Heavy Blade"],"picked":"Carnage","floor":1.0},{"not_picked":["Wild Strike","Flex"],"picked":"Cleave","floor":2.0},{"not_picked":["Dropkick","True Grit"],"picked":"Disarm","floor":3.0},{"not_picked":["Pummel","Anger","Iron Wave"],"picked":"SKIP","floor":4.0},{"not_picked":["Perfected Strike","Armaments"],"picked":"Flame Barrier","floor":7.0},{"not_picked":["Sentinel+1","Wild Strike","Clothesline"],"picked":"SKIP","floor":12.0},{"not_picked":["Pommel Strike","Seeing Red+1"],"picked":"Inflame","floor":13.0},{"not_picked":["Power Through+1","Body Slam"],"picked":"Fiend Fire","floor":14.0},{"not_picked":["Perfected Strike","Seeing Red+1"],"picked":"Disarm+1","floor":18.0},{"not_picked":["Power Through+1","Pummel+1"],"picked":"Shrug It Off+1","floor":20.0},{"not_picked":["Clothesline","Evolve"],"picked":"Shrug It Off+1","floor":21.0},{"not_picked":["Sever Soul","Carnage","Whirlwind"],"picked":"SKIP","floor":24.0},{"not_picked":["Thunderclap","Burning Pact+1","Carnage"],"picked":"SKIP","floor":28.0},{"not_picked":["Metallicize","Reckless Charge"],"picked":"Ghostly Armor+1","floor":30.0},{"not_picked":["Power Through+1","Corruption","Dual Wield+1"],"picked":"SKIP","floor":31.0},{"not_picked":["Reaper","Barricade"],"picked":"Immolate","floor":33.0},{"not_picked":["Armaments+1","Heavy Blade"],"picked":"Shrug It Off+1","floor":35.0}],"player_experience":478486,"relics_obtained":[{"floor":9.0,"key":"Toxic Egg 2"},{"floor":13.0,"key":"Gambling Chip"},{"floor":26.0,"key":"Ancient Tea Set"}],"event_choices":[{"damage_healed":0.0,"max_hp_gain":0.0,"max_hp_loss":0.0,"gold_gain":0.0,"event_name":"Shining Light","player_choice":"Entered Light","floor":5.0,"gold_loss":0.0,"damage_taken":23.0,"cards_upgraded":["Strike_R","Disarm"]},{"damage_healed":38.0,"max_hp_gain":0.0,"max_hp_loss":0.0,"gold_gain":0.0,"event_name":"Wheel of Change","player_choice":"Full Heal","floor":11.0,"gold_loss":0.0,"damage_taken":0.0},{"damage_healed":0.0,"max_hp_gain":0.0,"max_hp_loss":0.0,"gold_gain":0.0,"event_name":"The Mausoleum","player_choice":"Ignored","floor":22.0,"gold_loss":0.0,"damage_taken":0.0},{"damage_healed":0.0,"max_hp_gain":5.0,"max_hp_loss":0.0,"gold_gain":0.0,"event_name":"Forgotten Altar","player_choice":"Shed Blood","floor":25.0,"gold_loss":0.0,"damage_taken":26.0},{"damage_healed":0.0,"max_hp_gain":0.0,"max_hp_loss":0.0,"gold_gain":0.0,"event_name":"Vampires","player_choice":"Ignored","floor":27.0,"gold_loss":0.0,"damage_taken":0.0},{"damage_healed":0.0,"max_hp_gain":0.0,"max_hp_loss":0.0,"gold_gain":0.0,"event_name":"SecretPortal","player_choice":"Took Portal","floor":36.0,"gold_loss":0.0,"damage_taken":0.0}],"is_beta":false,"boss_relics":[{"not_picked":["Orrery","Black Star"],"picked":"Velvet Choker"},{"not_picked":["Coffee Dripper","Calling Bell"],"picked":"Eternal Feather"}],"items_purged_floors":[19],"is_endless":false,"potions_floor_spawned":[1,2,12,14,18,28,31,35],"killed_by":"Time Eater","ascension_level":18}