{"gold_per_floor":[110,121,133,133,143,170,170,185,185,185,197,197,209,65,65,65],"floor_reached":16,"playtime":1293,"items_purged":[],"score":104,"play_id":"6465d28a-92ef-4130-b0ed-08775fe25525","local_time":"20180702110626","is_ascension_mode":false,"campfire_choices":[{"data":"Redo","floor":7,"key":"SMITH"},{"data":"Double Energy","floor":10,"key":"SMITH"},{"floor":15,"key":"REST"}],"neow_cost":"TEN_PERCENT_HP_LOSS","seed_source_timestamp":291771161923,"circlet_count":0,"master_deck":["Strike_B","Strike_B","Strike_B","Strike_B","Defend_B","Defend_B","Defend_B","Defend_B","Zap","Dualcast","Auto Shields","Skim+1","Double Energy+1","Injury","Redo+1","Hologram","Skim","Storm","Steam Power"],"relics":["Cracked Core","Du-Vu Doll","Meat on the Bone","Bottled Flame","Orichalcum","Lantern"],"potions_floor_usage":[6,13,16,16],"damage_taken":[{"damage":0,"enemies":"Cultist","floor":1,"turns":3},{"damage":1,"enemies":"Jaw Worm","floor":2,"turns":5},{"damage":2,"enemies":"Small Slimes","floor":3,"turns":4},{"damage":1,"enemies":"3 Louse","floor":5,"turns":4},{"damage":25,"enemies":"Gremlin Nob","floor":6,"turns":4},{"damage":6,"enemies":"Blue Slaver","floor":8,"turns":3},{"damage":13,"enemies":"Lots of Slimes","floor":11,"turns":4},{"damage":7,"enemies":"Exordium Thugs","floor":13,"turns":5},{"damage":81,"enemies":"The Guardian","floor":16,"turns":12}],"seed_played":"3800894854893597240","potions_obtained":[{"floor":1,"key":"Explosive Potion"},{"floor":5,"key":"SpeedPotion"},{"floor":8,"key":"SpeedPotion"},{"floor":13,"key":"Swift Potion"}],"is_trial":false,"path_per_floor":["M","M","M","?","M","E","R","M","T","R","M","T","M","$","R"],"character_chosen":"DEFECT","items_purchased":["Lantern"],"campfire_rested":1,"item_purchase_floors":[14],"current_hp_per_floor":[68,67,65,65,64,39,39,45,45,45,44,44,37,37,57,0],"gold":65,"neow_bonus":"ONE_RARE_RELIC","is_prod":false,"is_daily":false,"chose_seed":false,"campfire_upgraded":2,"win_rate":0.0,"timestamp":1530518786,"path_taken":["M","M","?","?","M","E","R","M","T","R","M","?","M","?","R","BOSS"],"build_version":"2018-06-28","purchased_purges":0,"victory":false,"max_hp_per_floor":[68,68,68,68,68,68,68,68,68,68,68,68,68,68,68,68],"card_choices":[{"not_picked":["Barrage","Conserve Battery"],"picked":"Auto Shields","floor":1},{"not_picked":["BootSequence","Storm"],"picked":"Skim","floor":2},{"not_picked":["Conserve Battery","Hologram"],"picked":"Double Energy","floor":3},{"not_picked":["Doom and Gloom","Loop"],"picked":"Redo","floor":5},{"not_picked":["Gash","Chill"],"picked":"Hologram","floor":6},{"not_picked":["Echo Form","Cold Snap"],"picked":"Skim","floor":8},{"not_picked":["Gash","Go for the Eyes"],"picked":"Storm","floor":11},{"not_picked":["Sweeping Beam","Ball Lightning"],"picked":"Steam Power","floor":13}],"player_experience":43912,"relics_obtained":[{"floor":6,"key":"Meat on the Bone"},{"floor":9,"key":"Bottled Flame"},{"floor":12,"key":"Orichalcum"}],"event_choices":[{"event_name":"Accursed Blacksmith","player_choice":"Forge","floor":4,"damage_taken":0}],"boss_relics":[],"items_purged_floors":[],"is_endless":false,"potions_floor_spawned":[1,5,8,13],"killed_by":"The Guardian","ascension_level":0}