{"gold_per_floor":[114,125,125,143,68,94,94,128,210,228,243,243,270,270,270,346,346,360,155,174,89,89,123,123,123,177,177,245,245,257,47,47,123,123,133,1182,1232,1292,795,892,892,524,550,600,182,182,252,48,48,48],"floor_reached":51,"playtime":10395,"items_purged":["Normality","Normality"],"score":1340,"play_id":"ea2d310e-43ed-41f7-89e5-a0a24938a687","local_time":"20190608205603","is_ascension_mode":true,"campfire_choices":[{"data":"Deadly Poison","floor":7.0,"key":"SMITH"},{"data":"Skewer","floor":12.0,"key":"SMITH"},{"data":"Deadly Poison","floor":15.0,"key":"SMITH"},{"data":"Catalyst","floor":24.0,"key":"SMITH"},{"data":"Wraith Form v2","floor":27.0,"key":"SMITH"},{"floor":29.0,"key":"REST"},{"data":"Noxious Fumes","floor":32.0,"key":"SMITH"},{"data":"Apotheosis","floor":41,"key":"SMITH"},{"data":"Well Laid Plans","floor":46,"key":"SMITH"},{"floor":49,"key":"REST"}],"neow_cost":"NONE","seed_source_timestamp":2054070223192807,"circlet_count":0,"master_deck":["AscendersBane","Defend_G","Defend_G","Defend_G","Defend_G","Defend_G","Survivor","Neutralize","Skewer+1","Dagger Spray+1","Cloak And Dagger","Deadly Poison+1","Dagger Spray+1","Deadly Poison+1","Well Laid Plans+1","Wraith Form v2+1","Malaise","Quick Slash+1","Backstab+1","Flechettes+1","Noxious Fumes+1","Catalyst+1","After Image","Backflip","Adrenaline","Blur","Leg Sweep","PiercingWail","Apotheosis+1"],"special_seed":0,"relics":["Ring of the Snake","NeowsBlessing","Thread and Needle","Orichalcum","Gremlin Horn","Pen Nib","Letter Opener","Astrolabe","Potion Belt","Prayer Wheel","SsserpentHead","Bag of Preparation","Oddly Smooth Stone","Cauldron","Cursed Key","Blood Vial","Incense Burner","Pear","Whetstone","Bottled Tornado","Centennial Puzzle"],"potions_floor_usage":[50,50,50],"damage_taken":[{"damage":0.0,"enemies":"2 Louse","floor":1.0,"turns":1.0},{"damage":0.0,"enemies":"Cultist","floor":2.0,"turns":1.0},{"damage":0.0,"enemies":"Small Slimes","floor":4.0,"turns":1.0},{"damage":17.0,"enemies":"Lagavulin","floor":6.0,"turns":7.0},{"damage":16.0,"enemies":"3 Sentries","floor":8.0,"turns":6.0},{"damage":3.0,"enemies":"Exordium Wildlife","floor":10.0,"turns":4.0},{"damage":0.0,"enemies":"Red Slaver","floor":11.0,"turns":4.0},{"damage":7.0,"enemies":"Lagavulin","floor":13.0,"turns":7.0},{"damage":2.0,"enemies":"The Guardian","floor":16.0,"turns":10.0},{"damage":0.0,"enemies":"2 Thieves","floor":18.0,"turns":2.0},{"damage":8.0,"enemies":"3 Byrds","floor":20.0,"turns":3.0},{"damage":28.0,"enemies":"Gremlin Leader","floor":23.0,"turns":6.0},{"damage":0.0,"enemies":"Snake Plant","floor":28.0,"turns":3.0},{"damage":12.0,"enemies":"Shelled Parasite and Fungi","floor":30.0,"turns":4.0},{"damage":29.0,"enemies":"Collector","floor":33.0,"turns":6.0},{"damage":0.0,"enemies":"3 Shapes","floor":35.0,"turns":4.0},{"damage":13,"enemies":"Orb Walker","floor":38,"turns":3},{"damage":17,"enemies":"2 Orb Walkers","floor":40,"turns":4},{"damage":0,"enemies":"4 Shapes","floor":47,"turns":3},{"damage":0,"enemies":"Time Eater","floor":50,"turns":13}],"seed_played":"2349160316203095825","potions_obtained":[{"floor":4.0,"key":"Poison Potion"},{"floor":8.0,"key":"Dexterity Potion"},{"floor":10.0,"key":"Weak Potion"},{"floor":18.0,"key":"Strength Potion"},{"floor":23.0,"key":"Regen Potion"},{"floor":31.0,"key":"Swift Potion"},{"floor":31.0,"key":"EntropicBrew"},{"floor":31.0,"key":"Strength Potion"},{"floor":31.0,"key":"GamblersBrew"},{"floor":33.0,"key":"FearPotion"}],"is_trial":false,"path_per_floor":["M","M","?","M","?","E","R","E","T","M","M","R","E","T","R","B",null,"M","$","M","?","?","E","R","$","T","R","M","R","M","$","R","B",null,"M","?","?","M","$","?","R","$","T","?","$","R","M","$","R","B",null],"character_chosen":"THE_SILENT","items_purchased":["Noxious Fumes","Potion Belt","Cauldron","Apotheosis","SkillPotion","Blood Vial","Pear","Bottled Tornado","EssenceOfSteel","Strength Potion","GhostInAJar","Centennial Puzzle"],"campfire_rested":2,"item_purchase_floors":[19,19,31,39,39,39,42,45,45,45,48,48],"current_hp_per_floor":[59,59,59,59,59,42,42,26,26,23,23,23,16,16,16,14,53,53,53,45,45,45,17,17,17,17,17,17,36,36,36,36,7,51,51,51,51,38,38,23,23,33,33,33,33,33,35,35,57,59],"gold":48,"neow_bonus":"THREE_ENEMY_KILL","is_prod":false,"is_daily":false,"chose_seed":false,"campfire_upgraded":8,"win_rate":0,"timestamp":1560020163,"path_taken":["M","M","?","?","?","E","R","E","T","M","M","R","E","?","R","BOSS","M","$","M","?","?","E","R","$","T","R","?","R","M","$","R","BOSS","M","?","?","?","$","?","R","$","T","?","$","R","?","?","R","BOSS"],"build_version":"2019-01-23","purchased_purges":2,"victory":true,"max_hp_per_floor":[66,66,66,66,66,66,66,66,66,66,66,66,66,66,66,66,66,66,66,66,66,66,66,66,66,66,66,66,66,66,66,66,66,66,66,66,66,66,66,66,66,76,76,76,76,76,76,76,76,76],"card_choices":[{"not_picked":["Flying Knee","Deflect"],"picked":"Skewer","floor":1.0},{"not_picked":["Bouncing Flask","Blade Dance"],"picked":"Dagger Spray","floor":2.0},{"not_picked":["Backflip","Expertise"],"picked":"Deadly Poison","floor":4.0},{"not_picked":["All Out Attack","PiercingWail"],"picked":"Dagger Spray","floor":6.0},{"not_picked":["Escape Plan","Poisoned Stab"],"picked":"Deadly Poison","floor":8.0},{"not_picked":["Sucker Punch","Predator","Dagger Spray"],"picked":"SKIP","floor":10.0},{"not_picked":["Quick Slash","Distraction"],"picked":"Well Laid Plans","floor":11.0},{"not_picked":["Setup","Blade Dance"],"picked":"Wraith Form v2","floor":13.0},{"not_picked":["Envenom","Tools of the Trade"],"picked":"Malaise","floor":16.0},{"not_picked":["Acrobatics","Cloak And Dagger","Accuracy"],"picked":"SKIP","floor":18.0},{"not_picked":["Flechettes","Caltrops","Deadly Poison"],"picked":"SKIP","floor":20.0},{"not_picked":["Acrobatics","Predator"],"picked":"Catalyst","floor":23.0},{"not_picked":["Sucker Punch+1","Endless Agony"],"picked":"After Image","floor":28.0},{"not_picked":["Outmaneuver","Blade Dance","Dagger Throw"],"picked":"SKIP","floor":28.0},{"not_picked":["Dagger Throw","Masterful Stab"],"picked":"Backflip","floor":30.0},{"not_picked":["Sucker Punch","Underhanded Strike","Accuracy+1"],"picked":"SKIP","floor":30.0},{"not_picked":["Die Die Die","Envenom"],"picked":"Adrenaline","floor":33.0},{"not_picked":["Concentrate+1","Cloak And Dagger+1"],"picked":"Blur","floor":35.0},{"not_picked":["Infinite Blades+1","Acrobatics+1"],"picked":"Leg Sweep","floor":35.0},{"not_picked":["Deflect","Prepared+1"],"picked":"PiercingWail","floor":38},{"not_picked":["Dagger Spray","Dodge and Roll","Blade Dance"],"picked":"SKIP","floor":38},{"not_picked":["Blade Dance+1","Underhanded Strike","Quick Slash"],"picked":"SKIP","floor":47},{"not_picked":["Dash","All Out Attack","Glass Knife"],"picked":"SKIP","floor":47}],"player_experience":829860,"relics_obtained":[{"floor":6.0,"key":"Thread and Needle"},{"floor":8.0,"key":"Orichalcum"},{"floor":9.0,"key":"Gremlin Horn"},{"floor":13.0,"key":"Pen Nib"},{"floor":14.0,"key":"Letter Opener"},{"floor":23.0,"key":"Bag of Preparation"},{"floor":26.0,"key":"Oddly Smooth Stone"},{"floor":40,"key":"Incense Burner"},{"floor":43,"key":"Whetstone"}],"event_choices":[{"damage_healed":0.0,"max_hp_gain":0.0,"max_hp_loss":0.0,"gold_gain":0.0,"cards_transformed":["Strike_G"],"event_name":"Transmorgrifier","player_choice":"Transformed","floor":3.0,"gold_loss":0.0,"damage_taken":0.0,"cards_obtained":["Cloak And Dagger"]},{"cards_removed":["Strike_G"],"damage_healed":0.0,"max_hp_gain":0.0,"max_hp_loss":0.0,"gold_gain":0.0,"event_name":"The Cleric","player_choice":"Card Removal","floor":5.0,"gold_loss":75.0,"damage_taken":0.0},{"damage_healed":0.0,"max_hp_gain":0.0,"max_hp_loss":0.0,"gold_gain":0.0,"event_name":"Addict","player_choice":"Obtained Relic","floor":21.0,"gold_loss":85.0,"damage_taken":0.0,"relics_obtained":["Prayer Wheel"]},{"damage_healed":0.0,"max_hp_gain":0.0,"max_hp_loss":0.0,"gold_gain":0.0,"event_name":"FaceTrader","player_choice":"Trade","floor":22.0,"gold_loss":0.0,"damage_taken":0.0,"relics_obtained":["SsserpentHead"]},{"damage_healed":0.0,"max_hp_gain":0.0,"max_hp_loss":0.0,"gold_gain":999.0,"event_name":"MindBloom","player_choice":"Gold","floor":36.0,"gold_loss":0.0,"damage_taken":0.0,"cards_obtained":["Normality","Normality"]},{"damage_healed":0.0,"max_hp_gain":0.0,"max_hp_loss":0.0,"gold_gain":0.0,"event_name":"Match and Keep!","player_choice":"0 cards matched","floor":37.0,"gold_loss":0.0,"damage_taken":0.0,"cards_obtained":[]},{"damage_healed":0,"gold_gain":0,"player_choice":"Fight","damage_taken":0,"max_hp_gain":0,"max_hp_loss":0,"event_name":"Mysterious Sphere","floor":40,"gold_loss":0},{"cards_removed":["Writhe"],"damage_healed":0,"gold_gain":0,"player_choice":"Removed Curses","damage_taken":0,"max_hp_gain":0,"max_hp_loss":0,"event_name":"Fountain of Cleansing","floor":44,"gold_loss":0}],"is_beta":false,"boss_relics":[{"not_picked":["Lizard Tail","Black Star"],"picked":"Astrolabe"},{"not_picked":["Snecko Eye","Eternal Feather"],"picked":"Cursed Key"}],"items_purged_floors":[39,42],"is_endless":false,"potions_floor_spawned":[4,8,10,18,23,33],"ascension_level":18}