{"gold_per_floor":[16,29,29,29,44,74,92,112,112,112,128,148,148,158,158,262,262,245,245,245,327,344,344,361,372,372,372,386,96,131,91,91,195,195,209,209,222,222,222,222,235,235,235,235],"floor_reached":44,"playtime":3867,"items_purged":[],"score":547,"play_id":"5faf9854-89bd-4bb8-8ebb-87ee363b6b95","local_time":"20180829154203","is_ascension_mode":true,"campfire_choices":[{"floor":10,"key":"REST"},{"floor":15,"key":"REST"},{"data":"Terror","floor":23,"key":"SMITH"},{"data":"Neutralize","floor":27,"key":"SMITH"},{"floor":32,"key":"REST"},{"floor":40,"key":"REST"}],"neow_cost":"NO_GOLD","seed_source_timestamp":1243494728121256,"circlet_count":0,"master_deck":["Defend_G","Defend_G","Defend_G","Defend_G","Defend_G+1","Survivor+1","Neutralize+1","Terror+1","Slice+1","Riddle With Holes","Poisoned Stab","Concentrate","Noxious Fumes+1","Sucker Punch","Heel Hook","Corpse Explosion","Footwork+1","Bite","Bite","Bite+1","Bite","Bite","PiercingWail","Blur","Backstab","Blade Dance+1","Sadistic Nature+1","Noxious Fumes+1","Deadly Poison","Catalyst","Adrenaline","PiercingWail+1","Writhe","Riddle With Holes","Crippling Poison"],"relics":["Ring of the Snake","Nunchaku","Pen Nib","Frozen Egg 2","Philosopher\u0027s Stone","MutagenicStrength","Shuriken","Paper Crane","Question Card","Lizard Tail","NlothsMask"],"potions_floor_usage":[6,12,16,16,22,24,30,35,44],"damage_taken":[{"damage":0,"enemies":"Cultist","floor":1,"turns":5},{"damage":0,"enemies":"2 Louse","floor":2,"turns":4},{"damage":0,"enemies":"Small Slimes","floor":5,"turns":2},{"damage":43,"enemies":"3 Sentries","floor":6,"turns":10},{"damage":9,"enemies":"2 Fungi Beasts","floor":7,"turns":4},{"damage":0,"enemies":"Exordium Thugs","floor":8,"turns":4},{"damage":0,"enemies":"Looter","floor":11,"turns":3},{"damage":1,"enemies":"2 Fungi Beasts","floor":12,"turns":3},{"damage":5,"enemies":"Exordium Wildlife","floor":14,"turns":4},{"damage":40,"enemies":"The Guardian","floor":16,"turns":10},{"damage":0,"enemies":"2 Thieves","floor":18,"turns":4},{"damage":0,"enemies":"Chosen","floor":22,"turns":3},{"damage":15,"enemies":"Snecko","floor":24,"turns":3},{"damage":0,"enemies":"Cultist and Chosen","floor":25,"turns":3},{"damage":8,"enemies":"3 Cultists","floor":28,"turns":5},{"damage":43,"enemies":"Slavers","floor":30,"turns":6},{"damage":9,"enemies":"Collector","floor":33,"turns":6},{"damage":67,"enemies":"3 Darklings","floor":35,"turns":4},{"damage":24,"enemies":"3 Shapes","floor":37,"turns":4},{"damage":20,"enemies":"3 Darklings","floor":41,"turns":5},{"damage":28,"enemies":"Sphere and 2 Shapes","floor":44,"turns":3}],"seed_played":"-6981072981752167589","potions_obtained":[{"floor":1,"key":"SkillPotion"},{"floor":5,"key":"Ancient Potion"},{"floor":7,"key":"SneckoOil"},{"floor":8,"key":"EssenceOfSteel"},{"floor":11,"key":"Explosive Potion"},{"floor":14,"key":"Regen Potion"},{"floor":22,"key":"SkillPotion"},{"floor":25,"key":"Block Potion"},{"floor":33,"key":"Energy Potion"},{"floor":41,"key":"Regen Potion"}],"is_trial":false,"path_per_floor":["M","M","?","?","M","E","M","M","T","R","M","M","?","M","R","B",null,"M","?","?","T","M","R","M","M","T","R","M","$","E","?","R","B",null,"M","?","M","?","?","R","M","?","T"],"character_chosen":"THE_SILENT","items_purchased":["Sadistic Nature+1","Noxious Fumes+1","Deadly Poison"],"campfire_rested":4,"item_purchase_floors":[29,29,29],"current_hp_per_floor":[70,70,70,70,70,27,18,18,18,39,39,38,24,19,40,15,70,70,70,49,49,49,49,36,40,40,40,40,40,5,5,19,21,49,17,29,10,10,10,24,12,12,12,0],"gold":235,"neow_bonus":"ONE_RARE_RELIC","is_prod":false,"is_daily":false,"chose_seed":false,"campfire_upgraded":2,"win_rate":0,"timestamp":1535571723,"path_taken":["M","?","?","?","M","E","M","M","T","R","M","M","?","M","R","BOSS","M","?","?","?","?","R","M","M","T","R","M","$","E","?","R","BOSS","M","?","M","?","?","R","M","?","T","?"],"build_version":"2018-08-23v2","purchased_purges":0,"victory":false,"max_hp_per_floor":[70,70,70,70,70,70,70,70,70,70,70,70,70,70,70,70,70,70,70,49,49,49,49,49,49,49,49,49,49,49,49,49,49,49,49,49,49,49,49,49,49,49,49,49],"card_choices":[{"not_picked":["Tactician","Prepared"],"picked":"Terror","floor":1},{"not_picked":["Setup","All Out Attack"],"picked":"Slice","floor":2},{"not_picked":["Poisoned Stab","Concentrate"],"picked":"Riddle With Holes","floor":5},{"not_picked":["Dodge and Roll","Endless Agony"],"picked":"Blade Dance","floor":6},{"not_picked":["Blade Dance","Underhanded Strike"],"picked":"Poisoned Stab","floor":7},{"not_picked":["Blade Dance","Poisoned Stab"],"picked":"Concentrate","floor":8},{"not_picked":["Dash","Dodge and Roll"],"picked":"Noxious Fumes+1","floor":11},{"not_picked":["Cloak And Dagger","Slice"],"picked":"Sucker Punch","floor":12},{"not_picked":["Deadly Poison","Bane"],"picked":"Heel Hook","floor":14},{"not_picked":["Adrenaline","Malaise"],"picked":"Corpse Explosion","floor":16},{"not_picked":["Well Laid Plans+1","Prepared"],"picked":"Footwork+1","floor":18},{"not_picked":["Acrobatics","Outmaneuver"],"picked":"PiercingWail","floor":22},{"not_picked":["Underhanded Strike","Heel Hook"],"picked":"Blur","floor":24},{"not_picked":["Bane","Masterful Stab"],"picked":"Backstab","floor":25},{"not_picked":["Calculated Gamble","Outmaneuver"],"picked":"Blade Dance+1","floor":28},{"not_picked":["Cloak And Dagger+1","Underhanded Strike"],"picked":"Catalyst","floor":30},{"not_picked":["Glass Knife","Tools of the Trade+1","Phantasmal Killer"],"picked":"Adrenaline","floor":33},{"not_picked":["Bane+1","Quick Slash+1","Predator"],"picked":"PiercingWail+1","floor":35},{"not_picked":["Concentrate+1","Dagger Throw","Choke+1"],"picked":"Riddle With Holes","floor":37},{"not_picked":["All Out Attack+1","Masterful Stab","Blade Dance"],"picked":"Crippling Poison","floor":41}],"player_experience":96778,"relics_obtained":[{"floor":6,"key":"Pen Nib"},{"floor":9,"key":"Frozen Egg 2"},{"floor":21,"key":"Shuriken"},{"floor":26,"key":"Paper Crane"},{"floor":30,"key":"Question Card"}],"event_choices":[{"event_name":"Wheel of Change","player_choice":"Full Heal","floor":3,"damage_taken":0},{"event_name":"Bonfire Elementals","player_choice":"BASIC","floor":4,"damage_taken":0},{"event_name":"Shining Light","player_choice":"Entered Light","floor":13,"damage_taken":0},{"event_name":"Drug Dealer","player_choice":"Inject Mutagens","floor":19,"damage_taken":0},{"event_name":"Vampires","player_choice":"Became a vampire","floor":20,"damage_taken":0},{"event_name":"Designer","player_choice":"Upgrade 2 Random Cards","floor":31,"damage_taken":0},{"event_name":"Winding Halls","player_choice":"Writhe","floor":36,"damage_taken":0},{"event_name":"Falling","player_choice":"Removed Skill","floor":38,"damage_taken":0},{"event_name":"FaceTrader","player_choice":"Trade","floor":39,"damage_taken":0},{"event_name":"Mysterious Sphere","player_choice":"Ignore","floor":42,"damage_taken":0}],"is_beta":false,"boss_relics":[{"not_picked":["WristBlade","Eternal Feather"],"picked":"Philosopher\u0027s Stone"},{"not_picked":["Busted Crown","Astrolabe"],"picked":"Lizard Tail"}],"items_purged_floors":[],"is_endless":false,"potions_floor_spawned":[1,5,7,8,11,14,22,25,33,41],"killed_by":"Sphere and 2 Shapes","ascension_level":3}