{"gold_per_floor":[18,33,49,49,49,49,62,62,114,153,153,186,17,0,0,0],"floor_reached":16,"playtime":448,"items_purged":[],"score":216,"play_id":"9d0c0682-489a-47ac-ab70-07b02cb50d0d","local_time":"20181011080225","is_ascension_mode":true,"campfire_choices":[{"data":"Zap","floor":6.0,"key":"SMITH"},{"data":"Go for the Eyes","floor":11.0,"key":"SMITH"},{"data":"Leap","floor":15.0,"key":"SMITH"}],"neow_cost":"NO_GOLD","seed_source_timestamp":16379134346764,"circlet_count":0,"master_deck":["Strike_B","Strike_B","Strike_B","Strike_B","Defend_B","Defend_B","Defend_B","Defend_B+1","Zap+1","Dualcast+1","AscendersBane","Seek","Leap+1","Leap","Ball Lightning","Gash","Go for the Eyes+1","Echo Form","Gash","Bandage Up+1"],"special_seed":0,"relics":["Cracked Core","Golden Idol","Darkstone Periapt","Omamori","Ornamental Fan","Toxic Egg 2"],"potions_floor_usage":[],"damage_taken":[{"damage":1.0,"enemies":"Small Slimes","floor":1.0,"turns":3.0},{"damage":1.0,"enemies":"2 Louse","floor":2.0,"turns":3.0},{"damage":0.0,"enemies":"Jaw Worm","floor":3.0,"turns":4.0},{"damage":3.0,"enemies":"Exordium Wildlife","floor":7.0,"turns":4.0},{"damage":7.0,"enemies":"Lagavulin","floor":10.0,"turns":6.0},{"damage":18.0,"enemies":"Gremlin Nob","floor":12.0,"turns":4.0},{"damage":31,"enemies":"The Guardian","floor":16,"turns":2}],"seed_played":"2809420200838007700","potions_obtained":[{"floor":2.0,"key":"SteroidPotion"},{"floor":10.0,"key":"Strength Potion"}],"is_trial":false,"path_per_floor":["M","M","M","?","?","R","M","T","T","E","R","E","$","?","R"],"character_chosen":"DEFECT","items_purchased":["Gash","Bandage Up+1"],"campfire_rested":0,"item_purchase_floors":[13,13],"current_hp_per_floor":[63,62,62,62,43,43,40,40,40,33,33,15,15,15,15,0],"gold":0,"neow_bonus":"THREE_RARE_CARDS","is_prod":false,"is_daily":false,"chose_seed":false,"campfire_upgraded":3,"win_rate":0,"timestamp":1539237745,"path_taken":["M","M","M","?","?","R","M","?","T","E","R","E","$","?","R","BOSS"],"build_version":"2018-10-10","purchased_purges":0,"victory":false,"max_hp_per_floor":[71,71,71,64,64,64,64,64,64,64,64,64,64,64,64,64],"card_choices":[{"not_picked":["Multi-Cast","Amplify"],"picked":"Seek","floor":0.0},{"not_picked":["Redo","Beam Cell"],"picked":"Leap","floor":1.0},{"not_picked":["Sweeping Beam","Rebound"],"picked":"Leap","floor":2.0},{"not_picked":["Compile Driver","Tempest"],"picked":"Ball Lightning","floor":3.0},{"not_picked":["Storm","BootSequence"],"picked":"Gash","floor":7.0},{"not_picked":["Leap","Melter"],"picked":"Go for the Eyes","floor":10.0},{"not_picked":["Reinforced Body","Sweeping Beam"],"picked":"Echo Form","floor":12.0}],"player_experience":1011899,"relics_obtained":[{"floor":8.0,"key":"Darkstone Periapt"},{"floor":9.0,"key":"Omamori"},{"floor":10.0,"key":"Ornamental Fan"},{"floor":12.0,"key":"Toxic Egg 2"}],"event_choices":[{"event_name":"Golden Idol","player_choice":"Lose Max HP","floor":4.0,"damage_taken":0.0},{"event_name":"Shining Light","player_choice":"Entered Light","floor":5.0,"damage_taken":0.0},{"event_name":"World of Goop","player_choice":"Left","floor":14.0,"damage_taken":0.0}],"is_beta":true,"boss_relics":[],"items_purged_floors":[],"is_endless":false,"potions_floor_spawned":[2,10],"killed_by":"The Guardian","ascension_level":20}