{"gold_per_floor":[114,114,40,40,40,70,85,85,135,135,135,173,192,211,211,336,336,355,355,355,55,74,74,112,112,112,112,131,131,169,188,188,313,313,332,351,370,151,151,151,170,170,170,189,189,227,246,246,246,246],"floor_reached":51,"playtime":2786,"items_purged":[],"score":1073,"play_id":"d8fd80a1-add1-498f-a236-6b1bededebb9","local_time":"20190319145635","daily_mods":["Insanity","Hoarder","Lethality"],"is_ascension_mode":false,"campfire_choices":[{"floor":8.0,"key":"DIG"},{"floor":11.0,"key":"DIG"},{"floor":15.0,"key":"DIG"},{"floor":23.0,"key":"DIG"},{"floor":25.0,"key":"REST"},{"floor":29.0,"key":"DIG"},{"floor":32.0,"key":"DIG"},{"floor":40.0,"key":"DIG"},{"floor":42.0,"key":"DIG"},{"floor":45.0,"key":"DIG"},{"floor":49.0,"key":"REST"}],"neow_cost":"","seed_source_timestamp":0,"circlet_count":0,"master_deck":["Choke+1","Poisoned Stab+1","Dagger Spray+1","Caltrops+1","Poisoned Stab+1","Dodge and Roll+1","Outmaneuver+1","Deflect+1","PiercingWail+1","Dagger Throw+1","Bane+1","Deadly Poison+1","Backflip+1","Dodge and Roll+1","Blade Dance+1","Slice+1","Acrobatics+1","Sucker Punch+1","Quick Slash+1","Catalyst+1","Masterful Stab+1","Outmaneuver+1","Accuracy+1","Dagger Spray+1","Calculated Gamble+1","Cloak And Dagger+1","Deflect+1","Dagger Spray+1","Escape Plan+1","Skewer+1","Dagger Throw+1","Deadly Poison+1","Calculated Gamble+1","Concentrate+1","Dagger Throw+1","Acrobatics+1","Dash+1","Bane+1","Deadly Poison+1","Distraction+1","Escape Plan+1","Distraction+1","Slice+1","Finisher+1","Sucker Punch+1","Skewer+1","Outmaneuver+1","Noxious Fumes+1","Noxious Fumes+1","Noxious Fumes+1","Blade Dance+1","Blade Dance+1","Blade Dance+1","Cloak And Dagger+1","Cloak And Dagger+1","Cloak And Dagger+1","After Image+1","After Image+1","After Image+1","Backflip+1","Backflip+1","Backflip+1","Storm of Steel+1","Storm of Steel+1","Storm of Steel+1","Cloak And Dagger+1","Cloak And Dagger+1","Cloak And Dagger+1","Backstab+1","Backstab+1","Backstab+1","Ghostly+1","Ghostly+1","Ghostly+1","Ghostly+1","Ghostly+1","Ghostly+1","Ghostly+1","Ghostly+1","Ghostly+1","Ghostly+1","Ghostly+1","Ghostly+1","Ghostly+1","Ghostly+1","Ghostly+1","Endless Agony+1","Endless Agony+1","Endless Agony+1","A Thousand Cuts+1","A Thousand Cuts+1","A Thousand Cuts+1","Footwork+1","Footwork+1","Footwork+1","Cloak And Dagger+1","Cloak And Dagger+1","Cloak And Dagger+1","Footwork+1","Footwork+1","Footwork+1","Escape Plan+1","Escape Plan+1","Escape Plan+1","Blade Dance+1","Blade Dance+1","Blade Dance+1"],"special_seed":17974,"relics":["Ring of the Snake","Boot","Shovel","Matryoshka","Question Card","Juzu Bracelet","Golden Idol","War Paint","Ornamental Fan","Shuriken","Sozu","Enchiridion","Bag of Preparation","Bag of Marbles","Dream Catcher","Blue Candle","Potion Belt","Sundial","The Specimen","Omamori","Incense Burner","Philosopher\u0027s Stone","Whetstone","Bird Faced Urn","Pear","Tough Bandages","Torii","Vajra","Mark of the Bloom"],"potions_floor_usage":[],"damage_taken":[{"damage":0.0,"enemies":"2 Louse","floor":1.0,"turns":1.0},{"damage":0.0,"enemies":"3 Sentries","floor":6.0,"turns":2.0},{"damage":0.0,"enemies":"Cultist","floor":7.0,"turns":1.0},{"damage":0.0,"enemies":"Gremlin Nob","floor":12.0,"turns":2.0},{"damage":0.0,"enemies":"Jaw Worm","floor":13.0,"turns":2.0},{"damage":0.0,"enemies":"Large Slime","floor":14.0,"turns":2.0},{"damage":49.0,"enemies":"Hexaghost","floor":16.0,"turns":6.0},{"damage":3.0,"enemies":"3 Byrds","floor":18.0,"turns":3.0},{"damage":0.0,"enemies":"Shell Parasite","floor":22.0,"turns":1.0},{"damage":20.0,"enemies":"Book of Stabbing","floor":24.0,"turns":3.0},{"damage":0.0,"enemies":"Snake Plant","floor":28.0,"turns":2.0},{"damage":0.0,"enemies":"Slavers","floor":30.0,"turns":2.0},{"damage":0.0,"enemies":"Centurion and Healer","floor":31.0,"turns":2.0},{"damage":2.0,"enemies":"Collector","floor":33.0,"turns":6.0},{"damage":0.0,"enemies":"Orb Walker","floor":35.0,"turns":1.0},{"damage":4.0,"enemies":"3 Shapes","floor":36.0,"turns":1.0},{"damage":0.0,"enemies":"Writhing Mass","floor":37.0,"turns":4.0},{"damage":0.0,"enemies":"3 Darklings","floor":41.0,"turns":2.0},{"damage":0.0,"enemies":"4 Shapes","floor":44.0,"turns":3.0},{"damage":29.0,"enemies":"Reptomancer","floor":46.0,"turns":5.0},{"damage":0.0,"enemies":"Spire Growth","floor":47.0,"turns":2.0},{"damage":0,"enemies":"Donu and Deca","floor":50,"turns":6}],"seed_played":"5487330294901235935","potions_obtained":[{"floor":1.0,"key":"Fire Potion"}],"is_trial":false,"path_per_floor":["M","?","$","T","?","E","M","R","T","?","R","E","M","M","R","B",null,"M","?","?","$","M","R","E","R","T","?","M","R","E","M","R","B",null,"M","M","M","$","?","R","M","R","T","M","R","E","M","?","R","B",null],"character_chosen":"THE_SILENT","items_purchased":["Noxious Fumes","Bag of Preparation","Bag of Marbles","Whetstone","Footwork"],"campfire_rested":2,"item_purchase_floors":[3,21,21,38,38],"current_hp_per_floor":[70,70,70,70,70,70,70,70,70,53,53,53,53,53,53,4,70,67,51,51,51,51,51,31,52,52,35,35,35,35,35,35,33,35,35,31,31,31,31,31,33,43,43,43,43,17,19,19,19,19],"gold":246,"neow_bonus":"","is_prod":false,"is_daily":true,"chose_seed":false,"campfire_upgraded":0,"win_rate":0,"timestamp":1552996595,"path_taken":["M","?","$","?","?","E","M","R","T","?","R","E","M","M","R","BOSS","M","?","?","$","M","R","E","R","T","?","M","R","E","M","R","BOSS","M","M","M","$","?","R","M","R","T","M","R","E","M","?","R","BOSS"],"build_version":"2019-01-23","purchased_purges":0,"victory":true,"max_hp_per_floor":[70,70,70,70,70,70,70,70,70,70,70,70,70,70,70,70,70,70,70,70,70,70,70,70,70,70,35,35,35,35,35,35,35,35,35,35,35,35,33,33,33,43,43,43,43,43,43,43,43,43],"card_choices":[{"not_picked":["Deflect","Eviscerate","Heel Hook"],"picked":"SKIP","floor":1.0},{"not_picked":["Eviscerate","Deflect"],"picked":"Blade Dance","floor":6.0},{"not_picked":["PiercingWail","Expertise","Dagger Throw"],"picked":"SKIP","floor":7.0},{"not_picked":["PiercingWail","Burst","Crippling Poison"],"picked":"Cloak And Dagger","floor":12.0},{"not_picked":["Skewer","Poisoned Stab","Deadly Poison","Quick Slash"],"picked":"SKIP","floor":13.0},{"not_picked":["Deadly Poison","Dagger Throw","Prepared","Outmaneuver"],"picked":"SKIP","floor":14.0},{"not_picked":["A Thousand Cuts","Night Terror","Tools of the Trade"],"picked":"After Image","floor":16.0},{"not_picked":["Quick Slash+1","Poisoned Stab","Underhanded Strike"],"picked":"Backflip","floor":18.0},{"not_picked":["Dash","Acrobatics+1","Accuracy"],"picked":"Cloak And Dagger+1","floor":22.0},{"not_picked":["Blur","Predator+1","Doppelganger"],"picked":"Backstab","floor":24.0},{"not_picked":["Eviscerate","Accuracy","Backstab","Well Laid Plans"],"picked":"SKIP","floor":28.0},{"not_picked":["Dagger Spray","Poisoned Stab","Sucker Punch+1","Dagger Throw"],"picked":"SKIP","floor":30.0},{"not_picked":["Sucker Punch","Underhanded Strike+1","Tactician"],"picked":"Endless Agony+1","floor":31.0},{"not_picked":["Phantasmal Killer","Wraith Form v2","Venomology"],"picked":"A Thousand Cuts","floor":33.0},{"not_picked":["Sucker Punch","Flying Knee","Backflip+1","Underhanded Strike+1"],"picked":"SKIP","floor":35.0},{"not_picked":["Backflip","Flechettes+1","Outmaneuver"],"picked":"Footwork","floor":36.0},{"not_picked":["Skewer","Concentrate+1","Prepared+1"],"picked":"Cloak And Dagger","floor":37.0},{"not_picked":["Backflip+1","Noxious Fumes+1","Eviscerate"],"picked":"Escape Plan+1","floor":41.0},{"not_picked":["Accuracy","Predator","Outmaneuver","Deadly Poison"],"picked":"SKIP","floor":44.0},{"not_picked":["Sucker Punch","Dagger Throw+1","Slice"],"picked":"Blade Dance+1","floor":46.0},{"not_picked":["Slice","Catalyst","Acrobatics","Phantasmal Killer"],"picked":"SKIP","floor":47.0}],"player_experience":353171,"relics_obtained":[{"floor":4.0,"key":"Boot"},{"floor":6.0,"key":"Shovel"},{"floor":8.0,"key":"Matryoshka"},{"floor":9.0,"key":"Question Card"},{"floor":9.0,"key":"Juzu Bracelet"},{"floor":11.0,"key":"War Paint"},{"floor":12.0,"key":"Ornamental Fan"},{"floor":15.0,"key":"Shuriken"},{"floor":19.0,"key":"Enchiridion"},{"floor":23.0,"key":"Dream Catcher"},{"floor":24.0,"key":"Blue Candle"},{"floor":26.0,"key":"Potion Belt"},{"floor":26.0,"key":"Sundial"},{"floor":29.0,"key":"The Specimen"},{"floor":30.0,"key":"Omamori"},{"floor":32.0,"key":"Incense Burner"},{"floor":40.0,"key":"Bird Faced Urn"},{"floor":42.0,"key":"Pear"},{"floor":43.0,"key":"Tough Bandages"},{"floor":45.0,"key":"Torii"},{"floor":46.0,"key":"Vajra"}],"event_choices":[{"cards_removed":["Choke"],"damage_healed":0.0,"max_hp_gain":0.0,"max_hp_loss":0.0,"gold_gain":0.0,"event_name":"Bonfire Elementals","player_choice":"Offered Uncommon","floor":2.0,"gold_loss":0.0,"damage_taken":0.0},{"cards_removed":["Prepared"],"damage_healed":0.0,"max_hp_gain":0.0,"max_hp_loss":0.0,"gold_gain":0.0,"event_name":"Living Wall","player_choice":"Forget","floor":5.0,"gold_loss":0.0,"damage_taken":0.0},{"damage_healed":0.0,"max_hp_gain":0.0,"max_hp_loss":0.0,"gold_gain":0.0,"event_name":"Golden Idol","player_choice":"Take Damage","floor":10.0,"gold_loss":0.0,"damage_taken":17.0,"relics_obtained":["Golden Idol"]},{"damage_healed":0.0,"max_hp_gain":0.0,"max_hp_loss":0.0,"gold_gain":0.0,"event_name":"Cursed Tome","player_choice":"Obtained Book","floor":19.0,"gold_loss":0.0,"damage_taken":16.0},{"damage_healed":0.0,"max_hp_gain":0.0,"max_hp_loss":0.0,"gold_gain":0.0,"cards_transformed":["Masterful Stab"],"event_name":"Transmorgrifier","player_choice":"Transformed","floor":20.0,"gold_loss":0.0,"damage_taken":0.0,"cards_obtained":["Storm of Steel"]},{"damage_healed":0.0,"max_hp_gain":0.0,"max_hp_loss":35.0,"gold_gain":0.0,"event_name":"Ghosts","player_choice":"Became a Ghost","floor":27.0,"gold_loss":0.0,"damage_taken":0.0,"cards_obtained":["Ghostly","Ghostly","Ghostly","Ghostly","Ghostly"]},{"damage_healed":0.0,"max_hp_gain":0.0,"max_hp_loss":2.0,"gold_gain":0.0,"event_name":"Winding Halls","player_choice":"Max HP","floor":39.0,"gold_loss":0.0,"damage_taken":0.0},{"damage_healed":0.0,"max_hp_gain":0.0,"max_hp_loss":0.0,"gold_gain":0.0,"event_name":"MindBloom","player_choice":"Upgrade","floor":48.0,"gold_loss":0.0,"damage_taken":0.0,"cards_upgraded":["Choke","Poisoned Stab","Dagger Spray","Caltrops","Poisoned Stab","Dodge and Roll","Outmaneuver","Deflect","PiercingWail","Dagger Throw","Bane","Deadly Poison","Backflip","Blade Dance","Slice","Acrobatics","Quick Slash","Masterful Stab","Outmaneuver","Accuracy","Dagger Spray","Calculated Gamble","Cloak And Dagger","Deflect","Dagger Spray","Escape Plan","Skewer","Dagger Throw","Deadly Poison","Calculated Gamble","Concentrate","Dagger Throw","Acrobatics","Dash","Bane","Deadly Poison","Distraction","Escape Plan","Distraction","Slice","Finisher","Sucker Punch","Skewer","Outmaneuver","Noxious Fumes","Noxious Fumes","Noxious Fumes","Blade Dance","Blade Dance","Blade Dance","Cloak And Dagger","Cloak And Dagger","Cloak And Dagger","After Image","After Image","After Image","Backflip","Backflip","Backflip","Storm of Steel","Storm of Steel","Storm of Steel","Backstab","Backstab","Ghostly","Ghostly","Ghostly","Ghostly","Ghostly","Ghostly","Ghostly","Ghostly","Ghostly","Ghostly","Ghostly","Ghostly","Ghostly","Ghostly","Ghostly","A Thousand Cuts","A Thousand Cuts","A Thousand Cuts","Footwork","Footwork","Footwork","Cloak And Dagger","Cloak And Dagger","Cloak And Dagger","Footwork","Footwork","Footwork"],"relics_obtained":["Mark of the Bloom"]}],"is_beta":false,"boss_relics":[{"not_picked":["WristBlade","Busted Crown"],"picked":"Sozu"},{"not_picked":["Cursed Key","Tiny House"],"picked":"Philosopher\u0027s Stone"}],"items_purged_floors":[],"is_endless":false,"potions_floor_spawned":[1,18,22,28,30,31,37,41,44,46,47],"ascension_level":0}