{"gold_per_floor":[113,123,123,138,102,102,102,102,126,126,157,157,171,182,182,256,256,269,140,140,151,51,51,84,84,84,102,154,154,1,27,27,27],"floor_reached":33,"playtime":944,"items_purged":["Strike_R","Strike_R"],"score":563,"play_id":"44770fe5-55fa-441b-bd13-ac5046db4f55","local_time":"20190429054202","is_ascension_mode":true,"campfire_choices":[{"data":"Whirlwind","floor":6,"key":"SMITH"},{"data":"Armaments","floor":8,"key":"SMITH"},{"floor":10,"key":"REST"},{"data":"Evolve","floor":15,"key":"SMITH"},{"data":"Reaper","floor":23,"key":"SMITH"},{"floor":25,"key":"REST"},{"floor":29,"key":"REST"},{"floor":32,"key":"REST"}],"neow_cost":"NONE","seed_source_timestamp":414263652142600,"circlet_count":0,"master_deck":["AscendersBane","Strike_R","Strike_R","Strike_R+1","Defend_R","Defend_R","Defend_R","Defend_R","Bash+1","Whirlwind+1","Sentinel","Armaments+1","Evolve+1","Reaper+1","Flex+1","Impervious","Dropkick","Offering"],"relics":["Runic Dome","Ancient Tea Set","Singing Bowl","Sozu","Dream Catcher","Lantern","Bag of Preparation","Red Skull","Kunai"],"potions_floor_usage":[11,11,16],"damage_taken":[{"damage":13,"enemies":"Jaw Worm","floor":1,"turns":4},{"damage":10,"enemies":"Small Slimes","floor":2,"turns":3},{"damage":0,"enemies":"Cultist","floor":4,"turns":3},{"damage":10,"enemies":"3 Sentries","floor":11,"turns":4},{"damage":5,"enemies":"Gremlin Gang","floor":13,"turns":3},{"damage":15,"enemies":"Exordium Thugs","floor":14,"turns":5},{"damage":0,"enemies":"Slime Boss","floor":16,"turns":4},{"damage":7,"enemies":"Chosen","floor":18,"turns":5},{"damage":7,"enemies":"2 Thieves","floor":21,"turns":2},{"damage":51,"enemies":"Book of Stabbing","floor":24,"turns":5},{"damage":42,"enemies":"Shelled Parasite and Fungi","floor":27,"turns":7},{"damage":26,"enemies":"Gremlin Leader","floor":31,"turns":5},{"damage":88,"enemies":"Automaton","floor":33,"turns":10}],"seed_played":"5253175049924679545","potions_obtained":[{"floor":1,"key":"Regen Potion"},{"floor":2,"key":"Block Potion"},{"floor":13,"key":"Strength Potion"}],"is_trial":false,"path_per_floor":["M","M","?","M","?","R","?","R","T","R","E","?","M","M","R","B",null,"M","$","?","M","$","R","E","R","T","M","T","R","$","E","R","B"],"character_chosen":"IRONCLAD","items_purchased":["Flex","Red Skull"],"campfire_rested":4,"item_purchase_floors":[19,30],"current_hp_per_floor":[55,45,30,30,30,30,30,30,30,52,56,61,58,43,43,43,74,76,76,76,71,71,71,27,54,54,19,19,48,48,28,57,0],"gold":27,"neow_bonus":"BOSS_RELIC","is_prod":false,"is_daily":false,"chose_seed":false,"campfire_upgraded":4,"win_rate":0,"timestamp":1556530922,"path_taken":["M","M","?","M","?","R","?","R","T","R","E","?","?","M","R","BOSS","M","$","?","M","?","R","E","R","T","?","?","R","?","E","R","BOSS"],"build_version":"2019-01-23","purchased_purges":2,"victory":false,"max_hp_per_floor":[75,75,75,75,75,75,75,75,75,75,77,82,84,84,84,84,84,86,86,86,88,88,88,90,90,90,90,90,92,92,92,94,94],"card_choices":[{"not_picked":["Fire Breathing","Iron Wave"],"picked":"Whirlwind","floor":1},{"not_picked":["Rupture","Warcry"],"picked":"Sentinel","floor":2},{"not_picked":["Uppercut","Pommel Strike"],"picked":"Armaments","floor":4},{"not_picked":["Shockwave","Perfected Strike","Flame Barrier"],"picked":"Singing Bowl","floor":11},{"not_picked":["Body Slam","Clothesline","Pommel Strike"],"picked":"Singing Bowl","floor":13},{"not_picked":["Heavy Blade","Armaments"],"picked":"Evolve","floor":14},{"not_picked":["Impervious","Berserk"],"picked":"Reaper","floor":16},{"not_picked":["Armaments","Uppercut","Heavy Blade"],"picked":"Singing Bowl","floor":18},{"not_picked":["Iron Wave","Uppercut","Burning Pact"],"picked":"Singing Bowl","floor":21},{"not_picked":["Headbutt","Shrug It Off","Twin Strike"],"picked":"Singing Bowl","floor":24},{"not_picked":["Wild Strike","Twin Strike"],"picked":"Impervious","floor":25},{"not_picked":["Rupture","Cleave"],"picked":"Dropkick","floor":27},{"not_picked":["Clothesline","Heavy Blade","Second Wind"],"picked":"Singing Bowl","floor":29},{"not_picked":["Infernal Blade","Cleave"],"picked":"Offering","floor":31},{"not_picked":["Havoc+1","Headbutt","Wild Strike"],"picked":"Singing Bowl","floor":32}],"player_experience":403755,"relics_obtained":[{"floor":9,"key":"Ancient Tea Set"},{"floor":11,"key":"Singing Bowl"},{"floor":24,"key":"Dream Catcher"},{"floor":26,"key":"Lantern"},{"floor":28,"key":"Bag of Preparation"},{"floor":31,"key":"Kunai"}],"event_choices":[{"damage_healed":0,"gold_gain":0,"player_choice":"Entered Light","damage_taken":15,"max_hp_gain":0,"max_hp_loss":0,"event_name":"Shining Light","floor":3,"gold_loss":0,"cards_upgraded":["Bash","Strike_R"]},{"damage_healed":0,"gold_gain":0,"player_choice":"Left Gold","damage_taken":0,"max_hp_gain":0,"max_hp_loss":0,"event_name":"World of Goop","floor":5,"gold_loss":36},{"damage_healed":0,"gold_gain":0,"player_choice":"Ignored","damage_taken":0,"max_hp_gain":0,"max_hp_loss":0,"event_name":"Liars Game","floor":7,"gold_loss":0},{"damage_healed":0,"gold_gain":0,"player_choice":"Donut","damage_taken":0,"max_hp_gain":5,"max_hp_loss":0,"event_name":"Big Fish","floor":12,"gold_loss":0},{"damage_healed":0,"gold_gain":0,"player_choice":"Upgraded","damage_taken":0,"max_hp_gain":0,"max_hp_loss":0,"event_name":"Upgrade Shrine","floor":20,"gold_loss":0,"cards_upgraded":["Flex"]}],"is_beta":false,"boss_relics":[{"not_picked":["Astrolabe","Empty Cage"],"picked":"Sozu"}],"items_purged_floors":[19,22],"is_endless":false,"potions_floor_spawned":[1,2,13,18,21,24],"killed_by":"Automaton","ascension_level":14}