{"gold_per_floor":[218,78,78,98,41,41,57,88,114,114,134,153,153,183,183,259,259,279,279,4,16,16,49,49,77,102,152,152,184,184,195,195,195],"floor_reached":33,"playtime":1030,"items_purged":[],"score":591,"play_id":"3a601035-ab0e-47d9-a647-039c21eb6a1a","local_time":"20190522000557","is_ascension_mode":true,"campfire_choices":[{"data":"Bash","floor":6,"key":"SMITH"},{"data":"Spot Weakness","floor":10,"key":"SMITH"},{"data":"Spot Weakness","floor":13,"key":"SMITH"},{"data":"Heavy Blade","floor":15,"key":"SMITH"},{"data":"Immolate","floor":24,"key":"SMITH"},{"data":"Rage","floor":28,"key":"SMITH"},{"data":"Heavy Blade","floor":32,"key":"SMITH"}],"neow_cost":"NONE","seed_source_timestamp":92395154960400,"circlet_count":0,"master_deck":["AscendersBane","Strike_R","Strike_R","Strike_R","Strike_R","Strike_R","Defend_R","Defend_R","Defend_R","Defend_R","Bash+1","Hemokinesis","Clothesline+1","Shrug It Off","Battle Trance","Twin Strike","Anger","Spot Weakness+1","Feel No Pain","Spot Weakness+1","Heavy Blade+1","Rage+1","Immolate+1","Shockwave","Heavy Blade+1","Offering","Battle Trance","Anger"],"relics":["Burning Blood","Vajra","Anchor","PreservedInsect","Sozu","Meat on the Bone","Regal Pillow","Paper Frog","Potion Belt","Mummified Hand"],"potions_floor_usage":[8,14,16],"damage_taken":[{"damage":1,"enemies":"Cultist","floor":1,"turns":3},{"damage":9,"enemies":"Jaw Worm","floor":4,"turns":3},{"damage":2,"enemies":"2 Louse","floor":7,"turns":2},{"damage":20,"enemies":"Lagavulin","floor":8,"turns":6},{"damage":6,"enemies":"Large Slime","floor":11,"turns":4},{"damage":4,"enemies":"3 Louse","floor":12,"turns":3},{"damage":12,"enemies":"3 Sentries","floor":14,"turns":6},{"damage":27,"enemies":"The Guardian","floor":16,"turns":8},{"damage":4,"enemies":"Chosen","floor":18,"turns":3},{"damage":15,"enemies":"Shell Parasite","floor":21,"turns":3},{"damage":8,"enemies":"Slavers","floor":23,"turns":3},{"damage":2,"enemies":"Gremlin Leader","floor":25,"turns":4},{"damage":7,"enemies":"Slavers","floor":29,"turns":3},{"damage":6,"enemies":"Centurion and Healer","floor":31,"turns":2},{"damage":86,"enemies":"Automaton","floor":33,"turns":6}],"seed_played":"8688183789687074367","potions_obtained":[{"floor":1,"key":"PowerPotion"},{"floor":4,"key":"Dexterity Potion"},{"floor":11,"key":"SteroidPotion"}],"is_trial":false,"path_per_floor":["M","$","?","M","$","R","M","E","T","R","M","M","R","E","R","B",null,"M","?","$","M","$","E","R","E","T","?","R","E","?","M","R","B"],"character_chosen":"IRONCLAD","items_purchased":["Clothesline","Shrug It Off","Battle Trance","Anger","Meat on the Bone"],"campfire_rested":0,"item_purchase_floors":[2,2,2,5,20],"current_hp_per_floor":[73,73,73,70,70,70,74,60,60,60,60,62,62,56,56,35,65,67,67,67,58,58,56,56,60,60,60,60,59,59,59,59,0],"gold":195,"neow_bonus":"HUNDRED_GOLD","is_prod":false,"is_daily":false,"chose_seed":false,"campfire_upgraded":7,"win_rate":0,"timestamp":1558497957,"path_taken":["M","?","?","M","$","R","M","E","T","R","?","?","R","E","R","BOSS","M","?","$","M","$","E","R","E","T","?","R","E","?","M","R","BOSS"],"build_version":"2019-01-23","purchased_purges":0,"victory":false,"max_hp_per_floor":[75,75,75,75,75,75,75,75,75,75,75,75,75,75,75,75,75,75,75,75,75,75,75,75,75,75,75,75,75,75,75,75,75],"card_choices":[{"not_picked":["Infernal Blade","Warcry"],"picked":"Hemokinesis","floor":1},{"not_picked":["Warcry","Thunderclap"],"picked":"Twin Strike","floor":4},{"not_picked":["Body Slam","Disarm"],"picked":"Spot Weakness","floor":7},{"not_picked":["Dropkick","Barricade"],"picked":"Feel No Pain","floor":8},{"not_picked":["Dual Wield","Ghostly Armor"],"picked":"Spot Weakness","floor":11},{"not_picked":["Pummel","Flex"],"picked":"Heavy Blade","floor":12},{"not_picked":["Infernal Blade","Shrug It Off"],"picked":"Rage","floor":14},{"not_picked":["Juggernaut","Dark Embrace"],"picked":"Immolate","floor":16},{"not_picked":["Clash","Headbutt","Feel No Pain"],"picked":"SKIP","floor":18},{"not_picked":["Intimidate","Havoc"],"picked":"Shockwave","floor":21},{"not_picked":["Twin Strike","Body Slam"],"picked":"Heavy Blade","floor":23},{"not_picked":["Pummel+1","Whirlwind"],"picked":"Offering","floor":25},{"not_picked":["Feel No Pain","Anger"],"picked":"Battle Trance","floor":29},{"not_picked":["Shrug It Off","Body Slam+1"],"picked":"Anger","floor":31}],"player_experience":467210,"relics_obtained":[{"floor":8,"key":"Vajra"},{"floor":9,"key":"Anchor"},{"floor":14,"key":"PreservedInsect"},{"floor":23,"key":"Regal Pillow"},{"floor":25,"key":"Paper Frog"},{"floor":26,"key":"Potion Belt"},{"floor":29,"key":"Mummified Hand"}],"event_choices":[{"damage_healed":0,"gold_gain":0,"player_choice":"Upgraded","damage_taken":0,"max_hp_gain":0,"max_hp_loss":0,"event_name":"Upgrade Shrine","floor":3,"gold_loss":0,"cards_upgraded":["Clothesline"]},{"damage_healed":0,"gold_gain":0,"player_choice":"Ignored","damage_taken":0,"max_hp_gain":0,"max_hp_loss":0,"event_name":"Ghosts","floor":19,"gold_loss":0},{"damage_healed":0,"gold_gain":50,"player_choice":"Stole From Cult","damage_taken":0,"max_hp_gain":0,"max_hp_loss":0,"event_name":"Nest","floor":27,"gold_loss":0},{"damage_healed":0,"gold_gain":0,"player_choice":"Ignored","damage_taken":0,"max_hp_gain":0,"max_hp_loss":0,"event_name":"The Mausoleum","floor":30,"gold_loss":0}],"is_beta":false,"boss_relics":[{"not_picked":["Runic Dome","Cursed Key"],"picked":"Sozu"}],"items_purged_floors":[],"is_endless":false,"potions_floor_spawned":[1,4,11,18,21,23,29],"killed_by":"Automaton","ascension_level":18}