{"gold_per_floor":[369,389,403,578,263,288,303,7,33,33,45,59,59,59,59,59],"floor_reached":16,"playtime":5028,"items_purged":["Doubt","Strike_G"],"score":138,"play_id":"eca087d3-c1b0-4ea7-abd5-c6e20af5d0cb","local_time":"20190218135208","is_ascension_mode":true,"campfire_choices":[{"data":"Neutralize","floor":10,"key":"SMITH"},{"floor":15,"key":"REST"}],"neow_cost":"TEN_PERCENT_HP_LOSS","seed_source_timestamp":300968546773301,"circlet_count":0,"master_deck":["Defend_G","Defend_G","Defend_G","Defend_G","Defend_G","Strike_G","Strike_G","Strike_G","Survivor","Neutralize+1","Flying Knee","Dagger Spray","Quick Slash","Endless Agony+1","Escape Plan","Mayhem","Outmaneuver","Burst"],"relics":["Ring of the Snake","Molten Egg 2","Oddly Smooth Stone","Smiling Mask"],"potions_floor_usage":[6,6,16],"damage_taken":[{"damage":3,"enemies":"Small Slimes","floor":1,"turns":6},{"damage":0,"enemies":"2 Louse","floor":2,"turns":2},{"damage":0,"enemies":"Cultist","floor":3,"turns":4},{"damage":35,"enemies":"Lagavulin","floor":6,"turns":9},{"damage":2,"enemies":"Looter","floor":7,"turns":3},{"damage":0,"enemies":"Large Slime","floor":11,"turns":5},{"damage":9,"enemies":"Gremlin Gang","floor":12,"turns":4},{"damage":42,"enemies":"Slime Boss","floor":16,"turns":17}],"seed_played":"1256345124753156787","potions_obtained":[{"floor":1,"key":"Regen Potion"},{"floor":3,"key":"AttackPotion"},{"floor":11,"key":"Weak Potion"},{"floor":12,"key":"Energy Potion"}],"is_trial":false,"path_per_floor":["M","M","M","?","$","E","M","$","T","R","M","M","?","?","R","B"],"character_chosen":"THE_SILENT","items_purchased":["Molten Egg 2","Mayhem","Outmaneuver"],"campfire_rested":1,"item_purchase_floors":[5,8,8],"current_hp_per_floor":[60,60,60,60,60,38,36,36,36,36,36,27,27,20,38,0],"gold":59,"neow_bonus":"TWO_FIFTY_GOLD","is_prod":false,"is_daily":false,"chose_seed":false,"campfire_upgraded":1,"win_rate":0,"timestamp":1550515928,"path_taken":["M","M","M","?","$","E","M","$","T","R","M","M","?","?","R","BOSS"],"build_version":"2019-01-23","purchased_purges":2,"victory":false,"max_hp_per_floor":[63,63,63,63,63,63,63,63,63,63,63,63,63,63,63,63],"card_choices":[{"not_picked":["Riddle With Holes","Flechettes"],"picked":"Flying Knee","floor":1},{"not_picked":["Prepared","Dagger Throw"],"picked":"Dagger Spray","floor":2},{"not_picked":["Deadly Poison","Poisoned Stab"],"picked":"Quick Slash","floor":3},{"not_picked":["Distraction","Deflect"],"picked":"Endless Agony+1","floor":6},{"not_picked":["Flechettes+1","Accuracy"],"picked":"Escape Plan","floor":7},{"not_picked":["PiercingWail","Expertise","Slice+1"],"picked":"SKIP","floor":11},{"not_picked":["Catalyst","Sucker Punch+1"],"picked":"Burst","floor":12}],"player_experience":317780,"relics_obtained":[{"floor":6,"key":"Oddly Smooth Stone"},{"floor":9,"key":"Smiling Mask"}],"event_choices":[{"damage_healed":0,"gold_gain":175,"player_choice":"AGREE","damage_taken":0,"max_hp_gain":0,"max_hp_loss":0,"event_name":"Liars Game","floor":4,"gold_loss":0,"cards_obtained":["Doubt"]},{"damage_healed":0,"gold_gain":0,"player_choice":"Searched \u00270\u0027 times","damage_taken":0,"max_hp_gain":0,"max_hp_loss":0,"event_name":"Dead Adventurer","floor":13,"gold_loss":0},{"cards_removed":["Strike_G"],"damage_healed":0,"gold_gain":0,"player_choice":"Card Removal","damage_taken":7,"max_hp_gain":0,"max_hp_loss":0,"event_name":"Golden Wing","floor":14,"gold_loss":0}],"is_beta":false,"boss_relics":[],"items_purged_floors":[5,8],"is_endless":false,"potions_floor_spawned":[1,3,11,12],"killed_by":"Slime Boss","ascension_level":7}