{"gold_per_floor":[110,127,202,221,241,241,272,80,80,80,99,130,130,150,150,229,229,249,100,114,195,120,120,120,120,177,14,28,39,39,39,39,110,110,129,140,140,159,186,221,221,240,240,269,284,58,69,118,118,118],"floor_reached":51,"playtime":7709,"items_purged":["Strike_G","Strike_G","Strike_G","Defend_G"],"score":1208,"play_id":"34070a0b-e8fe-4d75-bd0c-6d4b330bc870","local_time":"20190203122029","is_ascension_mode":true,"campfire_choices":[{"floor":6,"key":"REST"},{"floor":10,"key":"REST"},{"floor":15,"key":"REST"},{"floor":23,"key":"REST"},{"data":"Footwork","floor":25,"key":"SMITH"},{"data":"Footwork","floor":30,"key":"SMITH"},{"floor":32,"key":"REST"},{"data":"Noxious Fumes","floor":41,"key":"SMITH"},{"floor":49,"key":"REST"}],"neow_cost":"NONE","seed_source_timestamp":38996435727900,"circlet_count":0,"master_deck":["AscendersBane","Defend_G","Defend_G","Survivor","Neutralize","Dagger Spray","Dash","Backstab","Blur","Footwork+1","Cloak And Dagger","PiercingWail","Footwork+1","Dash","Adrenaline","Cloak And Dagger","Cloak And Dagger","Leg Sweep+1","Noxious Fumes+1","Malaise+1","Bouncing Flask+1","Dagger Throw+1","Bullet Time+1","Catalyst+1","Leg Sweep+1","Malaise+1","Infinite Blades","Cloak And Dagger+1","After Image"],"relics":["Velvet Choker","Snake Skull","Sundial","Gambling Chip","WristBlade","Toxic Egg 2","Tiny Chest","Astrolabe","Anchor","PreservedInsect","Turnip","Nunchaku"],"potions_floor_usage":[18,20,40,48],"damage_taken":[{"damage":4,"enemies":"Small Slimes","floor":1,"turns":4},{"damage":5,"enemies":"Jaw Worm","floor":2,"turns":5},{"damage":0,"enemies":"Cultist","floor":4,"turns":4},{"damage":1,"enemies":"Exordium Wildlife","floor":5,"turns":4},{"damage":28,"enemies":"Gremlin Nob","floor":7,"turns":5},{"damage":3,"enemies":"2 Fungi Beasts","floor":11,"turns":3},{"damage":16,"enemies":"Lagavulin","floor":12,"turns":9},{"damage":3,"enemies":"3 Louse","floor":14,"turns":3},{"damage":38,"enemies":"Slime Boss","floor":16,"turns":23},{"damage":14,"enemies":"Chosen","floor":18,"turns":7},{"damage":6,"enemies":"Spheric Guardian","floor":20,"turns":5},{"damage":8,"enemies":"Snake Plant","floor":28,"turns":7},{"damage":4,"enemies":"Chosen and Byrds","floor":29,"turns":9},{"damage":23,"enemies":"Automaton","floor":33,"turns":17},{"damage":0,"enemies":"3 Darklings","floor":35,"turns":6},{"damage":7,"enemies":"Orb Walker","floor":36,"turns":2},{"damage":0,"enemies":"Writhing Mass","floor":38,"turns":5},{"damage":9,"enemies":"Giant Head","floor":40,"turns":10},{"damage":0,"enemies":"Spire Growth","floor":42,"turns":7},{"damage":0,"enemies":"Nemesis","floor":44,"turns":8},{"damage":0,"enemies":"Sphere and 2 Shapes","floor":45,"turns":6},{"damage":0,"enemies":"Jaw Worm Horde","floor":47,"turns":5},{"damage":16,"enemies":"2 Orb Walkers","floor":48,"turns":6},{"damage":43,"enemies":"Awakened One","floor":50,"turns":25}],"seed_played":"4091930768517311442","potions_obtained":[{"floor":4,"key":"Fire Potion"},{"floor":5,"key":"LiquidBronze"},{"floor":11,"key":"Energy Potion"},{"floor":12,"key":"AttackPotion"},{"floor":18,"key":"Swift Potion"},{"floor":36,"key":"Block Potion"},{"floor":40,"key":"SneckoOil"},{"floor":42,"key":"PowerPotion"},{"floor":47,"key":"LiquidBronze"}],"is_trial":false,"path_per_floor":["M","M","?","M","M","R","E","$","T","R","M","E","?","M","R","B",null,"M","$","M","T","?","R","?","R","T","$","M","M","R","?","R","B",null,"M","M","?","M","T","E","R","M","T","E","M","$","M","?","R","B",null],"character_chosen":"THE_SILENT","items_purchased":["Footwork","Cloak And Dagger","Cloak And Dagger","Noxious Fumes","Infinite Blades"],"campfire_rested":6,"item_purchase_floors":[8,8,19,27,46],"current_hp_per_floor":[59,54,43,43,42,63,35,35,35,56,53,37,37,34,55,17,57,43,43,37,37,37,58,58,58,58,58,50,46,46,46,67,44,64,64,57,57,57,57,48,48,48,48,48,48,48,48,32,53,10],"gold":118,"neow_bonus":"BOSS_RELIC","is_prod":false,"is_daily":false,"chose_seed":false,"campfire_upgraded":3,"win_rate":0,"timestamp":1549214429,"path_taken":["M","M","?","M","M","R","E","?","T","R","M","E","?","M","R","BOSS","M","$","M","?","?","R","?","R","T","$","M","M","R","?","R","BOSS","M","M","?","M","?","E","R","?","T","E","M","$","M","?","R","BOSS"],"build_version":"2019-01-23","purchased_purges":4,"victory":true,"max_hp_per_floor":[70,70,70,70,70,70,70,70,70,70,70,70,70,70,70,70,70,70,70,70,70,70,70,70,70,70,70,70,70,70,70,70,70,70,70,70,70,70,70,70,70,70,70,70,70,70,70,70,70,70],"card_choices":[{"not_picked":["Poisoned Stab","Blade Dance"],"picked":"Dagger Spray","floor":1},{"not_picked":["Acrobatics","Cloak And Dagger"],"picked":"Dash","floor":2},{"not_picked":["Deflect","Acrobatics"],"picked":"Backstab","floor":4},{"not_picked":["Slice","Underhanded Strike","Sucker Punch"],"picked":"SKIP","floor":5},{"not_picked":["Quick Slash","Acrobatics"],"picked":"Blur","floor":7},{"not_picked":["Prepared","Masterful Stab"],"picked":"PiercingWail","floor":11},{"not_picked":["Dodge and Roll","Bane"],"picked":"Footwork","floor":12},{"not_picked":["Dodge and Roll","Catalyst"],"picked":"Dash","floor":14},{"not_picked":["Tools of the Trade","Envenom"],"picked":"Adrenaline","floor":16},{"not_picked":["Quick Slash","Catalyst","Masterful Stab"],"picked":"SKIP","floor":18},{"not_picked":["Outmaneuver","Escape Plan"],"picked":"Cloak And Dagger","floor":20},{"not_picked":["All Out Attack","Deflect+1","Dagger Spray+1"],"picked":"SKIP","floor":28},{"not_picked":["Bane","Setup+1","Bullet Time+1"],"picked":"SKIP","floor":29},{"not_picked":["Tools of the Trade","Unload"],"picked":"Malaise+1","floor":33},{"not_picked":["Well Laid Plans","Concentrate+1"],"picked":"Catalyst+1","floor":35},{"not_picked":["Deflect+1","Deadly Poison+1","Blade Dance+1"],"picked":"SKIP","floor":36},{"not_picked":["Crippling Poison+1","Sucker Punch+1"],"picked":"Leg Sweep+1","floor":38},{"not_picked":["Poisoned Stab+1","Bane","Dodge and Roll+1"],"picked":"SKIP","floor":40},{"not_picked":["Acrobatics+1","Deadly Poison+1"],"picked":"Malaise+1","floor":42},{"not_picked":["Underhanded Strike+1","PiercingWail+1","Concentrate+1"],"picked":"SKIP","floor":44},{"not_picked":["Underhanded Strike","Slice","Dagger Spray"],"picked":"SKIP","floor":45},{"not_picked":["Acrobatics+1","Dodge and Roll+1"],"picked":"Cloak And Dagger+1","floor":47},{"not_picked":["Distraction+1","Quick Slash"],"picked":"After Image","floor":48}],"player_experience":831375,"relics_obtained":[{"floor":7,"key":"Snake Skull"},{"floor":9,"key":"Sundial"},{"floor":12,"key":"Gambling Chip"},{"floor":21,"key":"Toxic Egg 2"},{"floor":26,"key":"Tiny Chest"},{"floor":39,"key":"Anchor"},{"floor":40,"key":"PreservedInsect"},{"floor":44,"key":"Turnip"},{"floor":48,"key":"Nunchaku"}],"event_choices":[{"damage_healed":0,"gold_gain":75,"player_choice":"Gather Gold","damage_taken":11,"max_hp_gain":0,"max_hp_loss":0,"event_name":"World of Goop","floor":3,"gold_loss":0},{"damage_healed":0,"gold_gain":0,"player_choice":"Bought 0 Potions","damage_taken":0,"max_hp_gain":0,"max_hp_loss":0,"event_name":"The Woman in Blue","floor":13,"gold_loss":0},{"cards_removed":["Strike_G"],"damage_healed":0,"gold_gain":0,"player_choice":"Gave Gold","damage_taken":0,"max_hp_gain":0,"max_hp_loss":0,"event_name":"Beggar","floor":22,"gold_loss":75},{"damage_healed":0,"gold_gain":0,"player_choice":"Read","damage_taken":0,"max_hp_gain":0,"max_hp_loss":0,"event_name":"The Library","floor":24,"gold_loss":0,"cards_obtained":["Leg Sweep"]},{"damage_healed":0,"gold_gain":0,"player_choice":"Ignored","damage_taken":0,"max_hp_gain":0,"max_hp_loss":0,"event_name":"Ghosts","floor":31,"gold_loss":0},{"damage_healed":0,"gold_gain":0,"player_choice":"Ignored","damage_taken":0,"max_hp_gain":0,"max_hp_loss":0,"event_name":"Tomb of Lord Red Mask","floor":37,"gold_loss":0},{"damage_healed":0,"gold_gain":0,"player_choice":"Fight","damage_taken":0,"max_hp_gain":0,"max_hp_loss":0,"event_name":"Mysterious Sphere","floor":48,"gold_loss":0}],"is_beta":false,"boss_relics":[{"not_picked":["Ectoplasm","Fusion Hammer"],"picked":"WristBlade"},{"not_picked":["Snecko Eye","Runic Dome"],"picked":"Astrolabe"}],"items_purged_floors":[8,19,27,46],"is_endless":false,"potions_floor_spawned":[4,5,11,12,14,18,36,38,40,42,47],"ascension_level":13}