{"gold_per_floor":[111,111,111,127,142,142,174,174,174,349,360,379,394,428,428,428],"floor_reached":16,"playtime":1593,"items_purged":[],"score":190,"play_id":"03b502f6-51d3-4a98-9aec-b44007af1cde","local_time":"20190413100543","is_ascension_mode":true,"campfire_choices":[{"data":"Terror","floor":6,"key":"SMITH"},{"floor":8,"key":"REST"},{"floor":15,"key":"REST"}],"neow_cost":"NONE","seed_source_timestamp":27315864260900,"circlet_count":0,"master_deck":["AscendersBane","Defend_G","Defend_G","Defend_G","Defend_G","Defend_G","Strike_G","Strike_G","Strike_G","Strike_G","Survivor","Neutralize+1","Dagger Spray","Well Laid Plans","Terror+1","Escape Plan","Doubt","Backflip","PiercingWail","Doppelganger","Die Die Die","Acrobatics"],"special_seed":0,"relics":["Ring of the Snake","Prayer Wheel","Gremlin Horn","The Courier"],"potions_floor_usage":[11,16],"damage_taken":[{"damage":0,"enemies":"Cultist","floor":1,"turns":4},{"damage":4,"enemies":"Small Slimes","floor":4,"turns":4},{"damage":0,"enemies":"2 Louse","floor":5,"turns":3},{"damage":29,"enemies":"Gremlin Nob","floor":7,"turns":5},{"damage":3,"enemies":"Looter","floor":11,"turns":3},{"damage":9,"enemies":"Red Slaver","floor":12,"turns":5},{"damage":0,"enemies":"2 Fungi Beasts","floor":13,"turns":4},{"damage":20,"enemies":"Lagavulin","floor":14,"turns":8},{"damage":45,"enemies":"Slime Boss","floor":16,"turns":6}],"seed_played":"-7954139509806215851","potions_obtained":[{"floor":11,"key":"Fruit Juice"},{"floor":13,"key":"Weak Potion"},{"floor":14,"key":"Dexterity Potion"}],"is_trial":false,"path_per_floor":["M","?","?","M","M","R","E","R","T","?","M","M","M","E","R","B"],"character_chosen":"THE_SILENT","items_purchased":[],"campfire_rested":2,"item_purchase_floors":[],"current_hp_per_floor":[59,52,57,53,53,53,24,45,45,45,47,38,38,18,40,0],"gold":428,"neow_bonus":"UPGRADE_CARD","is_prod":false,"is_daily":false,"chose_seed":false,"campfire_upgraded":1,"win_rate":0,"timestamp":1555164343,"path_taken":["M","?","?","M","M","R","E","R","T","?","M","M","M","E","R","BOSS"],"build_version":"2019-01-23","purchased_purges":0,"victory":false,"max_hp_per_floor":[66,66,71,71,71,71,71,71,71,71,76,76,76,76,76,76],"card_choices":[{"not_picked":["Deadly Poison","Predator"],"picked":"Dagger Spray","floor":1},{"not_picked":["Dagger Throw","Concentrate"],"picked":"Well Laid Plans","floor":4},{"not_picked":["PiercingWail","Acrobatics"],"picked":"Terror","floor":5},{"not_picked":["Underhanded Strike","Quick Slash"],"picked":"Escape Plan","floor":7},{"not_picked":["Flying Knee","Setup"],"picked":"Backflip","floor":11},{"not_picked":["Sucker Punch","Outmaneuver"],"picked":"PiercingWail","floor":11},{"not_picked":["Dodge and Roll","All Out Attack"],"picked":"Doppelganger","floor":12},{"not_picked":["Slice","Bane","Choke"],"picked":"SKIP","floor":12},{"not_picked":["Underhanded Strike","Quick Slash"],"picked":"Die Die Die","floor":13},{"not_picked":["Dagger Spray","Deadly Poison"],"picked":"Acrobatics","floor":13},{"not_picked":["Underhanded Strike","Backflip","All Out Attack"],"picked":"SKIP","floor":14}],"player_experience":997722,"relics_obtained":[{"floor":7,"key":"Prayer Wheel"},{"floor":9,"key":"Gremlin Horn"},{"floor":14,"key":"The Courier"}],"event_choices":[{"cards_removed":["Strike_G"],"damage_healed":0,"gold_gain":0,"player_choice":"Card Removal","damage_taken":7,"max_hp_gain":0,"max_hp_loss":0,"event_name":"Golden Wing","floor":2,"gold_loss":0},{"damage_healed":0,"gold_gain":0,"player_choice":"Donut","damage_taken":0,"max_hp_gain":5,"max_hp_loss":0,"event_name":"Big Fish","floor":3,"gold_loss":0},{"damage_healed":0,"gold_gain":175,"player_choice":"AGREE","damage_taken":0,"max_hp_gain":0,"max_hp_loss":0,"event_name":"Liars Game","floor":10,"gold_loss":0,"cards_obtained":["Doubt"]}],"is_beta":false,"boss_relics":[],"items_purged_floors":[],"is_endless":false,"potions_floor_spawned":[11,13,14],"killed_by":"Slime Boss","ascension_level":14}