{"gold_per_floor":[210,210,160,174,193,193,208,242,242,242,261,281,104,122,122,243,243,256,256,44,69,69,69],"floor_reached":23,"playtime":3540,"items_purged":[],"score":299,"play_id":"687ff20d-9055-4d29-860c-dd05a4017086","local_time":"20190610224904","is_ascension_mode":true,"campfire_choices":[{"floor":6.0,"key":"REST"},{"floor":10.0,"key":"REST"},{"data":"Footwork","floor":15.0,"key":"SMITH"}],"neow_cost":"NONE","seed_source_timestamp":0,"circlet_count":0,"master_deck":["AscendersBane","Defend_G","Defend_G","Defend_G","Defend_G","Defend_G","Strike_G","Strike_G","Strike_G","Strike_G","Survivor","Neutralize","Leg Sweep","Dodge and Roll","Dagger Throw","Dash","PiercingWail","Dagger Spray","Blur","Glass Knife","Footwork+1","Acrobatics","All Out Attack","Deadly Poison","Malaise","Cloak And Dagger","Footwork","Deadly Poison"],"special_seed":0,"relics":["Ring of the Snake","Golden Idol","Dream Catcher","Orichalcum","Coffee Dripper","MutagenicStrength","Blood Vial"],"potions_floor_usage":[23],"damage_taken":[{"damage":0.0,"enemies":"2 Louse","floor":1.0,"turns":4.0},{"damage":10.0,"enemies":"Jaw Worm","floor":4.0,"turns":7.0},{"damage":0.0,"enemies":"Small Slimes","floor":5.0,"turns":5.0},{"damage":0.0,"enemies":"2 Fungi Beasts","floor":7.0,"turns":7.0},{"damage":22.0,"enemies":"3 Sentries","floor":8.0,"turns":22.0},{"damage":0.0,"enemies":"Blue Slaver","floor":11.0,"turns":6.0},{"damage":0.0,"enemies":"Exordium Wildlife","floor":12.0,"turns":3.0},{"damage":1.0,"enemies":"2 Fungi Beasts","floor":14.0,"turns":4.0},{"damage":42.0,"enemies":"Slime Boss","floor":16.0,"turns":18.0},{"damage":0.0,"enemies":"Shell Parasite","floor":18.0,"turns":8.0},{"damage":7.0,"enemies":"3 Byrds","floor":21.0,"turns":9.0},{"damage":13.0,"enemies":"Colosseum Slavers","floor":22.0,"turns":6.0},{"damage":48,"enemies":"Gremlin Leader","floor":23,"turns":6}],"seed_played":"-7275482849781139172","potions_obtained":[{"floor":1.0,"key":"Swift Potion"},{"floor":5.0,"key":"Explosive Potion"},{"floor":8.0,"key":"SkillPotion"},{"floor":11.0,"key":"SteroidPotion"},{"floor":14.0,"key":"AttackPotion"},{"floor":16.0,"key":"LiquidBronze"},{"floor":21.0,"key":"Fruit Juice"}],"is_trial":false,"path_per_floor":["M","?","?","M","M","R","M","E","T","R","M","M","$","M","R","B",null,"M","?","$","M","?","E"],"character_chosen":"THE_SILENT","items_purchased":["Footwork","Acrobatics","All Out Attack","Blood Vial","Footwork"],"campfire_rested":2,"item_purchase_floors":[13,13,13,20,20],"current_hp_per_floor":[63,46,46,36,36,57,57,35,35,56,56,56,56,55,55,13,56,56,56,56,56,45,0],"gold":69,"neow_bonus":"HUNDRED_GOLD","is_prod":false,"is_daily":false,"chose_seed":false,"campfire_upgraded":1,"win_rate":0,"timestamp":1560221344,"path_taken":["M","?","?","M","M","R","M","E","T","R","M","M","$","M","R","BOSS","M","?","$","M","?","E"],"build_version":"2019-01-23","purchased_purges":0,"victory":false,"max_hp_per_floor":[70,70,70,70,70,70,70,70,70,70,70,70,70,70,70,70,70,70,70,70,75,75,75],"card_choices":[{"not_picked":["Dodge and Roll","Prepared"],"picked":"Leg Sweep","floor":1.0},{"not_picked":["Predator","Underhanded Strike"],"picked":"Dodge and Roll","floor":4.0},{"not_picked":["Slice","Escape Plan"],"picked":"Dagger Throw","floor":5.0},{"not_picked":["Eviscerate","Terror"],"picked":"Dash","floor":7.0},{"not_picked":["Deflect","Well Laid Plans"],"picked":"PiercingWail","floor":8.0},{"not_picked":["Dodge and Roll","Slice"],"picked":"Dagger Spray","floor":10.0},{"not_picked":["Dagger Spray","PiercingWail"],"picked":"Blur","floor":11.0},{"not_picked":["Sucker Punch","Outmaneuver"],"picked":"Glass Knife","floor":12.0},{"not_picked":["Dagger Spray","Poisoned Stab"],"picked":"Deadly Poison","floor":14.0},{"not_picked":["Burst","Wraith Form v2"],"picked":"Malaise","floor":16.0},{"not_picked":["Poisoned Stab","Flying Knee"],"picked":"Cloak And Dagger","floor":18.0},{"not_picked":["Dodge and Roll","Underhanded Strike+1"],"picked":"Deadly Poison","floor":21.0}],"player_experience":296095,"relics_obtained":[{"floor":8.0,"key":"Dream Catcher"},{"floor":9.0,"key":"Orichalcum"}],"event_choices":[{"damage_healed":0.0,"max_hp_gain":0.0,"max_hp_loss":0.0,"gold_gain":0.0,"event_name":"Golden Idol","player_choice":"Take Damage","floor":2.0,"gold_loss":0.0,"damage_taken":17.0,"relics_obtained":["Golden Idol"]},{"cards_removed":["Strike_G"],"damage_healed":0.0,"max_hp_gain":0.0,"max_hp_loss":0.0,"gold_gain":0.0,"event_name":"The Cleric","player_choice":"Card Removal","floor":3.0,"gold_loss":50.0,"damage_taken":0.0},{"damage_healed":0.0,"max_hp_gain":0.0,"max_hp_loss":0.0,"gold_gain":0.0,"event_name":"Drug Dealer","player_choice":"Inject Mutagens","floor":19.0,"gold_loss":0.0,"damage_taken":0.0,"relics_obtained":["MutagenicStrength"]},{"damage_healed":0.0,"max_hp_gain":0.0,"max_hp_loss":0.0,"gold_gain":0.0,"event_name":"Colosseum","player_choice":"Fight","floor":22.0,"gold_loss":0.0,"damage_taken":0.0},{"damage_healed":0.0,"max_hp_gain":0.0,"max_hp_loss":0.0,"gold_gain":0.0,"event_name":"Colosseum","player_choice":"Fled From Nobs","floor":22.0,"gold_loss":0.0,"damage_taken":0.0}],"is_beta":false,"boss_relics":[{"not_picked":["Velvet Choker","Runic Dome"],"picked":"Coffee Dripper"}],"items_purged_floors":[],"is_endless":false,"potions_floor_spawned":[1,5,8,11,14,16,21],"killed_by":"Gremlin Leader","ascension_level":11}