{"gold_per_floor":[119,119,131,33,47,47,79,109,144,180,19,19,19,32,32,109,109,124,124,124,138,88,120,120,140,140,140,155,165,165,177,177,251,251,269,289,1288,1288,1288],"floor_reached":39,"playtime":2778,"items_purged":["Strike_G","Strike_G"],"score":727,"play_id":"c23a90dd-08d9-4ccd-aa05-262359030201","local_time":"20190615205532","is_ascension_mode":true,"campfire_choices":[{"data":"Dagger Spray","floor":6,"key":"SMITH"},{"data":"Footwork","floor":12,"key":"SMITH"},{"floor":15,"key":"REST"},{"data":"Adrenaline","floor":24,"key":"SMITH"},{"floor":27,"key":"REST"},{"data":"Backflip","floor":30,"key":"SMITH"},{"floor":32,"key":"REST"}],"neow_cost":"NONE","seed_source_timestamp":268247637145448,"circlet_count":0,"master_deck":["AscendersBane","Defend_G","Defend_G","Defend_G","Defend_G","Defend_G","Strike_G","Strike_G","Strike_G","Survivor","Neutralize","Deadly Poison","Dagger Spray+1","Backflip+1","Infinite Blades","Footwork+1","Adrenaline+1","After Image","Noxious Fumes","Dodge and Roll+1","Skewer","Normality","Terror+1","Dodge and Roll","Leg Sweep","Escape Plan","Night Terror","Well Laid Plans","Writhe"],"relics":["Ring of the Snake","MawBank","Dream Catcher","Odd Mushroom","Cursed Key","Lantern","Omamori","Fusion Hammer","Du-Vu Doll"],"potions_floor_usage":[7,16,23,23,33,33],"damage_taken":[{"damage":0,"enemies":"Small Slimes","floor":1,"turns":3},{"damage":0,"enemies":"Cultist","floor":3,"turns":3},{"damage":0,"enemies":"Jaw Worm","floor":5,"turns":4},{"damage":34,"enemies":"Lagavulin","floor":7,"turns":7},{"damage":0,"enemies":"3 Louse","floor":8,"turns":2},{"damage":10,"enemies":"The Mushroom Lair","floor":10,"turns":3},{"damage":2,"enemies":"2 Fungi Beasts","floor":14,"turns":4},{"damage":16,"enemies":"Hexaghost","floor":16,"turns":9},{"damage":0,"enemies":"3 Byrds","floor":18,"turns":5},{"damage":5,"enemies":"Chosen","floor":21,"turns":6},{"damage":17,"enemies":"Book of Stabbing","floor":23,"turns":7},{"damage":4,"enemies":"Snake Plant","floor":25,"turns":6},{"damage":8,"enemies":"Chosen and Byrds","floor":28,"turns":7},{"damage":7,"enemies":"Shelled Parasite and Fungi","floor":29,"turns":5},{"damage":10,"enemies":"Snake Plant","floor":31,"turns":6},{"damage":19,"enemies":"Automaton","floor":33,"turns":17},{"damage":27,"enemies":"3 Shapes","floor":35,"turns":8},{"damage":33,"enemies":"3 Darklings","floor":36,"turns":7},{"damage":11,"enemies":"4 Shapes","floor":39,"turns":1}],"seed_played":"1505444776014958185","potions_obtained":[{"floor":3,"key":"GhostInAJar"},{"floor":8,"key":"PowerPotion"},{"floor":14,"key":"AttackPotion"},{"floor":16,"key":"AttackPotion"},{"floor":21,"key":"Energy Potion"},{"floor":28,"key":"FearPotion"},{"floor":29,"key":"SkillPotion"},{"floor":36,"key":"Poison Potion"}],"is_trial":false,"path_per_floor":["M","?","M","$","M","R","E","M","T","?","$","R","?","M","R","B",null,"M","?","?","M","?","E","R","M","T","R","M","M","R","M","R","B",null,"M","M","?","T","M"],"character_chosen":"THE_SILENT","items_purchased":["Dagger Spray","Footwork"],"campfire_rested":3,"item_purchase_floors":[4,11],"current_hp_per_floor":[65,72,72,72,72,72,38,38,38,28,28,28,28,26,47,31,62,62,62,42,37,37,20,20,16,16,39,31,24,24,14,37,18,62,35,2,2,2,0],"gold":1288,"neow_bonus":"TEN_PERCENT_HP_BONUS","is_prod":false,"is_daily":false,"chose_seed":false,"campfire_upgraded":4,"win_rate":0,"timestamp":1560603332,"path_taken":["M","?","M","?","M","R","E","M","T","?","$","R","?","M","R","BOSS","M","?","?","M","?","E","R","?","T","R","M","M","R","M","R","BOSS","M","M","?","?","M"],"build_version":"2019-01-23","purchased_purges":2,"victory":false,"max_hp_per_floor":[72,72,72,72,72,72,72,72,72,72,72,72,72,72,72,72,72,72,72,77,77,77,77,77,77,77,77,77,77,77,77,77,77,77,77,77,77,77,77],"card_choices":[{"not_picked":["Sucker Punch","Finisher"],"picked":"Deadly Poison","floor":1},{"not_picked":["Flechettes","Riddle With Holes","Quick Slash"],"picked":"SKIP","floor":3},{"not_picked":["Accuracy","Terror","Slice"],"picked":"SKIP","floor":5},{"not_picked":["Die Die Die","Dagger Throw"],"picked":"Backflip","floor":7},{"not_picked":["Reflex","Escape Plan"],"picked":"Infinite Blades","floor":8},{"not_picked":["Concentrate","Quick Slash"],"picked":"Adrenaline","floor":14},{"not_picked":["Malaise","Doppelganger"],"picked":"After Image","floor":16},{"not_picked":["Bane","Poisoned Stab","Terror"],"picked":"SKIP","floor":18},{"not_picked":["Sucker Punch","Calculated Gamble"],"picked":"Noxious Fumes","floor":21},{"not_picked":["Masterful Stab","Dagger Spray"],"picked":"Dodge and Roll+1","floor":23},{"not_picked":["Terror","Reflex"],"picked":"Skewer","floor":25},{"not_picked":["Dagger Throw","Concentrate"],"picked":"Terror+1","floor":27},{"not_picked":["Choke","Deflect"],"picked":"Dodge and Roll","floor":28},{"not_picked":["Setup","Masterful Stab","Concentrate+1"],"picked":"SKIP","floor":29},{"not_picked":["Acrobatics","Quick Slash+1"],"picked":"Leg Sweep","floor":31},{"not_picked":["Deflect","Dagger Throw"],"picked":"Escape Plan","floor":32},{"not_picked":["Glass Knife","Storm of Steel"],"picked":"Night Terror","floor":33},{"not_picked":["Endless Agony","Flying Knee"],"picked":"Well Laid Plans","floor":35},{"not_picked":["Masterful Stab","Slice","Outmaneuver"],"picked":"SKIP","floor":36}],"player_experience":856139,"relics_obtained":[{"floor":7,"key":"MawBank"},{"floor":9,"key":"Dream Catcher"},{"floor":10,"key":"Odd Mushroom"},{"floor":23,"key":"Lantern"},{"floor":26,"key":"Omamori"},{"floor":38,"key":"Du-Vu Doll"}],"event_choices":[{"damage_healed":7,"gold_gain":0,"player_choice":"Full Heal","damage_taken":0,"max_hp_gain":0,"max_hp_loss":0,"event_name":"Wheel of Change","floor":2,"gold_loss":0},{"damage_healed":0,"gold_gain":0,"player_choice":"Fought Mushrooms","damage_taken":0,"max_hp_gain":0,"max_hp_loss":0,"event_name":"Mushrooms","floor":10,"gold_loss":0},{"damage_healed":0,"gold_gain":0,"player_choice":"Ignored","damage_taken":0,"max_hp_gain":0,"max_hp_loss":0,"event_name":"Liars Game","floor":13,"gold_loss":0},{"damage_healed":0,"gold_gain":0,"player_choice":"Ignored","damage_taken":0,"max_hp_gain":0,"max_hp_loss":0,"event_name":"Ghosts","floor":19,"gold_loss":0},{"damage_healed":0,"gold_gain":0,"player_choice":"Shed Blood","damage_taken":25,"max_hp_gain":5,"max_hp_loss":0,"event_name":"Forgotten Altar","floor":20,"gold_loss":0},{"damage_healed":0,"gold_gain":0,"player_choice":"Bet on Owner","damage_taken":0,"max_hp_gain":0,"max_hp_loss":0,"event_name":"The Joust","floor":22,"gold_loss":50},{"damage_healed":0,"gold_gain":999,"player_choice":"Gold","damage_taken":0,"max_hp_gain":0,"max_hp_loss":0,"event_name":"MindBloom","floor":37,"gold_loss":0,"cards_obtained":["Normality","Normality"]}],"is_beta":false,"boss_relics":[{"not_picked":["Velvet Choker","Ectoplasm"],"picked":"Cursed Key"},{"not_picked":["WristBlade","Runic Pyramid"],"picked":"Fusion Hammer"}],"items_purged_floors":[4,11],"is_endless":false,"potions_floor_spawned":[3,8,14,16,21,28,29,31,36],"killed_by":"4 Shapes","ascension_level":15}