{"gold_per_floor":[113,41,41,51,67,102,116,116,116,149,149,149,166,178,178,250,250,263,263,282,58,58,58],"floor_reached":23,"playtime":2523,"items_purged":["Writhe"],"score":352,"play_id":"b4dbfbdc-6b41-4fe4-816a-21b20eac2961","local_time":"20190430131510","is_ascension_mode":true,"campfire_choices":[{"floor":8,"key":"REST"},{"data":"Bouncing Flask","floor":11,"key":"SMITH"},{"floor":15,"key":"REST"}],"neow_cost":"NONE","seed_source_timestamp":87321590364532,"circlet_count":0,"master_deck":["AscendersBane","Defend_G","Defend_G","Defend_G","Defend_G","Defend_G","Strike_G","Strike_G","Strike_G","Strike_G","Strike_G","Survivor","Neutralize+1","Malaise","Blur","Infinite Blades","Well Laid Plans","Deadly Poison","Flechettes","Bouncing Flask+1","Catalyst","Accuracy","Infinite Blades","Die Die Die","Dodge and Roll","Cloak And Dagger","Deflect","Cloak And Dagger","Finisher","Adrenaline","Bandage Up"],"relics":["Ring of the Snake","Matryoshka","Ancient Tea Set","Shuriken","Blood Vial","Orrery","Letter Opener"],"potions_floor_usage":[6,10,14,16,20,20],"damage_taken":[{"damage":3,"enemies":"Jaw Worm","floor":1,"turns":5},{"damage":2,"enemies":"Cultist","floor":4,"turns":5},{"damage":2,"enemies":"2 Louse","floor":5,"turns":3},{"damage":31,"enemies":"Gremlin Nob","floor":6,"turns":6},{"damage":3,"enemies":"Looter","floor":7,"turns":4},{"damage":17,"enemies":"3 Sentries","floor":10,"turns":8},{"damage":0,"enemies":"2 Fungi Beasts","floor":13,"turns":3},{"damage":5,"enemies":"Gremlin Gang","floor":14,"turns":3},{"damage":6,"enemies":"The Guardian","floor":16,"turns":9},{"damage":14,"enemies":"3 Byrds","floor":18,"turns":5},{"damage":1,"enemies":"2 Thieves","floor":20,"turns":2},{"damage":38,"enemies":"Colosseum Slavers","floor":22,"turns":5},{"damage":24,"enemies":"Slavers","floor":23,"turns":1}],"seed_played":"-2791451935599187124","potions_obtained":[{"floor":5,"key":"AttackPotion"},{"floor":6,"key":"AttackPotion"},{"floor":13,"key":"Explosive Potion"},{"floor":14,"key":"Fire Potion"},{"floor":16,"key":"AttackPotion"},{"floor":18,"key":"AttackPotion"}],"is_trial":false,"path_per_floor":["M","$","?","M","M","E","M","R","T","E","R","?","M","M","R","B",null,"M","?","M","$","?","E"],"character_chosen":"THE_SILENT","items_purchased":["Infinite Blades","Adrenaline","Bandage Up"],"campfire_rested":2,"item_purchase_floors":[2,21,21],"current_hp_per_floor":[56,56,56,54,52,21,18,37,37,20,20,20,22,19,38,34,58,46,46,47,47,15,0],"gold":58,"neow_bonus":"ONE_RANDOM_RARE_CARD","is_prod":false,"is_daily":false,"chose_seed":false,"campfire_upgraded":1,"win_rate":0,"timestamp":1556622910,"path_taken":["M","$","?","M","?","E","M","R","T","E","R","?","M","M","R","BOSS","M","?","M","$","?","E"],"build_version":"2019-01-23","purchased_purges":1,"victory":false,"max_hp_per_floor":[66,66,66,66,66,66,66,66,66,66,66,66,66,66,66,66,66,66,66,66,66,66,66],"card_choices":[{"not_picked":["Bane","Acrobatics"],"picked":"Blur","floor":1},{"not_picked":["Prepared","Bane"],"picked":"Well Laid Plans","floor":4},{"not_picked":["Backstab","Tactician"],"picked":"Deadly Poison","floor":5},{"not_picked":["Calculated Gamble","Riddle With Holes"],"picked":"Flechettes","floor":6},{"not_picked":["Distraction","Choke"],"picked":"Bouncing Flask","floor":7},{"not_picked":["Flying Knee","Prepared"],"picked":"Catalyst","floor":10},{"not_picked":["Bane","Sucker Punch"],"picked":"Accuracy","floor":13},{"not_picked":["Dagger Spray","Bouncing Flask"],"picked":"Infinite Blades","floor":14},{"not_picked":["Glass Knife","Burst"],"picked":"Die Die Die","floor":16},{"not_picked":["Dagger Spray","Slice"],"picked":"Dodge and Roll","floor":17},{"not_picked":["Acrobatics","Riddle With Holes"],"picked":"Cloak And Dagger","floor":17},{"not_picked":["Tactician","Dagger Throw"],"picked":"Deflect","floor":17},{"not_picked":["Heel Hook","PiercingWail"],"picked":"Cloak And Dagger","floor":17},{"not_picked":["Underhanded Strike","Poisoned Stab","Flying Knee"],"picked":"SKIP","floor":18},{"not_picked":["All Out Attack","Dagger Spray"],"picked":"Finisher","floor":20}],"player_experience":576683,"relics_obtained":[{"floor":6,"key":"Matryoshka"},{"floor":9,"key":"Ancient Tea Set"},{"floor":9,"key":"Shuriken"},{"floor":10,"key":"Blood Vial"}],"event_choices":[{"damage_healed":0,"gold_gain":0,"player_choice":"Forge","damage_taken":0,"max_hp_gain":0,"max_hp_loss":0,"event_name":"Accursed Blacksmith","floor":3,"gold_loss":0,"cards_upgraded":["Neutralize"]},{"damage_healed":0,"gold_gain":0,"player_choice":"Ignored","damage_taken":0,"max_hp_gain":0,"max_hp_loss":0,"event_name":"Golden Wing","floor":12,"gold_loss":0},{"damage_healed":0,"gold_gain":0,"player_choice":"Opened","damage_taken":0,"relics_obtained":["Letter Opener"],"max_hp_gain":0,"max_hp_loss":0,"event_name":"The Mausoleum","floor":19,"gold_loss":0,"cards_obtained":["Writhe"]},{"damage_healed":0,"gold_gain":0,"player_choice":"Fight","damage_taken":0,"max_hp_gain":0,"max_hp_loss":0,"event_name":"Colosseum","floor":22,"gold_loss":0},{"damage_healed":0,"gold_gain":0,"player_choice":"Fled From Nobs","damage_taken":0,"max_hp_gain":0,"max_hp_loss":0,"event_name":"Colosseum","floor":22,"gold_loss":0}],"is_beta":false,"boss_relics":[{"not_picked":["Cursed Key","Pandora\u0027s Box"],"picked":"Orrery"}],"items_purged_floors":[21],"is_endless":false,"potions_floor_spawned":[5,6,13,14,16,18,22],"killed_by":"Slavers","ascension_level":15}