{"gold_per_floor":[112,112,142,169,169,200,200,215,239,239,239,239,257,276,276,375,375,389,389,34,59,59,59,59],"floor_reached":24,"playtime":2847,"items_purged":[],"score":326,"play_id":"a48435a6-b86f-4b09-a681-461d1cae2b5b","local_time":"20190406002233","is_ascension_mode":true,"campfire_choices":[{"floor":7.0,"key":"REST"},{"floor":11.0,"key":"REST"},{"data":"Noxious Fumes","floor":15.0,"key":"SMITH"}],"neow_cost":"NONE","seed_source_timestamp":1177715206506300,"circlet_count":0,"master_deck":["AscendersBane","Defend_G","Defend_G","Defend_G","Defend_G","Strike_G","Strike_G","Strike_G","Strike_G","Strike_G","Survivor","Neutralize","Cloak And Dagger","Dagger Throw","Dash","Dash","Noxious Fumes+1","After Image","Writhe","Footwork"],"special_seed":0,"relics":["Eternal Feather","Tiny Chest","Juzu Bracelet","Golden Idol","Bag of Marbles","Smiling Mask","Velvet Choker","Orichalcum","Membership Card","Ginger"],"potions_floor_usage":[18],"damage_taken":[{"damage":0.0,"enemies":"2 Louse","floor":1.0,"turns":3.0},{"damage":33.0,"enemies":"3 Sentries","floor":6.0,"turns":14.0},{"damage":10.0,"enemies":"Jaw Worm","floor":8.0,"turns":4.0},{"damage":0.0,"enemies":"Small Slimes","floor":13.0,"turns":2.0},{"damage":9.0,"enemies":"3 Louse","floor":14.0,"turns":3.0},{"damage":42.0,"enemies":"Hexaghost","floor":16.0,"turns":12.0},{"damage":13,"enemies":"3 Byrds","floor":18,"turns":5},{"damage":22,"enemies":"Chosen","floor":21,"turns":6},{"damage":11,"enemies":"3 Cultists","floor":24,"turns":3}],"seed_played":"-2288255778271909242","potions_obtained":[{"floor":6.0,"key":"EssenceOfSteel"},{"floor":8.0,"key":"Energy Potion"},{"floor":16.0,"key":"Dexterity Potion"},{"floor":21,"key":"Energy Potion"}],"is_trial":false,"path_per_floor":["M","?","T","T","?","E","R","M","T","?","R","?","M","M","R","B",null,"M","?","$","M","?","?","M"],"character_chosen":"THE_SILENT","items_purchased":["Membership Card","Ginger"],"campfire_rested":2,"item_purchase_floors":[20,20],"current_hp_per_floor":[59,52,52,52,36,3,28,18,18,18,46,46,46,37,46,4,51,38,38,38,16,16,7,0],"gold":59,"neow_bonus":"BOSS_RELIC","is_prod":false,"is_daily":false,"chose_seed":false,"campfire_upgraded":1,"win_rate":0,"timestamp":1554524553,"path_taken":["M","?","?","?","?","E","R","M","T","?","R","?","M","M","R","BOSS","M","?","$","M","?","?","M"],"build_version":"2019-01-23","purchased_purges":0,"victory":false,"max_hp_per_floor":[66,66,66,66,66,66,66,66,66,66,66,66,66,66,66,66,66,66,66,66,66,66,66,66],"card_choices":[{"not_picked":["Acrobatics","Backflip"],"picked":"Cloak And Dagger","floor":1.0},{"not_picked":["Flechettes","Expertise"],"picked":"Dagger Throw","floor":6.0},{"not_picked":["Deadly Poison","Slice"],"picked":"Dash","floor":8.0},{"not_picked":["Dodge and Roll","Acrobatics"],"picked":"Dash","floor":13.0},{"not_picked":["Poisoned Stab","Cloak And Dagger"],"picked":"Noxious Fumes","floor":14.0},{"not_picked":["Adrenaline","Envenom"],"picked":"After Image","floor":16.0},{"not_picked":["Outmaneuver","Dodge and Roll","Accuracy"],"picked":"SKIP","floor":18},{"not_picked":["Quick Slash","Poisoned Stab"],"picked":"Footwork","floor":21}],"player_experience":993376,"relics_obtained":[{"floor":3.0,"key":"Tiny Chest"},{"floor":4.0,"key":"Juzu Bracelet"},{"floor":6.0,"key":"Bag of Marbles"},{"floor":9.0,"key":"Smiling Mask"}],"event_choices":[{"cards_removed":["Defend_G"],"damage_healed":0.0,"max_hp_gain":0.0,"max_hp_loss":0.0,"gold_gain":0.0,"event_name":"Golden Wing","player_choice":"Card Removal","floor":2.0,"gold_loss":0.0,"damage_taken":7.0},{"damage_healed":0.0,"max_hp_gain":0.0,"max_hp_loss":0.0,"gold_gain":0.0,"event_name":"Golden Idol","player_choice":"Take Damage","floor":5.0,"gold_loss":0.0,"damage_taken":16.0,"relics_obtained":["Golden Idol"]},{"damage_healed":0.0,"max_hp_gain":0.0,"max_hp_loss":0.0,"gold_gain":0.0,"event_name":"Liars Game","player_choice":"Ignored","floor":10.0,"gold_loss":0.0,"damage_taken":0.0},{"damage_healed":0.0,"max_hp_gain":0.0,"max_hp_loss":0.0,"gold_gain":0.0,"event_name":"Dead Adventurer","player_choice":"Searched \u00271\u0027 times","floor":12.0,"gold_loss":0.0,"damage_taken":0.0},{"damage_healed":0,"gold_gain":0,"player_choice":"Opened","damage_taken":0,"relics_obtained":["Orichalcum"],"max_hp_gain":0,"max_hp_loss":0,"event_name":"The Mausoleum","floor":19,"gold_loss":0,"cards_obtained":["Writhe"]},{"damage_healed":0,"gold_gain":0,"player_choice":"Ignored","damage_taken":0,"max_hp_gain":0,"max_hp_loss":0,"event_name":"Beggar","floor":22,"gold_loss":0},{"damage_healed":0,"gold_gain":0,"player_choice":"Stopped","damage_taken":9,"max_hp_gain":0,"max_hp_loss":0,"event_name":"Cursed Tome","floor":23,"gold_loss":0}],"is_beta":false,"boss_relics":[{"not_picked":["Calling Bell","Orrery"],"picked":"Velvet Choker"}],"items_purged_floors":[],"is_endless":false,"potions_floor_spawned":[6,8,16,21],"killed_by":"3 Cultists","ascension_level":14}