{"gold_per_floor":[112,126,144,144,162,162,194,194,217,217,217,237,12,28,28,28],"floor_reached":16,"playtime":701,"items_purged":[],"score":158,"play_id":"16468069-0463-407c-9e69-9bf74350a4a2","local_time":"20190422232200","is_ascension_mode":true,"campfire_choices":[{"data":"Panacea","floor":6,"key":"SMITH"},{"data":"Bash","floor":8,"key":"SMITH"},{"data":"Anger","floor":10,"key":"SMITH"},{"floor":15,"key":"REST"}],"neow_cost":"NONE","seed_source_timestamp":178587639034100,"circlet_count":0,"master_deck":["AscendersBane","Strike_R","Strike_R","Strike_R","Strike_R","Strike_R","Defend_R","Defend_R","Defend_R","Defend_R","Bash+1","Panacea+1","Dropkick","Armaments+1","Anger+1","Pummel","Second Wind","Inflame","Heavy Blade","Reaper","Shrug It Off","Sword Boomerang"],"relics":["Burning Blood","Red Skull","Happy Flower"],"potions_floor_usage":[14,16],"damage_taken":[{"damage":6,"enemies":"Cultist","floor":1,"turns":4},{"damage":9,"enemies":"2 Louse","floor":2,"turns":4},{"damage":0,"enemies":"Small Slimes","floor":3,"turns":3},{"damage":18,"enemies":"3 Louse","floor":5,"turns":4},{"damage":40,"enemies":"Gremlin Nob","floor":7,"turns":5},{"damage":24,"enemies":"Exordium Thugs","floor":12,"turns":5},{"damage":13,"enemies":"Large Slime","floor":14,"turns":4},{"damage":39,"enemies":"The Guardian","floor":16,"turns":10}],"seed_played":"291853986962639806","potions_obtained":[{"floor":1,"key":"SteroidPotion"},{"floor":2,"key":"Weak Potion"}],"is_trial":false,"path_per_floor":["M","M","M","?","M","R","E","R","T","R","?","M","$","M","R","B"],"character_chosen":"IRONCLAD","items_purchased":["Heavy Blade","Reaper","Shrug It Off"],"campfire_rested":1,"item_purchase_floors":[13,13,13],"current_hp_per_floor":[72,69,75,75,63,63,29,29,29,29,29,11,11,11,35,0],"gold":28,"neow_bonus":"RANDOM_COLORLESS","is_prod":false,"is_daily":false,"chose_seed":false,"campfire_upgraded":3,"win_rate":0,"timestamp":1555989720,"path_taken":["M","M","M","?","M","R","E","R","T","R","?","M","$","M","R","BOSS"],"build_version":"2019-01-23","purchased_purges":0,"victory":false,"max_hp_per_floor":[80,80,80,80,80,80,80,80,80,80,80,80,80,80,80,80],"card_choices":[{"not_picked":["Sentinel","Blood for Blood"],"picked":"Dropkick","floor":1},{"not_picked":["True Grit","Anger"],"picked":"Armaments","floor":2},{"not_picked":["Body Slam","Havoc"],"picked":"Anger","floor":3},{"not_picked":["Perfected Strike","Flex"],"picked":"Pummel","floor":5},{"not_picked":["Flex","True Grit"],"picked":"Second Wind","floor":7},{"not_picked":["Headbutt","Wild Strike"],"picked":"Inflame","floor":12},{"not_picked":["Havoc","Thunderclap"],"picked":"Sword Boomerang","floor":14}],"player_experience":378427,"relics_obtained":[{"floor":7,"key":"Red Skull"},{"floor":9,"key":"Happy Flower"}],"event_choices":[{"damage_healed":0,"gold_gain":0,"player_choice":"Grow","damage_taken":0,"max_hp_gain":0,"max_hp_loss":0,"event_name":"Living Wall","floor":4,"gold_loss":0,"cards_upgraded":["Armaments"]},{"damage_healed":0,"gold_gain":0,"player_choice":"Searched \u00270\u0027 times","damage_taken":0,"max_hp_gain":0,"max_hp_loss":0,"event_name":"Dead Adventurer","floor":11,"gold_loss":0}],"is_beta":false,"boss_relics":[],"items_purged_floors":[],"is_endless":false,"potions_floor_spawned":[1,2,12],"killed_by":"The Guardian","ascension_level":11}