{"gold_per_floor":[119,93,117,129,146,146,171,171,171,202,202,218,218,232,232,337,337,352,369,369,43,61,61],"floor_reached":23,"playtime":2379,"items_purged":["Pain"],"score":251,"play_id":"22d99939-75c2-4471-8774-7d5c56ffb99b","local_time":"20181230113541","is_ascension_mode":true,"campfire_choices":[{"data":"Defragment","floor":6.0,"key":"SMITH"},{"floor":8.0,"key":"REST"},{"floor":13.0,"key":"REST"},{"data":"Creative AI","floor":15.0,"key":"SMITH"}],"neow_cost":"NONE","seed_source_timestamp":0,"circlet_count":0,"master_deck":["Strike_B","Strike_B","Strike_B","Strike_B","Defend_B","Defend_B","Defend_B","Defend_B","Zap","Dualcast","Defragment+1","Coolheaded","Compile Driver","Loop","Creative AI+1","Undo","Electrodynamics","Clumsy","Decay","Conserve Battery","Glacier","Skim","Glacier","Glacier+1"],"special_seed":0,"relics":["Cracked Core","Ancient Tea Set","Oddly Smooth Stone","Vajra","Boot","Calling Bell","Anchor","Ornamental Fan","Prayer Wheel","Pear"],"potions_floor_usage":[18,18,23,23],"damage_taken":[{"damage":2.0,"enemies":"Small Slimes","floor":1.0,"turns":3.0},{"damage":7.0,"enemies":"Jaw Worm","floor":4.0,"turns":4.0},{"damage":0.0,"enemies":"Cultist","floor":5.0,"turns":4.0},{"damage":35.0,"enemies":"Gremlin Nob","floor":7.0,"turns":5.0},{"damage":14.0,"enemies":"3 Sentries","floor":10.0,"turns":6.0},{"damage":0.0,"enemies":"Lots of Slimes","floor":12.0,"turns":1.0},{"damage":6.0,"enemies":"Gremlin Gang","floor":14.0,"turns":4.0},{"damage":18.0,"enemies":"Hexaghost","floor":16.0,"turns":12.0},{"damage":42,"enemies":"Spheric Guardian","floor":18,"turns":8},{"damage":0,"enemies":"Chosen","floor":19,"turns":9},{"damage":12,"enemies":"Centurion and Healer","floor":22,"turns":15},{"damage":23,"enemies":"Slavers","floor":23,"turns":5}],"seed_played":"1786515473492800409","potions_obtained":[{"floor":0.0,"key":"FocusPotion"},{"floor":0.0,"key":"SneckoOil"},{"floor":0.0,"key":"SneckoOil"},{"floor":5.0,"key":"Explosive Potion"},{"floor":11.0,"key":"PowerPotion"},{"floor":11.0,"key":"AttackPotion"},{"floor":16.0,"key":"SpeedPotion"},{"floor":22,"key":"SpeedPotion"}],"is_trial":false,"path_per_floor":["M","?","T","M","M","R","E","R","T","E","?","M","R","M","R","B",null,"M","M","?","$","M","E"],"character_chosen":"DEFECT","items_purchased":["Pear"],"campfire_rested":2,"item_purchase_floors":[21],"current_hp_per_floor":[73,73,73,66,66,66,31,53,53,39,39,39,61,55,55,37,66,24,24,24,34,22,0],"gold":61,"neow_bonus":"THREE_SMALL_POTIONS","is_prod":false,"is_daily":false,"chose_seed":false,"campfire_upgraded":2,"win_rate":0,"timestamp":1546187741,"path_taken":["M","?","?","M","M","R","E","R","T","E","?","M","R","M","R","BOSS","M","M","?","$","?","E"],"build_version":"2018-12-20","purchased_purges":1,"victory":false,"max_hp_per_floor":[75,75,75,75,75,75,75,75,75,75,75,75,75,75,75,75,75,75,75,75,85,85,85],"card_choices":[{"not_picked":["Go for the Eyes","Ball Lightning"],"picked":"Defragment","floor":1.0},{"not_picked":["Rebound","Chaos","Beam Cell"],"picked":"SKIP","floor":4.0},{"not_picked":["Tempest","Rip and Tear"],"picked":"Coolheaded","floor":5.0},{"not_picked":["Redo","Steam Power"],"picked":"Compile Driver","floor":7.0},{"not_picked":["Double Energy","Force Field"],"picked":"Loop","floor":10.0},{"not_picked":["Beam Cell","Rebound"],"picked":"Creative AI","floor":12.0},{"not_picked":["Compile Driver","Sweeping Beam"],"picked":"Undo","floor":14.0},{"not_picked":["Machine Learning","Amplify"],"picked":"Electrodynamics","floor":16.0},{"not_picked":["Coolheaded","Steam"],"picked":"Conserve Battery","floor":18},{"not_picked":["Defragment","Sweeping Beam"],"picked":"Glacier","floor":18},{"not_picked":["Barrage+1","Melter"],"picked":"Skim","floor":19},{"not_picked":["Ball Lightning+1","Heatsinks"],"picked":"Glacier","floor":19},{"not_picked":["Darkness","Reprogram+1"],"picked":"Glacier+1","floor":22},{"not_picked":["Rebound","Rip and Tear+1","Beam Cell+1"],"picked":"SKIP","floor":22}],"player_experience":492614,"relics_obtained":[{"floor":3.0,"key":"Ancient Tea Set"},{"floor":7.0,"key":"Oddly Smooth Stone"},{"floor":9.0,"key":"Vajra"},{"floor":10.0,"key":"Boot"},{"floor":17,"key":"Anchor"},{"floor":17,"key":"Ornamental Fan"},{"floor":17,"key":"Prayer Wheel"}],"event_choices":[{"damage_healed":0.0,"max_hp_gain":0.0,"max_hp_loss":0.0,"gold_gain":0.0,"event_name":"World of Goop","player_choice":"Left Gold","floor":2.0,"gold_loss":26.0,"damage_taken":0.0},{"damage_healed":0.0,"max_hp_gain":0.0,"max_hp_loss":0.0,"gold_gain":0.0,"event_name":"Lab","player_choice":"Got Potions","floor":11.0,"gold_loss":0.0,"damage_taken":0.0},{"damage_healed":0,"gold_gain":0,"cards_transformed":["Decay"],"player_choice":"Transformed","damage_taken":0,"max_hp_gain":0,"max_hp_loss":0,"event_name":"Transmorgrifier","floor":20,"gold_loss":0,"cards_obtained":["Pain"]}],"is_beta":false,"boss_relics":[{"not_picked":["Coffee Dripper","Busted Crown"],"picked":"Calling Bell"}],"items_purged_floors":[21],"is_endless":false,"potions_floor_spawned":[5,10,16,22],"killed_by":"Slavers","ascension_level":5}