{"gold_per_floor":[114,129,204,219,219,219,249,3,28,43,43,58,108,123,123,223,223,238,238,88,103,103,133,148,149,224,254,354,369,384,399,399,499,499,514,514,529,544,94,124,124,139,164,164,199,229,244,259,259,259],"floor_reached":51,"playtime":5787,"items_purged":["Strike_R","Defend_R"],"score":963,"play_id":"4d5c38d0-55df-481e-b30e-56003b7828ee","local_time":"20190226162459","daily_mods":["Allstar","Colorless Cards","Terminal"],"is_ascension_mode":false,"campfire_choices":[{"data":"Apotheosis","floor":6,"key":"SMITH"},{"data":"Secret Weapon","floor":15,"key":"SMITH"},{"data":"Jack Of All Trades","floor":32,"key":"SMITH"},{"data":"Pommel Strike","floor":41,"key":"SMITH"},{"data":"Offering","floor":44,"key":"SMITH"},{"data":"Impatience","floor":49,"key":"SMITH"}],"neow_cost":"","seed_source_timestamp":0,"circlet_count":0,"master_deck":["Strike_R","Strike_R","Strike_R","Defend_R","Defend_R","Defend_R","Bash","Finesse","Secret Weapon+1","Apotheosis+1","Impatience+1","Panache","Rage","Jack Of All Trades+1","Reckless Charge","Transmutation","Spot Weakness","Anger","Finesse","Flash of Steel","Secret Technique","Flash of Steel","Shrug It Off","Cleave","Finesse","Shrug It Off","Battle Trance","Clash+1","Offering+1","Panache","Flash of Steel+1","Pommel Strike+1","Pommel Strike+1","Body Slam+1"],"special_seed":17953,"relics":["Burning Blood","Regal Pillow","Strawberry","Ancient Tea Set","Runic Dome","MutagenicStrength","Vajra","Sundial","Centennial Puzzle","Red Mask","Darkstone Periapt","Red Skull","Calipers","Letter Opener","Lizard Tail","Lee\u0027s Waffle","Oddly Smooth Stone","Pocketwatch","Boot","Question Card"],"potions_floor_usage":[16,27,28,28],"damage_taken":[{"damage":0,"enemies":"Cultist","floor":1,"turns":4},{"damage":0,"enemies":"Small Slimes","floor":2,"turns":3},{"damage":0,"enemies":"Jaw Worm","floor":4,"turns":3},{"damage":1,"enemies":"Lagavulin","floor":7,"turns":4},{"damage":7,"enemies":"2 Fungi Beasts","floor":10,"turns":3},{"damage":10,"enemies":"Exordium Thugs","floor":12,"turns":4},{"damage":0,"enemies":"Gremlin Nob","floor":13,"turns":2},{"damage":4,"enemies":"Large Slime","floor":14,"turns":4},{"damage":1,"enemies":"The Guardian","floor":16,"turns":9},{"damage":0,"enemies":"3 Byrds","floor":18,"turns":2},{"damage":1,"enemies":"Shell Parasite","floor":21,"turns":4},{"damage":13,"enemies":"Book of Stabbing","floor":23,"turns":4},{"damage":1,"enemies":"Sentry and Sphere","floor":24,"turns":3},{"damage":0,"enemies":"Masked Bandits","floor":25,"turns":2},{"damage":7,"enemies":"Slavers","floor":27,"turns":3},{"damage":0,"enemies":"Colosseum Slavers","floor":28,"turns":3},{"damage":0,"enemies":"Colosseum Nobs","floor":28,"turns":3},{"damage":0,"enemies":"Snake Plant","floor":29,"turns":2},{"damage":0,"enemies":"Chosen and Byrds","floor":30,"turns":4},{"damage":0,"enemies":"Snecko","floor":31,"turns":3},{"damage":0,"enemies":"Automaton","floor":33,"turns":6},{"damage":0,"enemies":"Orb Walker","floor":35,"turns":1},{"damage":2,"enemies":"3 Shapes","floor":37,"turns":2},{"damage":6,"enemies":"Transient","floor":38,"turns":5},{"damage":6,"enemies":"Reptomancer","floor":40,"turns":3},{"damage":0,"enemies":"4 Shapes","floor":42,"turns":2},{"damage":1,"enemies":"Writhing Mass","floor":45,"turns":3},{"damage":0,"enemies":"Nemesis","floor":46,"turns":5},{"damage":6,"enemies":"3 Darklings","floor":47,"turns":2},{"damage":6,"enemies":"Maw","floor":48,"turns":3},{"damage":6,"enemies":"Awakened One","floor":50,"turns":4}],"seed_played":"3640749256774158397","potions_obtained":[{"floor":2,"key":"LiquidBronze"},{"floor":4,"key":"PowerPotion"},{"floor":10,"key":"Poison Potion"},{"floor":13,"key":"SpeedPotion"},{"floor":16,"key":"GamblersBrew"},{"floor":23,"key":"Fire Potion"},{"floor":27,"key":"Poison Potion"},{"floor":29,"key":"EssenceOfSteel"},{"floor":31,"key":"FearPotion"},{"floor":33,"key":"SteroidPotion"},{"floor":45,"key":"Strength Potion"}],"is_trial":false,"path_per_floor":["M","M","?","M","?","R","E","$","T","M","?","M","E","M","R","B",null,"M","?","$","M","T","E","M","?","T","E","?","M","M","M","R","B",null,"M","?","M","M","$","E","R","M","T","R","M","E","M","M","R","B",null],"character_chosen":"IRONCLAD","items_purchased":["Transmutation","Vajra","Lee\u0027s Waffle","Oddly Smooth Stone"],"campfire_rested":0,"item_purchase_floors":[8,20,39,39],"current_hp_per_floor":[78,77,70,75,74,73,72,71,77,76,75,71,73,72,71,70,69,68,67,66,65,64,57,62,61,60,59,58,57,56,55,54,53,52,51,50,49,48,54,53,52,51,50,49,48,47,46,45,44,43],"gold":259,"neow_bonus":"","is_prod":false,"is_daily":true,"chose_seed":false,"campfire_upgraded":6,"win_rate":0,"timestamp":1551194699,"path_taken":["M","M","?","?","?","R","E","?","T","M","?","M","E","M","R","BOSS","M","?","$","M","?","E","M","?","T","E","?","M","M","?","R","BOSS","M","?","M","?","$","E","R","M","T","R","M","E","M","M","R","BOSS"],"build_version":"2019-01-23","purchased_purges":2,"victory":true,"max_hp_per_floor":[78,77,76,75,74,73,72,71,77,76,75,74,73,72,71,70,69,68,67,66,65,64,63,62,61,60,59,58,57,56,55,54,53,52,51,50,49,48,54,53,52,51,50,49,48,47,46,45,44,43],"card_choices":[{"not_picked":["Twin Strike","Havoc"],"picked":"Rage","floor":1},{"not_picked":["Armaments","Dark Shackles"],"picked":"Jack Of All Trades","floor":2},{"not_picked":["Body Slam","Twin Strike"],"picked":"Reckless Charge","floor":4},{"not_picked":["Twin Strike","Rupture","Sentinel"],"picked":"SKIP","floor":7},{"not_picked":["Heavy Blade","Twin Strike"],"picked":"Spot Weakness","floor":10},{"not_picked":["Berserk","Thunderclap"],"picked":"Anger","floor":12},{"not_picked":["Iron Wave","Anger"],"picked":"Finesse","floor":13},{"not_picked":["Headbutt","Clash"],"picked":"Flash of Steel","floor":14},{"not_picked":["Transmutation","The Bomb"],"picked":"Secret Technique","floor":16},{"not_picked":["Anger","True Grit","PanicButton+1"],"picked":"SKIP","floor":18},{"not_picked":["Sword Boomerang+1","Body Slam"],"picked":"Flash of Steel","floor":21},{"not_picked":["Iron Wave","Anger","Mayhem"],"picked":"SKIP","floor":23},{"not_picked":["Anger+1","Hemokinesis+1"],"picked":"Shrug It Off","floor":24},{"not_picked":["Warcry","Flex"],"picked":"Cleave","floor":27},{"not_picked":["Havoc","Uppercut"],"picked":"Finesse","floor":28},{"not_picked":["Metallicize+1","Headbutt"],"picked":"Shrug It Off","floor":29},{"not_picked":["Heavy Blade","Dramatic Entrance+1"],"picked":"Battle Trance","floor":30},{"not_picked":["Armaments+1","Havoc"],"picked":"Clash+1","floor":31},{"not_picked":["The Bomb","Chrysalis"],"picked":"Offering","floor":33},{"not_picked":["Armaments","Hemokinesis+1","Entrench+1"],"picked":"SKIP","floor":35},{"not_picked":["Flex+1","Headbutt+1","Hemokinesis"],"picked":"SKIP","floor":37},{"not_picked":["Anger+1","Headbutt"],"picked":"Flash of Steel+1","floor":38},{"not_picked":["Rage","Flex"],"picked":"Pommel Strike","floor":40},{"not_picked":["Combust","Flex","Blind+1"],"picked":"SKIP","floor":42},{"not_picked":["Iron Wave+1","Impervious","Thunderclap+1"],"picked":"SKIP","floor":45},{"not_picked":["Intimidate","Trip"],"picked":"Pommel Strike+1","floor":46},{"not_picked":["Headbutt","Inflame","Clothesline+1"],"picked":"Body Slam+1","floor":47},{"not_picked":["Warcry+1","Twin Strike","Havoc+1","Bloodletting+1"],"picked":"SKIP","floor":48}],"player_experience":232380,"relics_obtained":[{"floor":7,"key":"Regal Pillow"},{"floor":9,"key":"Strawberry"},{"floor":13,"key":"Ancient Tea Set"},{"floor":22,"key":"Sundial"},{"floor":23,"key":"Centennial Puzzle"},{"floor":25,"key":"Red Mask"},{"floor":26,"key":"Darkstone Periapt"},{"floor":27,"key":"Red Skull"},{"floor":28,"key":"Calipers"},{"floor":28,"key":"Letter Opener"},{"floor":40,"key":"Pocketwatch"},{"floor":43,"key":"Boot"},{"floor":46,"key":"Question Card"}],"event_choices":[{"damage_healed":0,"gold_gain":75,"player_choice":"Touch","damage_taken":7,"max_hp_gain":0,"max_hp_loss":0,"event_name":"FaceTrader","floor":3,"gold_loss":0},{"cards_removed":["Strike_R"],"damage_healed":0,"gold_gain":0,"player_choice":"Purged","damage_taken":0,"max_hp_gain":0,"max_hp_loss":0,"event_name":"Purifier","floor":5,"gold_loss":0},{"damage_healed":0,"gold_gain":0,"player_choice":"Leave","damage_taken":0,"max_hp_gain":0,"max_hp_loss":0,"event_name":"The Cleric","floor":11,"gold_loss":0},{"damage_healed":0,"gold_gain":0,"player_choice":"Inject Mutagens","damage_taken":0,"relics_obtained":["MutagenicStrength"],"max_hp_gain":0,"max_hp_loss":0,"event_name":"Drug Dealer","floor":19,"gold_loss":0},{"damage_healed":0,"gold_gain":0,"player_choice":"Fought Bandits","damage_taken":0,"max_hp_gain":0,"max_hp_loss":0,"event_name":"Masked Bandits","floor":25,"gold_loss":0},{"damage_healed":0,"gold_gain":0,"player_choice":"Fight","damage_taken":0,"max_hp_gain":0,"max_hp_loss":0,"event_name":"Colosseum","floor":28,"gold_loss":0},{"damage_healed":0,"gold_gain":0,"player_choice":"Fought Nobs","damage_taken":0,"max_hp_gain":0,"max_hp_loss":0,"event_name":"Colosseum","floor":28,"gold_loss":0},{"damage_healed":0,"gold_gain":0,"player_choice":"Copied","damage_taken":0,"max_hp_gain":0,"max_hp_loss":0,"event_name":"Duplicator","floor":36,"gold_loss":0,"cards_obtained":["Panache"]}],"is_beta":false,"boss_relics":[{"not_picked":["Orrery","White Beast Statue"],"picked":"Runic Dome"},{"not_picked":["Eternal Feather","Mark of Pain"],"picked":"Lizard Tail"}],"items_purged_floors":[8,39],"is_endless":false,"potions_floor_spawned":[2,4,10,13,16,23,24,27,29,31,33,35,38,45,47,48],"ascension_level":0}