{"gold_per_floor":[113,113,129,129,143,170,170,3,3,3,16,16,33,48,48,152,152,170,183,201,220,320,346,362,362,362,362,362,287,302,70,70,173,173,192,43,63,80,97,130,149,149,195,195,195,222,239,274,274,274],"floor_reached":50,"playtime":12883,"items_purged":["Clash","Strike_R","Perfected Strike+1"],"score":897,"play_id":"129967fa-910f-4141-a242-54cc0638d3ac","local_time":"20190223213118","is_ascension_mode":true,"campfire_choices":[{"floor":7.0,"key":"REST"},{"floor":10.0,"key":"REST"},{"data":"Armaments","floor":12.0,"key":"SMITH"},{"data":"Metallicize","floor":15.0,"key":"SMITH"},{"floor":25.0,"key":"REST"},{"floor":28.0,"key":"REST"},{"data":"True Grit","floor":32.0,"key":"SMITH"},{"floor":42.0,"key":"REST"},{"floor":49.0,"key":"RECALL"}],"neow_cost":"PERCENT_DAMAGE","seed_source_timestamp":0,"circlet_count":0,"master_deck":["AscendersBane","Strike_R+1","Defend_R+1","Defend_R+1","Bash","Armaments+1","Iron Wave","Metallicize+1","Thunderclap","Master of Strategy+1","Evolve","Reaper","Impervious","Inflame","True Grit+1","Metallicize+1","Armaments+1","Inflame","Heavy Blade","Limit Break","Carnage+1","Flame Barrier+1","Shrug It Off","Uppercut","Offering","Doubt","Bludgeon"],"special_seed":0,"relics":["Burning Blood","Du-Vu Doll","FossilizedHelix","Velvet Choker","Bronze Scales","Astrolabe","Sundial","Orichalcum","War Paint","Pocketwatch"],"potions_floor_usage":[50,50],"damage_taken":[{"damage":8.0,"enemies":"2 Louse","floor":1.0,"turns":3.0},{"damage":0.0,"enemies":"Jaw Worm","floor":3.0,"turns":3.0},{"damage":5.0,"enemies":"Cultist","floor":5.0,"turns":4.0},{"damage":38.0,"enemies":"Gremlin Nob","floor":6.0,"turns":6.0},{"damage":0.0,"enemies":"Large Slime","floor":11.0,"turns":6.0},{"damage":0.0,"enemies":"Lots of Slimes","floor":13.0,"turns":4.0},{"damage":7.0,"enemies":"2 Fungi Beasts","floor":14.0,"turns":4.0},{"damage":32.0,"enemies":"The Guardian","floor":16.0,"turns":15.0},{"damage":0.0,"enemies":"Shell Parasite","floor":18.0,"turns":7.0},{"damage":0.0,"enemies":"Chosen","floor":19.0,"turns":6.0},{"damage":21.0,"enemies":"Shelled Parasite and Fungi","floor":20.0,"turns":10.0},{"damage":44.0,"enemies":"Snake Plant","floor":21.0,"turns":6.0},{"damage":47.0,"enemies":"Book of Stabbing","floor":23.0,"turns":10.0},{"damage":13.0,"enemies":"Chosen and Byrds","floor":24.0,"turns":7.0},{"damage":11.0,"enemies":"Shelled Parasite and Fungi","floor":30.0,"turns":6.0},{"damage":56.0,"enemies":"Champ","floor":33.0,"turns":15.0},{"damage":40.0,"enemies":"3 Darklings","floor":35.0,"turns":6.0},{"damage":8.0,"enemies":"Orb Walker","floor":37.0,"turns":6.0},{"damage":4.0,"enemies":"Transient","floor":38.0,"turns":5.0},{"damage":57.0,"enemies":"Jaw Worm Horde","floor":39.0,"turns":7.0},{"damage":99.0,"enemies":"Reptomancer","floor":40.0,"turns":11.0},{"damage":15.0,"enemies":"3 Darklings","floor":41.0,"turns":6.0},{"damage":13.0,"enemies":"Nemesis","floor":46.0,"turns":5.0},{"damage":17.0,"enemies":"Sphere and 2 Shapes","floor":47.0,"turns":5.0},{"damage":59.0,"enemies":"Reptomancer","floor":48.0,"turns":9.0},{"damage":52,"enemies":"Awakened One","floor":50,"turns":5}],"seed_played":"-7868956029080587179","potions_obtained":[{"floor":5.0,"key":"SkillPotion"},{"floor":11.0,"key":"Dexterity Potion"},{"floor":13.0,"key":"Weak Potion"},{"floor":14.0,"key":"GamblersBrew"},{"floor":16.0,"key":"PowerPotion"},{"floor":20.0,"key":"Fruit Juice"},{"floor":21.0,"key":"PowerPotion"},{"floor":24.0,"key":"Regen Potion"},{"floor":33.0,"key":"Weak Potion"},{"floor":35.0,"key":"SpeedPotion"},{"floor":37.0,"key":"Regen Potion"},{"floor":46.0,"key":"AttackPotion"},{"floor":48.0,"key":"Block Potion"}],"is_trial":false,"path_per_floor":["M","?","M","?","M","E","R","$","T","R","M","R","M","M","R","B",null,"M","M","M","M","?","E","M","R","T","?","R","$","M","$","R","B",null,"M","$","M","M","M","E","M","R","T","?","?","E","M","E","R","B"],"character_chosen":"IRONCLAD","items_purchased":["Master of Strategy","Inflame","Heavy Blade","Shrug It Off"],"campfire_rested":5,"item_purchase_floors":[8,31,31,36],"current_hp_per_floor":[65,46,52,52,53,21,49,49,49,77,83,83,89,88,88,62,88,94,96,90,67,67,38,38,68,68,68,98,98,99,99,99,67,93,85,85,92,101,66,27,28,58,58,101,101,94,83,30,30,0],"gold":274,"neow_bonus":"TWENTY_PERCENT_HP_BONUS","is_prod":false,"is_daily":false,"chose_seed":false,"campfire_upgraded":3,"win_rate":0,"timestamp":1550975478,"path_taken":["M","?","M","?","M","E","R","$","T","R","M","R","M","M","R","BOSS","M","?","M","M","?","E","?","R","T","?","R","$","?","$","R","BOSS","M","$","M","M","M","E","M","R","T","?","?","E","M","E","R","BOSS"],"build_version":"2019-01-23","purchased_purges":3,"victory":false,"max_hp_per_floor":[96,96,96,96,96,96,96,96,96,96,96,96,96,96,96,96,96,96,96,96,101,101,101,101,101,101,101,101,101,101,101,101,101,101,101,101,101,101,101,101,101,101,101,101,101,101,101,101,101,101],"card_choices":[{"not_picked":["Flex","Reckless Charge"],"picked":"Armaments","floor":1.0},{"not_picked":["Clash","Fire Breathing"],"picked":"Iron Wave","floor":3.0},{"not_picked":["Twin Strike","Pummel"],"picked":"Metallicize","floor":5.0},{"not_picked":["Perfected Strike","Searing Blow"],"picked":"Thunderclap","floor":6.0},{"not_picked":["Flex","Feel No Pain"],"picked":"Evolve","floor":11.0},{"not_picked":["Wild Strike","Flex","Heavy Blade"],"picked":"SKIP","floor":13.0},{"not_picked":["Armaments","Flex"],"picked":"Reaper","floor":14.0},{"not_picked":["Dark Embrace","Barricade"],"picked":"Impervious","floor":16.0},{"not_picked":["Thunderclap","Pommel Strike","Sword Boomerang"],"picked":"SKIP","floor":18.0},{"not_picked":["Cleave","Iron Wave","Warcry"],"picked":"SKIP","floor":19.0},{"not_picked":["Searing Blow","Thunderclap"],"picked":"Inflame","floor":20.0},{"not_picked":["Sever Soul","Combust","Rampage"],"picked":"SKIP","floor":21.0},{"not_picked":["Dropkick","Twin Strike"],"picked":"True Grit","floor":23.0},{"not_picked":["True Grit+1","Pommel Strike"],"picked":"Metallicize+1","floor":24.0},{"not_picked":["Havoc","Juggernaut"],"picked":"Armaments+1","floor":30.0},{"not_picked":["Demon Form","Bludgeon"],"picked":"Limit Break","floor":33.0},{"not_picked":["Perfected Strike+1","Body Slam","Cleave"],"picked":"SKIP","floor":35.0},{"not_picked":["Twin Strike","Seeing Red","Armaments+1"],"picked":"SKIP","floor":37.0},{"not_picked":["Cleave","Clash+1","Warcry"],"picked":"SKIP","floor":38.0},{"not_picked":["Twin Strike+1","Sentinel+1"],"picked":"Uppercut","floor":39.0},{"not_picked":["Havoc","Warcry+1"],"picked":"Offering","floor":40.0},{"not_picked":["Armaments","Twin Strike","Wild Strike+1"],"picked":"SKIP","floor":41.0},{"not_picked":["Thunderclap","Pommel Strike","Body Slam+1"],"picked":"SKIP","floor":46.0},{"not_picked":["Iron Wave+1","Sentinel"],"picked":"Bludgeon","floor":47.0},{"not_picked":["Perfected Strike","Armaments","Sentinel+1"],"picked":"SKIP","floor":48.0}],"player_experience":918114,"relics_obtained":[{"floor":6.0,"key":"Du-Vu Doll"},{"floor":9.0,"key":"FossilizedHelix"},{"floor":23.0,"key":"Bronze Scales"},{"floor":40.0,"key":"Sundial"},{"floor":43.0,"key":"Orichalcum"},{"floor":46.0,"key":"War Paint"},{"floor":48.0,"key":"Pocketwatch"}],"event_choices":[{"damage_healed":0.0,"max_hp_gain":0.0,"max_hp_loss":0.0,"gold_gain":0.0,"event_name":"Shining Light","player_choice":"Entered Light","floor":2.0,"gold_loss":0.0,"damage_taken":19.0,"cards_upgraded":["Defend_R","Strike_R"]},{"cards_removed":["Strike_R"],"damage_healed":0.0,"max_hp_gain":0.0,"max_hp_loss":0.0,"gold_gain":0.0,"event_name":"Wheel of Change","player_choice":"Card Removal","floor":4.0,"gold_loss":0.0,"damage_taken":0.0},{"damage_healed":0.0,"max_hp_gain":0.0,"max_hp_loss":0.0,"gold_gain":100.0,"event_name":"Golden Shrine","player_choice":"Pray","floor":22.0,"gold_loss":0.0,"damage_taken":0.0},{"damage_healed":0.0,"max_hp_gain":0.0,"max_hp_loss":0.0,"gold_gain":0.0,"cards_transformed":["Strike_R"],"event_name":"Transmorgrifier","player_choice":"Transformed","floor":27.0,"gold_loss":0.0,"damage_taken":0.0,"cards_obtained":["Clash"]},{"damage_healed":43.0,"max_hp_gain":0.0,"max_hp_loss":0.0,"gold_gain":0.0,"event_name":"MindBloom","player_choice":"Heal","floor":44.0,"gold_loss":0.0,"damage_taken":0.0,"cards_obtained":["Doubt"]},{"damage_healed":0.0,"max_hp_gain":0.0,"max_hp_loss":0.0,"gold_gain":0.0,"event_name":"Tomb of Lord Red Mask","player_choice":"Ignored","floor":45.0,"gold_loss":0.0,"damage_taken":0.0}],"is_beta":false,"boss_relics":[{"not_picked":["Black Star","Eternal Feather"],"picked":"Velvet Choker"},{"not_picked":["Philosopher\u0027s Stone","Lizard Tail"],"picked":"Astrolabe"}],"items_purged_floors":[29,31,36],"is_endless":false,"potions_floor_spawned":[5,11,13,14,16,20,21,24,33,35,37,46,48],"killed_by":"Awakened One","ascension_level":10}