{"gold_per_floor":[113,124,124,144,144,173,173,186,186,197,225,225,236,16,16,120,120,131,131,131,146,165,165],"floor_reached":23,"playtime":1914,"items_purged":[],"score":264,"play_id":"1065c561-7b4e-4335-bfe9-5256ad783eba","local_time":"20190105214119","is_ascension_mode":true,"campfire_choices":[{"floor":7.0,"key":"REST"},{"data":"Dualcast","floor":12.0,"key":"SMITH"},{"data":"White Noise","floor":15.0,"key":"SMITH"}],"neow_cost":"NONE","seed_source_timestamp":2077288094080037,"circlet_count":0,"master_deck":["Strike_B","Strike_B","Strike_B","Defend_B","Defend_B","Defend_B","Defend_B","Zap+1","Dualcast+1","Conserve Battery","Loop","Capacitor","Cold Snap","Reinforced Body","Ball Lightning","Hologram","White Noise+1","Defragment","Creative AI","Coolheaded","Glacier","Go for the Eyes"],"special_seed":0,"relics":["Cracked Core","Regal Pillow","Shuriken","StoneCalendar","Strawberry","Runic Dome"],"potions_floor_usage":[21,23],"damage_taken":[{"damage":2.0,"enemies":"Jaw Worm","floor":1.0,"turns":3.0},{"damage":1.0,"enemies":"Cultist","floor":2.0,"turns":3.0},{"damage":0.0,"enemies":"2 Louse","floor":4.0,"turns":3.0},{"damage":38.0,"enemies":"Gremlin Nob","floor":6.0,"turns":5.0},{"damage":12.0,"enemies":"Large Slime","floor":8.0,"turns":6.0},{"damage":0.0,"enemies":"Exordium Wildlife","floor":10.0,"turns":3.0},{"damage":15.0,"enemies":"3 Sentries","floor":11.0,"turns":8.0},{"damage":0.0,"enemies":"Gremlin Gang","floor":13.0,"turns":3.0},{"damage":36.0,"enemies":"The Guardian","floor":16.0,"turns":7.0},{"damage":21.0,"enemies":"Shell Parasite","floor":18.0,"turns":5.0},{"damage":27.0,"enemies":"Colosseum Slavers","floor":20.0,"turns":4.0},{"damage":7,"enemies":"3 Byrds","floor":21,"turns":3},{"damage":19,"enemies":"3 Cultists","floor":22,"turns":7},{"damage":32,"enemies":"Slavers","floor":23,"turns":3}],"seed_played":"-3709977708890413301","potions_obtained":[{"floor":1.0,"key":"EntropicBrew"},{"floor":6.0,"key":"SpeedPotion"},{"floor":16.0,"key":"LiquidBronze"},{"floor":22,"key":"Energy Potion"}],"is_trial":false,"path_per_floor":["M","M","?","M","?","E","R","M","T","M","E","R","M","$","R","B",null,"M","?","?","M","M","E"],"character_chosen":"DEFECT","items_purchased":["Defragment","Strawberry"],"campfire_rested":1,"item_purchase_floors":[14,14],"current_hp_per_floor":[73,72,72,72,72,34,73,61,61,61,46,46,46,53,53,17,71,50,79,52,45,26,0],"gold":165,"neow_bonus":"TEN_PERCENT_HP_BONUS","is_prod":false,"is_daily":false,"chose_seed":false,"campfire_upgraded":2,"win_rate":0,"timestamp":1546742479,"path_taken":["M","M","?","?","?","E","R","M","T","M","E","R","?","$","R","BOSS","M","?","?","M","M","E"],"build_version":"2019-01-03v4","purchased_purges":0,"victory":false,"max_hp_per_floor":[82,82,82,82,82,82,82,82,82,82,82,82,82,89,89,89,89,89,89,89,89,89,89],"card_choices":[{"not_picked":["Blizzard","Hologram"],"picked":"Conserve Battery","floor":1.0},{"not_picked":["Coolheaded","Cold Snap"],"picked":"Loop","floor":2.0},{"not_picked":["Hologram","Force Field"],"picked":"Capacitor","floor":4.0},{"not_picked":["Hologram","Recycle"],"picked":"Cold Snap","floor":6.0},{"not_picked":["Undo","Tempest"],"picked":"Reinforced Body","floor":8.0},{"not_picked":["Streamline","Turbo"],"picked":"Ball Lightning","floor":10.0},{"not_picked":["Hyperbeam","Conserve Battery"],"picked":"Hologram","floor":11.0},{"not_picked":["Hologram","Doom and Gloom"],"picked":"White Noise","floor":13.0},{"not_picked":["Hyperbeam","Rainbow"],"picked":"Creative AI","floor":16.0},{"not_picked":["Go for the Eyes","Scrape"],"picked":"Coolheaded","floor":18.0},{"not_picked":["Redo+1","Coolheaded+1"],"picked":"Glacier","floor":21},{"not_picked":["Steam","Sweeping Beam+1"],"picked":"Go for the Eyes","floor":22}],"player_experience":542285,"relics_obtained":[{"floor":6.0,"key":"Regal Pillow"},{"floor":9.0,"key":"Shuriken"},{"floor":11.0,"key":"StoneCalendar"}],"event_choices":[{"cards_removed":["Strike_B"],"damage_healed":0.0,"max_hp_gain":0.0,"max_hp_loss":0.0,"gold_gain":0.0,"event_name":"Purifier","player_choice":"Purged","floor":3.0,"gold_loss":0.0,"damage_taken":0.0},{"damage_healed":0.0,"max_hp_gain":0.0,"max_hp_loss":0.0,"gold_gain":0.0,"event_name":"Upgrade Shrine","player_choice":"Upgraded","floor":5.0,"gold_loss":0.0,"damage_taken":0.0,"cards_upgraded":["Zap"]},{"damage_healed":29.0,"max_hp_gain":0.0,"max_hp_loss":0.0,"gold_gain":0.0,"event_name":"The Library","player_choice":"Heal","floor":19.0,"gold_loss":0.0,"damage_taken":0.0},{"damage_healed":0.0,"max_hp_gain":0.0,"max_hp_loss":0.0,"gold_gain":0.0,"event_name":"Colosseum","player_choice":"Fight","floor":20.0,"gold_loss":0.0,"damage_taken":0.0},{"damage_healed":0.0,"max_hp_gain":0.0,"max_hp_loss":0.0,"gold_gain":0.0,"event_name":"Colosseum","player_choice":"Fled From Nobs","floor":20.0,"gold_loss":0.0,"damage_taken":0.0}],"is_beta":false,"boss_relics":[{"not_picked":["Empty Cage","Lizard Tail"],"picked":"Runic Dome"}],"items_purged_floors":[],"is_endless":false,"potions_floor_spawned":[1,6,8,16,20,22],"killed_by":"Slavers","ascension_level":6}