{"gold_per_floor":[111,129,141,141,141,141,175,175,175,206,219,234,63,101,101,194,194,214,123,147,167,86,86,130,130,202,202,202,202,202],"floor_reached":30,"playtime":1135,"items_purged":["Shame"],"score":505,"play_id":"a2175563-d788-48d9-884e-c8e8254bd710","local_time":"20190529185022","is_ascension_mode":true,"campfire_choices":[{"data":"Bash","floor":6,"key":"SMITH"},{"data":"Clothesline","floor":15,"key":"SMITH"},{"data":"Disarm","floor":23,"key":"SMITH"},{"data":"Metallicize","floor":25,"key":"SMITH"},{"data":"Bludgeon","floor":27,"key":"SMITH"},{"floor":29,"key":"REST"}],"neow_cost":"NONE","seed_source_timestamp":255740713965600,"circlet_count":0,"master_deck":["AscendersBane","Strike_R","Strike_R","Strike_R","Strike_R","Strike_R+1","Defend_R","Defend_R","Defend_R","Defend_R","Bash+1","Perfected Strike+1","Clothesline+1","Anger","Spot Weakness","Inflame","Bludgeon+1","Shrug It Off","Metallicize+1","Cleave","Feed","Dark Shackles","Disarm+1","Metallicize","Disarm","Pain"],"relics":["Burning Blood","Anchor","Meat on the Bone","Golden Idol","Self Forming Clay","Blue Candle","Happy Flower","Matryoshka","Cursed Key","Frozen Egg 2","Whetstone","Mercury Hourglass","Enchiridion"],"potions_floor_usage":[7,16,18,24,30],"damage_taken":[{"damage":15,"enemies":"2 Louse","floor":1,"turns":5},{"damage":7,"enemies":"Jaw Worm","floor":2,"turns":4},{"damage":5,"enemies":"Small Slimes","floor":3,"turns":4},{"damage":3,"enemies":"Gremlin Nob","floor":7,"turns":3},{"damage":33,"enemies":"Lagavulin","floor":10,"turns":7},{"damage":12,"enemies":"Exordium Thugs","floor":11,"turns":3},{"damage":1,"enemies":"2 Fungi Beasts","floor":12,"turns":3},{"damage":17,"enemies":"3 Sentries","floor":14,"turns":6},{"damage":38,"enemies":"The Guardian","floor":16,"turns":10},{"damage":9,"enemies":"Chosen","floor":18,"turns":3},{"damage":21,"enemies":"Spheric Guardian","floor":20,"turns":4},{"damage":11,"enemies":"Centurion and Healer","floor":21,"turns":5},{"damage":36,"enemies":"Gremlin Leader","floor":24,"turns":8},{"damage":27,"enemies":"Slavers","floor":30,"turns":3}],"seed_played":"-39299533513449645","potions_obtained":[{"floor":3,"key":"AttackPotion"},{"floor":11,"key":"Strength Potion"},{"floor":12,"key":"Energy Potion"},{"floor":16,"key":"BloodPotion"},{"floor":18,"key":"Dexterity Potion"}],"is_trial":false,"path_per_floor":["M","M","M","?","?","R","E","?","T","E","M","M","$","E","R","B",null,"M","$","M","M","$","R","E","R","T","R","?","R","E"],"character_chosen":"IRONCLAD","items_purchased":["Shrug It Off","Metallicize","Dark Shackles","Disarm"],"campfire_rested":1,"item_purchase_floors":[13,13,19,22],"current_hp_per_floor":[59,58,59,33,33,33,48,48,48,33,39,44,44,45,45,25,57,63,63,48,43,43,43,25,25,25,25,4,25,0],"gold":202,"neow_bonus":"RANDOM_COMMON_RELIC","is_prod":false,"is_daily":false,"chose_seed":false,"campfire_upgraded":5,"win_rate":0,"timestamp":1559181022,"path_taken":["M","M","M","?","?","R","E","?","T","E","?","M","$","E","R","BOSS","M","$","M","M","$","R","E","R","T","R","?","R","E"],"build_version":"2019-01-23","purchased_purges":1,"victory":false,"max_hp_per_floor":[75,75,75,75,68,68,68,68,68,68,68,68,68,68,68,68,68,71,71,71,71,71,71,71,71,71,71,71,71,71],"card_choices":[{"not_picked":["Twin Strike","Havoc"],"picked":"Perfected Strike","floor":1},{"not_picked":["Twin Strike","Shrug It Off"],"picked":"Clothesline","floor":2},{"not_picked":["True Grit","Corruption"],"picked":"Anger","floor":3},{"not_picked":["Clash","Headbutt","Second Wind"],"picked":"SKIP","floor":7},{"not_picked":["Entrench","Fire Breathing"],"picked":"Spot Weakness","floor":10},{"not_picked":["Pommel Strike","Body Slam"],"picked":"Inflame","floor":11},{"not_picked":["Pommel Strike","Iron Wave"],"picked":"Bludgeon","floor":12},{"not_picked":["Pommel Strike","Anger"],"picked":"Cleave","floor":14},{"not_picked":["Bludgeon","Juggernaut"],"picked":"Feed","floor":16},{"not_picked":["Pommel Strike","Body Slam","Uppercut"],"picked":"SKIP","floor":18},{"not_picked":["Thunderclap","Intimidate"],"picked":"Disarm","floor":20},{"not_picked":["Fire Breathing","Ghostly Armor"],"picked":"Metallicize","floor":21},{"not_picked":["Armaments","Infernal Blade","Burning Pact"],"picked":"SKIP","floor":24}],"player_experience":494432,"relics_obtained":[{"floor":7,"key":"Self Forming Clay"},{"floor":9,"key":"Blue Candle"},{"floor":10,"key":"Happy Flower"},{"floor":14,"key":"Matryoshka"},{"floor":24,"key":"Frozen Egg 2"},{"floor":26,"key":"Whetstone"},{"floor":26,"key":"Mercury Hourglass"},{"floor":28,"key":"Enchiridion"}],"event_choices":[{"damage_healed":0,"gold_gain":0,"player_choice":"Success","damage_taken":26,"relics_obtained":["Meat on the Bone"],"max_hp_gain":0,"max_hp_loss":0,"event_name":"Scrap Ooze","floor":4,"gold_loss":0},{"damage_healed":0,"gold_gain":0,"player_choice":"Lose Max HP","damage_taken":0,"relics_obtained":["Golden Idol"],"max_hp_gain":0,"max_hp_loss":7,"event_name":"Golden Idol","floor":5,"gold_loss":0},{"damage_healed":0,"gold_gain":0,"player_choice":"1 cards matched","damage_taken":0,"max_hp_gain":0,"max_hp_loss":0,"event_name":"Match and Keep!","floor":8,"gold_loss":0,"cards_obtained":["Shame"]},{"damage_healed":0,"gold_gain":0,"player_choice":"Obtained Book","damage_taken":21,"max_hp_gain":0,"max_hp_loss":0,"event_name":"Cursed Tome","floor":28,"gold_loss":0}],"is_beta":false,"boss_relics":[{"not_picked":["Black Star","Eternal Feather"],"picked":"Cursed Key"}],"items_purged_floors":[13],"is_endless":false,"potions_floor_spawned":[3,11,12,16,18],"killed_by":"Slavers","ascension_level":18}