{"gold_per_floor":[18,38,4,23,23,23,38,62,88,88,111,111,136,149,149,280,280,298,298,313,313,313,313,323,323,349,49,77,77,77,92,92,190,190,209,225,244,296,23,23,23,23,23,23,23,0,10,10,10,10],"floor_reached":50,"playtime":3095,"items_purged":[],"score":746,"play_id":"43575a98-c95a-48a3-aa5a-657a7e02422b","local_time":"20180914201242","is_ascension_mode":true,"campfire_choices":[{"data":"Malaise","floor":6,"key":"SMITH"},{"data":"Bouncing Flask","floor":12,"key":"SMITH"},{"floor":15,"key":"REST"},{"data":"Envenom","floor":23,"key":"SMITH"},{"floor":25,"key":"REST"},{"data":"Blind","floor":30,"key":"SMITH"},{"data":"Neutralize","floor":32,"key":"SMITH"},{"floor":40,"key":"REST"},{"floor":42,"key":"REST"},{"floor":49,"key":"REST"}],"neow_cost":"NO_GOLD","seed_source_timestamp":173717927328950,"circlet_count":0,"master_deck":["Defend_G+1","Defend_G+1","Defend_G+1","Defend_G+1","Defend_G+1","Strike_G+1","Strike_G+1","Strike_G+1","Survivor","Neutralize+1","Deadly Poison","Predator","Bouncing Flask+1","Malaise+1","Well Laid Plans","Terror+1","Injury","Poisoned Stab","Riddle With Holes","PiercingWail","Deadly Poison","Envenom+1","Blur","Dodge and Roll","PiercingWail+1","Backflip","Blind+1","Riddle With Holes","Crippling Poison","Sucker Punch","Glass Knife","Leg Sweep","Bouncing Flask","Underhanded Strike+1","Leg Sweep","Setup+1","Sucker Punch+1","Cloak And Dagger+1","Dodge and Roll+1"],"relics":["Ring of the Serpent","Bloody Idol","Bronze Scales","Odd Mushroom","Busted Crown","MutagenicStrength","PreservedInsect","Dream Catcher","Blood Vial","Mango","Strange Spoon","The Courier","Red Mask"],"potions_floor_usage":[13,24,31,33,38,38,41,50],"damage_taken":[{"damage":0,"enemies":"Cultist","floor":1,"turns":3},{"damage":0,"enemies":"Jaw Worm","floor":2,"turns":3},{"damage":3,"enemies":"Small Slimes","floor":4,"turns":4},{"damage":12,"enemies":"2 Fungi Beasts","floor":7,"turns":5},{"damage":26,"enemies":"Lots of Slimes","floor":8,"turns":6},{"damage":7,"enemies":"3 Louse","floor":11,"turns":4},{"damage":7,"enemies":"The Mushroom Lair","floor":13,"turns":4},{"damage":3,"enemies":"Exordium Thugs","floor":14,"turns":4},{"damage":39,"enemies":"Slime Boss","floor":16,"turns":10},{"damage":0,"enemies":"Spheric Guardian","floor":18,"turns":2},{"damage":4,"enemies":"Chosen","floor":20,"turns":5},{"damage":13,"enemies":"Centurion and Healer","floor":24,"turns":8},{"damage":7,"enemies":"Gremlin Leader","floor":28,"turns":7},{"damage":9,"enemies":"Snake Plant","floor":31,"turns":4},{"damage":39,"enemies":"Automaton","floor":33,"turns":12},{"damage":24,"enemies":"3 Darklings","floor":35,"turns":6},{"damage":12,"enemies":"Orb Walker","floor":36,"turns":4},{"damage":13,"enemies":"3 Darklings","floor":37,"turns":6},{"damage":32,"enemies":"Mysterious Sphere","floor":38,"turns":9},{"damage":15,"enemies":"2 Orb Walkers","floor":41,"turns":3},{"damage":11,"enemies":"Maw","floor":47,"turns":9},{"damage":86,"enemies":"Donu and Deca","floor":50,"turns":12}],"seed_played":"7477882880402935293","potions_obtained":[{"floor":2,"key":"EssenceOfSteel"},{"floor":14,"key":"SmokeBomb"},{"floor":16,"key":"PowerPotion"},{"floor":18,"key":"GhostInAJar"},{"floor":28,"key":"EssenceOfSteel"},{"floor":31,"key":"Swift Potion"},{"floor":36,"key":"SkillPotion"},{"floor":47,"key":"Dexterity Potion"}],"is_trial":false,"path_per_floor":["M","M","$","M","?","R","M","M","T","?","M","R","?","M","R","B",null,"M","?","M","?","?","R","M","R","T","$","E","?","R","M","R","B",null,"M","M","M","?","$","R","E","R","T","$","?","?","M","$","R"],"character_chosen":"THE_SILENT","items_purchased":["Well Laid Plans","Backflip","Dream Catcher","Blind","Leg Sweep","Strange Spoon"],"campfire_rested":5,"item_purchase_floors":[3,27,27,27,39,39],"current_hp_per_floor":[63,63,63,60,60,60,48,22,22,70,63,63,56,53,70,31,60,60,60,56,56,56,56,48,69,70,70,68,68,68,66,66,34,61,44,39,33,22,22,47,34,59,59,59,59,59,55,55,80,0],"gold":10,"neow_bonus":"TRANSFORM_TWO_CARDS","is_prod":false,"is_daily":false,"chose_seed":false,"campfire_upgraded":5,"win_rate":0,"timestamp":1536970362,"path_taken":["M","?","$","M","?","R","M","?","T","?","?","R","?","M","R","BOSS","M","?","M","?","?","R","M","R","T","$","E","?","R","M","R","BOSS","M","M","?","?","$","R","E","R","T","$","?","?","?","?","R","BOSS"],"build_version":"2018-09-06","purchased_purges":0,"victory":false,"max_hp_per_floor":[70,70,70,70,70,70,70,70,70,70,70,70,70,70,70,70,70,70,70,70,70,70,70,70,70,70,70,70,70,70,70,70,70,70,70,70,70,84,84,84,84,84,84,84,84,84,84,84,84,84],"card_choices":[{"not_picked":["Flying Knee","Bane"],"picked":"Bouncing Flask","floor":1},{"not_picked":["Acrobatics","Blade Dance"],"picked":"Malaise","floor":2},{"not_picked":["Flying Knee","Dagger Throw"],"picked":"Terror","floor":4},{"not_picked":["Choke","Slice"],"picked":"Poisoned Stab","floor":7},{"not_picked":["Bane","Blade Dance"],"picked":"Accuracy","floor":8},{"not_picked":["Dagger Throw","Reflex"],"picked":"Riddle With Holes","floor":11},{"not_picked":["Deadly Poison","Underhanded Strike"],"picked":"PiercingWail","floor":13},{"not_picked":["Expertise","Flying Knee"],"picked":"Deadly Poison","floor":14},{"not_picked":["Doppelganger","Glass Knife"],"picked":"Envenom","floor":16},{"not_picked":[],"picked":"Blur","floor":18},{"not_picked":[],"picked":"Dodge and Roll","floor":20},{"not_picked":[],"picked":"PiercingWail+1","floor":24},{"not_picked":[],"picked":"Riddle With Holes","floor":28},{"not_picked":[],"picked":"Sucker Punch","floor":31},{"not_picked":[],"picked":"Glass Knife","floor":33},{"not_picked":["Reflex"],"picked":"SKIP","floor":35},{"not_picked":[],"picked":"Leg Sweep","floor":36},{"not_picked":[],"picked":"Bouncing Flask","floor":37},{"not_picked":[],"picked":"Underhanded Strike+1","floor":38},{"not_picked":[],"picked":"Setup+1","floor":40},{"not_picked":[],"picked":"Sucker Punch+1","floor":42},{"not_picked":[],"picked":"Cloak And Dagger+1","floor":47},{"not_picked":[],"picked":"Dodge and Roll+1","floor":49}],"player_experience":193033,"relics_obtained":[{"floor":9,"key":"Bronze Scales"},{"floor":13,"key":"Odd Mushroom"},{"floor":26,"key":"PreservedInsect"},{"floor":28,"key":"Blood Vial"},{"floor":38,"key":"Mango"},{"floor":43,"key":"The Courier"}],"event_choices":[{"event_name":"Golden Idol","player_choice":"Take Wound","floor":5,"damage_taken":0},{"event_name":"Bonfire Elementals","player_choice":"UNCOMMON","floor":10,"damage_taken":0},{"event_name":"Mushrooms","player_choice":"Fought Mushrooms","floor":13,"damage_taken":0},{"event_name":"Back to Basics","player_choice":"Simplicity","floor":19,"damage_taken":0},{"event_name":"Drug Dealer","player_choice":"Inject Mutagens","floor":21,"damage_taken":0},{"event_name":"Forgotten Altar","player_choice":"Gave Idol","floor":22,"damage_taken":0},{"event_name":"The Library","player_choice":"Read","floor":29,"damage_taken":0},{"event_name":"Mysterious Sphere","player_choice":"Fight","floor":38,"damage_taken":0},{"event_name":"Upgrade Shrine","player_choice":"Upgraded","floor":45,"damage_taken":0},{"event_name":"Tomb of Lord Red Mask","player_choice":"Paid","floor":46,"damage_taken":0}],"is_beta":false,"boss_relics":[{"not_picked":["Snecko Eye","Orrery"],"picked":"Busted Crown"},{"not_picked":["Astrolabe","Velvet Choker"],"picked":"Ring of the Serpent"}],"items_purged_floors":[],"is_endless":false,"potions_floor_spawned":[2,14,16,18,28,31,36,41,47],"killed_by":"Donu and Deca","ascension_level":9}