{"gold_per_floor":[215,226,77,77,88,88,122,122,146,172,186,186,211,227,227,306,306,320,334,351,36,36,36,36,48,48,65,94,107,7,41,41,41],"floor_reached":33,"playtime":1394,"items_purged":["Defend_R","Writhe"],"score":598,"play_id":"ba9e28c8-82c7-419d-8483-7bd511f41da3","local_time":"20190503160426","is_ascension_mode":true,"campfire_choices":[{"data":"Bash","floor":6,"key":"SMITH"},{"data":"Carnage","floor":12,"key":"SMITH"},{"data":"Disarm","floor":15,"key":"SMITH"},{"data":"Flame Barrier","floor":23,"key":"SMITH"},{"floor":32,"key":"REST"}],"neow_cost":"NONE","seed_source_timestamp":59402923584300,"circlet_count":0,"master_deck":["AscendersBane","Strike_R","Strike_R","Strike_R","Strike_R","Strike_R","Defend_R","Defend_R","Defend_R","Bash+1","Carnage+1","Armaments+1","Disarm+1","Shockwave","Flame Barrier+1","Sword Boomerang","Immolate","Berserk+1","Spot Weakness","Evolve+1","Pommel Strike"],"relics":["Burning Blood","Centennial Puzzle","Red Skull","Orichalcum","Frozen Egg 2","Cursed Key","FossilizedHelix","Gremlin Horn","MutagenicStrength","Question Card","Omamori"],"potions_floor_usage":[7,13,18,33,33],"damage_taken":[{"damage":10,"enemies":"Small Slimes","floor":1,"turns":4},{"damage":7,"enemies":"Jaw Worm","floor":2,"turns":3},{"damage":0,"enemies":"Cultist","floor":5,"turns":2},{"damage":39,"enemies":"Lagavulin","floor":7,"turns":10},{"damage":26,"enemies":"3 Sentries","floor":10,"turns":7},{"damage":6,"enemies":"2 Fungi Beasts","floor":11,"turns":3},{"damage":3,"enemies":"Lagavulin","floor":13,"turns":5},{"damage":1,"enemies":"Looter","floor":14,"turns":3},{"damage":1,"enemies":"Hexaghost","floor":16,"turns":9},{"damage":6,"enemies":"2 Thieves","floor":18,"turns":2},{"damage":6,"enemies":"Shell Parasite","floor":19,"turns":5},{"damage":42,"enemies":"Snake Plant","floor":20,"turns":4},{"damage":6,"enemies":"Centurion and Healer","floor":25,"turns":3},{"damage":0,"enemies":"Cultist and Chosen","floor":27,"turns":4},{"damage":0,"enemies":"Gremlin Leader","floor":28,"turns":4},{"damage":8,"enemies":"Snake Plant","floor":29,"turns":5},{"damage":15,"enemies":"Slavers","floor":31,"turns":3},{"damage":62,"enemies":"Champ","floor":33,"turns":9}],"seed_played":"3616411268919758399","potions_obtained":[{"floor":5,"key":"SneckoOil"},{"floor":11,"key":"SkillPotion"},{"floor":16,"key":"AttackPotion"},{"floor":19,"key":"Strength Potion"},{"floor":20,"key":"Weak Potion"}],"is_trial":false,"path_per_floor":["M","M","$","?","M","R","E","?","T","E","M","R","E","M","R","B",null,"M","M","M","$","?","R","?","M","T","M","E","M","$","E","R","B"],"character_chosen":"IRONCLAD","items_purchased":["Disarm","FossilizedHelix"],"campfire_rested":1,"item_purchase_floors":[3,21],"current_hp_per_floor":[64,63,63,68,74,74,41,41,41,21,21,21,24,29,29,34,69,69,69,33,33,33,33,33,33,33,39,45,43,43,34,58,0],"gold":41,"neow_bonus":"HUNDRED_GOLD","is_prod":false,"is_daily":false,"chose_seed":false,"campfire_upgraded":4,"win_rate":0,"timestamp":1556913866,"path_taken":["M","M","$","?","M","R","E","?","T","E","M","R","E","M","R","BOSS","M","M","?","$","?","R","?","M","T","M","E","M","$","E","R","BOSS"],"build_version":"2019-01-23","purchased_purges":2,"victory":false,"max_hp_per_floor":[75,75,75,80,80,80,80,80,80,80,80,80,80,80,80,80,80,80,80,80,80,80,80,80,80,80,80,80,80,80,80,80,80],"card_choices":[{"not_picked":["Iron Wave","Pommel Strike"],"picked":"Carnage","floor":1},{"not_picked":["Wild Strike","Perfected Strike"],"picked":"Armaments","floor":2},{"not_picked":["Havoc","Thunderclap"],"picked":"Shockwave","floor":5},{"not_picked":["True Grit","Whirlwind"],"picked":"Flame Barrier","floor":7},{"not_picked":["Wild Strike","Clothesline"],"picked":"Sword Boomerang","floor":10},{"not_picked":["Evolve","True Grit","Rampage"],"picked":"SKIP","floor":11},{"not_picked":["Power Through","Seeing Red","Wild Strike"],"picked":"SKIP","floor":13},{"not_picked":["Shrug It Off","Uppercut"],"picked":"Immolate","floor":14},{"not_picked":["Immolate","Juggernaut+1"],"picked":"Berserk+1","floor":16},{"not_picked":["Sentinel","Carnage","Body Slam"],"picked":"SKIP","floor":18},{"not_picked":["Anger","Corruption+1","Twin Strike"],"picked":"SKIP","floor":19},{"not_picked":["Shrug It Off","Heavy Blade"],"picked":"Spot Weakness","floor":20},{"not_picked":["Havoc+1","Iron Wave","Clash"],"picked":"SKIP","floor":25},{"not_picked":["Rupture+1","Berserk+1","True Grit+1"],"picked":"SKIP","floor":27},{"not_picked":["True Grit","Armaments","Bloodletting"],"picked":"SKIP","floor":28},{"not_picked":["Wild Strike","Body Slam+1","Feel No Pain+1"],"picked":"Evolve+1","floor":29},{"not_picked":["Searing Blow","Iron Wave","True Grit"],"picked":"Pommel Strike","floor":31}],"player_experience":421046,"relics_obtained":[{"floor":7,"key":"Centennial Puzzle"},{"floor":9,"key":"Red Skull"},{"floor":10,"key":"Orichalcum"},{"floor":13,"key":"Frozen Egg 2"},{"floor":28,"key":"Question Card"},{"floor":31,"key":"Omamori"}],"event_choices":[{"damage_healed":0,"gold_gain":0,"player_choice":"Donut","damage_taken":0,"max_hp_gain":5,"max_hp_loss":0,"event_name":"Big Fish","floor":4,"gold_loss":0},{"damage_healed":0,"gold_gain":0,"player_choice":"Forge","damage_taken":0,"max_hp_gain":0,"max_hp_loss":0,"event_name":"Accursed Blacksmith","floor":8,"gold_loss":0,"cards_upgraded":["Armaments"]},{"damage_healed":0,"gold_gain":0,"player_choice":"Opened","damage_taken":0,"relics_obtained":["Gremlin Horn"],"max_hp_gain":0,"max_hp_loss":0,"event_name":"The Mausoleum","floor":22,"gold_loss":0,"cards_obtained":["Writhe"]},{"damage_healed":0,"gold_gain":0,"player_choice":"Inject Mutagens","damage_taken":0,"relics_obtained":["MutagenicStrength"],"max_hp_gain":0,"max_hp_loss":0,"event_name":"Drug Dealer","floor":24,"gold_loss":0}],"is_beta":false,"boss_relics":[{"not_picked":["Fusion Hammer","Pandora\u0027s Box"],"picked":"Cursed Key"}],"items_purged_floors":[3,30],"is_endless":false,"potions_floor_spawned":[5,11,16,19,20,27,29],"killed_by":"Champ","ascension_level":16}