{"gold_per_floor":[114,133,145,145,160,191,20,20,20,20,41,41,84,114,114,203,203,227,33,33,33,51,85,104,104,104,104,143,143,143,166,166,257,257,272,287,287,13,13],"floor_reached":39,"playtime":2791,"items_purged":[],"score":929,"play_id":"caff7fd6-aa78-4332-a296-4155b19f58b3","local_time":"20190529180720","is_ascension_mode":true,"campfire_choices":[{"data":"Bouncing Flask","floor":12.0,"key":"SMITH"},{"floor":15.0,"key":"REST"},{"floor":25.0,"key":"REST"},{"data":"Well Laid Plans","floor":27.0,"key":"SMITH"},{"data":"Blade Dance","floor":29.0,"key":"SMITH"},{"floor":32.0,"key":"REST"}],"neow_cost":"NONE","seed_source_timestamp":1203496302797244,"circlet_count":0,"master_deck":["AscendersBane","Defend_G+1","Defend_G+1","Defend_G+1","Defend_G+1","Defend_G+1","Strike_G+1","Strike_G+1","Survivor","Neutralize","Blade Dance+1","Dagger Spray","Well Laid Plans+1","Corpse Explosion","Dodge and Roll","PiercingWail","Caltrops","Bouncing Flask+1","Deflect","Envenom","Burst","Leg Sweep","Blur","PiercingWail","Flying Knee","Escape Plan","Backstab+1","Acrobatics","A Thousand Cuts"],"special_seed":0,"relics":["Ring of the Snake","Happy Flower","Strawberry","Bottled Tornado","Golden Idol","Sundial","Empty Cage","Art of War","Snake Skull","Tough Bandages","Kunai","Eternal Feather","Ninja Scroll"],"potions_floor_usage":[39],"damage_taken":[{"damage":0.0,"enemies":"2 Louse","floor":1.0,"turns":3.0},{"damage":9.0,"enemies":"Cultist","floor":2.0,"turns":4.0},{"damage":0.0,"enemies":"Small Slimes","floor":3.0,"turns":3.0},{"damage":1.0,"enemies":"Looter","floor":5.0,"turns":3.0},{"damage":17.0,"enemies":"3 Sentries","floor":6.0,"turns":3.0},{"damage":0.0,"enemies":"3 Louse","floor":11.0,"turns":3.0},{"damage":15.0,"enemies":"Lagavulin","floor":13.0,"turns":6.0},{"damage":11.0,"enemies":"Hexaghost","floor":16.0,"turns":9.0},{"damage":18.0,"enemies":"2 Thieves","floor":18.0,"turns":4.0},{"damage":0.0,"enemies":"3 Byrds","floor":22.0,"turns":2.0},{"damage":14.0,"enemies":"Slavers","floor":23.0,"turns":5.0},{"damage":12.0,"enemies":"Shelled Parasite and Fungi","floor":24.0,"turns":7.0},{"damage":22.0,"enemies":"Book of Stabbing","floor":28.0,"turns":7.0},{"damage":0.0,"enemies":"Snecko","floor":31.0,"turns":5.0},{"damage":0.0,"enemies":"Automaton","floor":33.0,"turns":10.0},{"damage":5.0,"enemies":"3 Darklings","floor":35.0,"turns":4.0},{"damage":0.0,"enemies":"3 Shapes","floor":36.0,"turns":2.0},{"damage":30,"enemies":"Transient","floor":39,"turns":4}],"seed_played":"-3464098224974143519","potions_obtained":[{"floor":2.0,"key":"AttackPotion"},{"floor":5.0,"key":"GhostInAJar"},{"floor":11.0,"key":"Fruit Juice"},{"floor":24.0,"key":"AttackPotion"},{"floor":28.0,"key":"EssenceOfSteel"},{"floor":33.0,"key":"AttackPotion"},{"floor":36.0,"key":"LiquidBronze"}],"is_trial":false,"path_per_floor":["M","M","M","?","M","E","$","?","T","?","M","R","E","?","R","B",null,"M","$","?","?","M","E","M","R","T","R","E","R","?","M","R","B",null,"M","M","?","$","M"],"character_chosen":"THE_SILENT","items_purchased":["Caltrops","Bouncing Flask","Art of War","Blur","Ninja Scroll"],"campfire_rested":3,"item_purchase_floors":[7,7,19,19,38],"current_hp_per_floor":[59,50,50,50,49,39,39,39,39,39,39,44,29,29,50,39,63,45,45,45,45,45,31,19,40,40,40,18,18,18,18,39,39,63,58,58,58,58,28],"gold":13,"neow_bonus":"RANDOM_COMMON_RELIC","is_prod":false,"is_daily":false,"chose_seed":false,"campfire_upgraded":3,"win_rate":0,"timestamp":1559146040,"path_taken":["M","M","M","?","?","E","$","?","T","?","M","R","E","?","R","BOSS","M","$","?","?","?","E","?","R","T","R","E","R","?","?","R","BOSS","M","?","?","?","M"],"build_version":"2019-01-23","purchased_purges":0,"victory":false,"max_hp_per_floor":[66,66,66,66,66,73,73,73,73,66,66,71,71,71,71,71,71,71,71,71,71,71,71,71,71,71,71,71,71,71,71,71,71,71,71,71,71,71,71],"card_choices":[{"not_picked":["Bane","Flying Knee"],"picked":"Blade Dance","floor":1.0},{"not_picked":["Quick Slash","Outmaneuver"],"picked":"Dagger Spray","floor":2.0},{"not_picked":["Dagger Spray","Flying Knee"],"picked":"Well Laid Plans","floor":3.0},{"not_picked":["Quick Slash","Underhanded Strike"],"picked":"Dodge and Roll","floor":5.0},{"not_picked":["Quick Slash","Poisoned Stab"],"picked":"PiercingWail","floor":6.0},{"not_picked":["Prepared","Endless Agony"],"picked":"Deflect","floor":11.0},{"not_picked":["Flying Knee","Underhanded Strike"],"picked":"Envenom","floor":13.0},{"not_picked":["Corpse Explosion","Die Die Die"],"picked":"Burst","floor":16.0},{"not_picked":["PiercingWail","Outmaneuver"],"picked":"Leg Sweep","floor":18.0},{"not_picked":["Sucker Punch+1","Outmaneuver+1"],"picked":"PiercingWail","floor":22.0},{"not_picked":["Backstab","Dagger Throw"],"picked":"Flying Knee","floor":23.0},{"not_picked":["Sucker Punch","Calculated Gamble"],"picked":"Escape Plan","floor":24.0},{"not_picked":["Sucker Punch","Dodge and Roll"],"picked":"Backstab+1","floor":28.0},{"not_picked":["Prepared","Deadly Poison"],"picked":"Acrobatics","floor":31.0},{"not_picked":["Unload","Envenom"],"picked":"A Thousand Cuts","floor":33.0},{"not_picked":["Dagger Throw+1","Accuracy","Poisoned Stab"],"picked":"SKIP","floor":35.0},{"not_picked":["Dodge and Roll","Sucker Punch","Bane"],"picked":"SKIP","floor":36.0}],"player_experience":703589,"relics_obtained":[{"floor":6.0,"key":"Strawberry"},{"floor":9.0,"key":"Bottled Tornado"},{"floor":13.0,"key":"Sundial"},{"floor":23.0,"key":"Snake Skull"},{"floor":26.0,"key":"Tough Bandages"},{"floor":28.0,"key":"Kunai"}],"event_choices":[{"damage_healed":0.0,"max_hp_gain":0.0,"max_hp_loss":0.0,"gold_gain":0.0,"event_name":"Match and Keep!","player_choice":"1 cards matched","floor":4.0,"gold_loss":0.0,"damage_taken":0.0,"cards_obtained":["Corpse Explosion"]},{"damage_healed":0.0,"max_hp_gain":0.0,"max_hp_loss":0.0,"gold_gain":0.0,"event_name":"Liars Game","player_choice":"Ignored","floor":8.0,"gold_loss":0.0,"damage_taken":0.0},{"damage_healed":0.0,"max_hp_gain":0.0,"max_hp_loss":7.0,"gold_gain":0.0,"event_name":"Golden Idol","player_choice":"Lose Max HP","floor":10.0,"gold_loss":0.0,"damage_taken":0.0,"relics_obtained":["Golden Idol"]},{"damage_healed":0.0,"max_hp_gain":0.0,"max_hp_loss":0.0,"gold_gain":30.0,"event_name":"Dead Adventurer","player_choice":"Searched \u00271\u0027 times","floor":14.0,"gold_loss":0.0,"damage_taken":0.0},{"damage_healed":0.0,"max_hp_gain":0.0,"max_hp_loss":0.0,"gold_gain":0.0,"event_name":"Back to Basics","player_choice":"Simplicity","floor":20.0,"gold_loss":0.0,"damage_taken":0.0,"cards_upgraded":["Defend_G","Defend_G","Defend_G","Defend_G","Defend_G","Strike_G","Strike_G","Strike_G"]},{"damage_healed":0.0,"max_hp_gain":0.0,"max_hp_loss":0.0,"gold_gain":0.0,"event_name":"Vampires","player_choice":"Ignored","floor":21.0,"gold_loss":0.0,"damage_taken":0.0},{"cards_removed":["Strike_G"],"damage_healed":0.0,"max_hp_gain":0.0,"max_hp_loss":0.0,"gold_gain":0.0,"event_name":"Purifier","player_choice":"Purged","floor":30.0,"gold_loss":0.0,"damage_taken":0.0},{"damage_healed":0.0,"max_hp_gain":0.0,"max_hp_loss":0.0,"gold_gain":0.0,"event_name":"SecretPortal","player_choice":"Ignored","floor":37.0,"gold_loss":0.0,"damage_taken":0.0}],"is_beta":false,"boss_relics":[{"not_picked":["HoveringKite","Pandora\u0027s Box"],"picked":"Empty Cage"},{"not_picked":["White Beast Statue","Calling Bell"],"picked":"Eternal Feather"}],"items_purged_floors":[],"is_endless":false,"potions_floor_spawned":[2,5,11,24,28,33,36],"killed_by":"Transient","ascension_level":17}