{"gold_per_floor":[116,131,150,160,160,190,208,163,187,187,197,197,212,226,226,327,327,345,28,41,56,71,71,91,122,122,138,338,351,362,8,8,111,111,122,135,0,10,21,21,36,61,87,1,1,1,1,15,15,15,15,15,15,47,47],"floor_reached":55,"playtime":12564,"items_purged":["Strike_B","Strike_B","Strike_B"],"score":942,"play_id":"734e1eb9-8cce-4011-b8dd-5eb95451456f","local_time":"20190111231448","is_ascension_mode":true,"campfire_choices":[{"floor":10.0,"key":"REST"},{"floor":15.0,"key":"REST"},{"floor":23.0,"key":"REST"},{"floor":32.0,"key":"REST"},{"floor":40.0,"key":"RECALL"}],"neow_cost":"NONE","seed_source_timestamp":2590532968008283,"circlet_count":0,"master_deck":["Strike_B+1","Defend_B","Defend_B","Defend_B","Defend_B","Zap+1","Dualcast","Cold Snap","Beam Cell","Cold Snap","Loop","Cold Snap","Compile Driver+1","Self Repair","Reboot","Skim","Seek","Glacier+1","Blizzard","Reboot","Chill+1","Skim","Blizzard","Coolheaded","Chill","Blizzard","Parasite","Blizzard","Writhe","Coolheaded+1"],"special_seed":0,"relics":["Cracked Core","Regal Pillow","Bag of Marbles","Fusion Hammer","Mercury Hourglass","Whetstone","Ice Cream","Membership Card","DataDisk","Coffee Dripper","Happy Flower","Bottled Tornado","Art of War"],"potions_floor_usage":[55],"damage_taken":[{"damage":14.0,"enemies":"2 Louse","floor":1.0,"turns":2.0},{"damage":1.0,"enemies":"Cultist","floor":2.0,"turns":3.0},{"damage":5.0,"enemies":"Jaw Worm","floor":3.0,"turns":3.0},{"damage":23.0,"enemies":"Gremlin Gang","floor":4.0,"turns":5.0},{"damage":22.0,"enemies":"Lagavulin","floor":6.0,"turns":5.0},{"damage":1.0,"enemies":"Blue Slaver","floor":7.0,"turns":2.0},{"damage":16.0,"enemies":"Exordium Wildlife","floor":11.0,"turns":3.0},{"damage":5.0,"enemies":"Looter","floor":13.0,"turns":3.0},{"damage":21.0,"enemies":"Exordium Thugs","floor":14.0,"turns":5.0},{"damage":22.0,"enemies":"The Guardian","floor":16.0,"turns":14.0},{"damage":10.0,"enemies":"3 Byrds","floor":18.0,"turns":5.0},{"damage":0.0,"enemies":"Chosen","floor":20.0,"turns":4.0},{"damage":3.0,"enemies":"3 Cultists","floor":21.0,"turns":5.0},{"damage":24.0,"enemies":"Cultist and Chosen","floor":22.0,"turns":7.0},{"damage":3.0,"enemies":"Snake Plant","floor":24.0,"turns":4.0},{"damage":23.0,"enemies":"Gremlin Leader","floor":25.0,"turns":7.0},{"damage":0.0,"enemies":"3 Cultists","floor":27.0,"turns":2.0},{"damage":10.0,"enemies":"Shelled Parasite and Fungi","floor":29.0,"turns":5.0},{"damage":27.0,"enemies":"Snake Plant","floor":30.0,"turns":4.0},{"damage":29.0,"enemies":"Automaton","floor":33.0,"turns":11.0},{"damage":2.0,"enemies":"3 Darklings","floor":35.0,"turns":4.0},{"damage":0.0,"enemies":"3 Shapes","floor":36.0,"turns":3.0},{"damage":0.0,"enemies":"Maw","floor":38.0,"turns":7.0},{"damage":29.0,"enemies":"Writhing Mass","floor":39.0,"turns":7.0},{"damage":0.0,"enemies":"3 Darklings","floor":41.0,"turns":3.0},{"damage":18.0,"enemies":"Reptomancer","floor":42.0,"turns":7.0},{"damage":0.0,"enemies":"Sphere and 2 Shapes","floor":48.0,"turns":3.0},{"damage":36.0,"enemies":"Awakened One","floor":50.0,"turns":11.0},{"damage":33.0,"enemies":"Shield and Spear","floor":54.0,"turns":8.0},{"damage":50,"enemies":"The Heart","floor":55,"turns":2}],"seed_played":"-3922282795565216974","potions_obtained":[{"floor":6.0,"key":"SkillPotion"},{"floor":7.0,"key":"Swift Potion"},{"floor":11.0,"key":"Explosive Potion"},{"floor":12.0,"key":"SkillPotion"},{"floor":18.0,"key":"Dexterity Potion"},{"floor":22.0,"key":"FocusPotion"},{"floor":27.0,"key":"Energy Potion"},{"floor":35.0,"key":"Swift Potion"},{"floor":48.0,"key":"AttackPotion"},{"floor":54.0,"key":"AttackPotion"}],"is_trial":false,"path_per_floor":["M","M","M","M","?","E","M","?","T","R","M","?","M","M","R","B",null,"M","$","M","M","M","R","M","E","T","M","?","M","M","$","R","B",null,"M","M","$","M","M","R","M","E","T","$","?","R","T","M","R","B",null,"R","$","E","B"],"character_chosen":"DEFECT","items_purchased":["Mercury Hourglass","Membership Card","DataDisk","Blizzard","Chill","Blizzard","Blizzard","SmokeBomb"],"campfire_rested":4,"item_purchase_floors":[19,31,31,31,37,37,44,44],"current_hp_per_floor":[61,60,55,32,32,10,9,9,9,48,32,32,34,20,59,44,73,70,70,77,81,64,82,79,63,63,63,63,60,40,40,79,57,76,81,81,81,82,60,60,67,56,56,56,77,77,77,77,77,48,74,74,74,48,0],"gold":47,"neow_bonus":"TEN_PERCENT_HP_BONUS","is_prod":false,"is_daily":false,"chose_seed":false,"campfire_upgraded":0,"win_rate":0,"timestamp":1547266488,"path_taken":["M","M","M","M","?","E","M","?","T","R","M","?","?","M","R","BOSS","M","$","?","M","M","R","M","E","T","M","?","M","?","$","R","BOSS","M","M","$","M","?","R","M","E","T","$","?","R","?","M","R","BOSS","R","$","E","BOSS"],"build_version":"2019-01-10","purchased_purges":3,"victory":false,"max_hp_per_floor":[82,82,82,82,82,82,82,82,82,82,82,82,82,82,82,82,82,82,82,82,82,82,82,82,82,82,82,82,82,82,82,82,82,82,82,82,82,82,82,82,82,82,82,82,82,82,82,82,82,82,82,82,82,82,82],"card_choices":[{"not_picked":["Ball Lightning","Conserve Battery"],"picked":"Cold Snap","floor":1.0},{"not_picked":["Lockon","Hello World"],"picked":"Beam Cell","floor":2.0},{"not_picked":["Beam Cell","Auto Shields"],"picked":"Cold Snap","floor":3.0},{"not_picked":["Stack","Conserve Battery"],"picked":"Loop","floor":4.0},{"not_picked":["Storm","Darkness"],"picked":"Cold Snap","floor":6.0},{"not_picked":["Darkness","Melter"],"picked":"Compile Driver","floor":7.0},{"not_picked":["Coolheaded","Doom and Gloom"],"picked":"Self Repair","floor":11.0},{"not_picked":["Reprogram","Recycle"],"picked":"Reboot","floor":13.0},{"not_picked":["Sweeping Beam","Stack"],"picked":"Skim","floor":14.0},{"not_picked":["Buffer","Reboot"],"picked":"Seek","floor":16.0},{"not_picked":["Sunder+1","Ball Lightning"],"picked":"Glacier+1","floor":18.0},{"not_picked":["Turbo","Cold Snap"],"picked":"Blizzard","floor":20.0},{"not_picked":["Stack+1","Skim"],"picked":"Reboot","floor":21.0},{"not_picked":["Steam","Ball Lightning+1","Stack"],"picked":"SKIP","floor":22.0},{"not_picked":["Steam","Ball Lightning+1","Stack"],"picked":"SKIP","floor":22.0},{"not_picked":["Streamline+1","Barrage"],"picked":"Chill+1","floor":24.0},{"not_picked":["Force Field+1","Reinforced Body"],"picked":"Skim","floor":25.0},{"not_picked":["Skim","Compile Driver+1","Conserve Battery"],"picked":"SKIP","floor":27.0},{"not_picked":["Sunder","Streamline","Steam"],"picked":"SKIP","floor":29.0},{"not_picked":["Loop+1","Barrage+1","Compile Driver"],"picked":"SKIP","floor":30.0},{"not_picked":["Rebound+1","Gash"],"picked":"Coolheaded","floor":35.0},{"not_picked":["Streamline+1","BootSequence","Compile Driver"],"picked":"SKIP","floor":36.0},{"not_picked":["Redo","Sweeping Beam+1","Conserve Battery"],"picked":"SKIP","floor":38.0},{"not_picked":["Aggregate+1","Redo","Reprogram"],"picked":"SKIP","floor":39.0},{"not_picked":["Redo+1","Storm+1","Scrape+1"],"picked":"SKIP","floor":41.0},{"not_picked":["Doom and Gloom","Rip and Tear+1","Creative AI"],"picked":"SKIP","floor":42.0},{"not_picked":["Compile Driver+1","Hologram+1","Sweeping Beam+1"],"picked":"SKIP","floor":48.0},{"not_picked":["Gash+1","Ball Lightning+1"],"picked":"Coolheaded+1","floor":54.0}],"player_experience":604547,"relics_obtained":[{"floor":6.0,"key":"Regal Pillow"},{"floor":9.0,"key":"Bag of Marbles"},{"floor":25.0,"key":"Whetstone"},{"floor":26.0,"key":"Ice Cream"},{"floor":42.0,"key":"Happy Flower"},{"floor":47.0,"key":"Bottled Tornado"},{"floor":54.0,"key":"Art of War"}],"event_choices":[{"damage_healed":0.0,"max_hp_gain":0.0,"max_hp_loss":0.0,"gold_gain":0.0,"event_name":"Living Wall","player_choice":"Grow","floor":5.0,"gold_loss":0.0,"damage_taken":0.0,"cards_upgraded":["Zap"]},{"damage_healed":0.0,"max_hp_gain":0.0,"max_hp_loss":0.0,"gold_gain":0.0,"event_name":"World of Goop","player_choice":"Left Gold","floor":8.0,"gold_loss":45.0,"damage_taken":0.0},{"damage_healed":0.0,"max_hp_gain":0.0,"max_hp_loss":0.0,"gold_gain":0.0,"event_name":"Lab","player_choice":"Got Potions","floor":12.0,"gold_loss":0.0,"damage_taken":0.0},{"damage_healed":0.0,"max_hp_gain":0.0,"max_hp_loss":0.0,"gold_gain":200.0,"event_name":"Wheel of Change","player_choice":"Gold","floor":28.0,"gold_loss":0.0,"damage_taken":0.0},{"damage_healed":21.0,"max_hp_gain":0.0,"max_hp_loss":0.0,"gold_gain":0.0,"event_name":"Winding Halls","player_choice":"Writhe","floor":45.0,"gold_loss":0.0,"damage_taken":0.0,"cards_obtained":["Writhe"]}],"is_beta":false,"boss_relics":[{"not_picked":["Astrolabe","Calling Bell"],"picked":"Fusion Hammer"},{"not_picked":["White Beast Statue","Cursed Key"],"picked":"Coffee Dripper"}],"items_purged_floors":[19,31,37],"is_endless":false,"potions_floor_spawned":[6,7,11,18,22,27,30,33,35,36,48,54],"killed_by":"The Heart","ascension_level":7}