{"gold_per_floor":[112,122,142,154,167,167,178,204,204,204,221,46,106,126,126,225,225,191,208,223,223],"floor_reached":21,"playtime":1134,"items_purged":[],"score":281,"play_id":"46843d42-9a3f-4312-adad-91400b77edc7","local_time":"20190404222206","is_ascension_mode":true,"campfire_choices":[{"floor":6,"key":"REST"},{"floor":10,"key":"REST"},{"floor":15,"key":"REST"}],"neow_cost":"PERCENT_DAMAGE","seed_source_timestamp":1297871597787400,"circlet_count":0,"master_deck":["AscendersBane","Defend_G","Defend_G","Defend_G","Defend_G","Defend_G","Strike_G","Strike_G","Strike_G","Survivor","Neutralize","Dash","Slice","Riddle With Holes","Blur","Leg Sweep","Caltrops","Blade Dance","Backflip","Sucker Punch+1","Slice+1","Backflip","Tools of the Trade","Dash+1","Caltrops","Dodge and Roll"],"relics":["Ring of the Snake","Molten Egg 2","Darkstone Periapt","Oddly Smooth Stone","Juzu Bracelet","Empty Cage"],"potions_floor_usage":[8,8,8,13,16,16,21],"damage_taken":[{"damage":6,"enemies":"Cultist","floor":1,"turns":6},{"damage":5,"enemies":"Jaw Worm","floor":2,"turns":5},{"damage":0,"enemies":"2 Louse","floor":3,"turns":3},{"damage":20,"enemies":"Exordium Wildlife","floor":4,"turns":8},{"damage":13,"enemies":"3 Louse","floor":5,"turns":4},{"damage":5,"enemies":"Large Slime","floor":7,"turns":9},{"damage":2,"enemies":"Gremlin Nob","floor":8,"turns":4},{"damage":0,"enemies":"Blue Slaver","floor":11,"turns":5},{"damage":47,"enemies":"Lagavulin Event","floor":13,"turns":11},{"damage":9,"enemies":"3 Louse","floor":14,"turns":3},{"damage":6,"enemies":"Hexaghost","floor":16,"turns":10},{"damage":22,"enemies":"2 Thieves","floor":18,"turns":5},{"damage":5,"enemies":"Shell Parasite","floor":19,"turns":11},{"damage":10,"enemies":"Centurion and Healer","floor":20,"turns":11},{"damage":36,"enemies":"Sentry and Sphere","floor":21,"turns":7}],"seed_played":"-434624401114496283","potions_obtained":[{"floor":1,"key":"Energy Potion"},{"floor":3,"key":"Poison Potion"},{"floor":4,"key":"Energy Potion"},{"floor":8,"key":"Ancient Potion"},{"floor":11,"key":"EssenceOfSteel"},{"floor":14,"key":"LiquidBronze"},{"floor":20,"key":"SkillPotion"}],"is_trial":false,"path_per_floor":["M","M","M","M","M","R","M","E","T","R","M","$","?","M","R","B",null,"M","M","M","M"],"character_chosen":"THE_SILENT","items_purchased":["Oddly Smooth Stone","Sucker Punch+1"],"campfire_rested":3,"item_purchase_floors":[12,12],"current_hp_per_floor":[53,48,48,28,15,40,35,33,33,58,58,58,11,2,27,21,68,46,41,31,0],"gold":223,"neow_bonus":"TWENTY_PERCENT_HP_BONUS","is_prod":false,"is_daily":false,"chose_seed":false,"campfire_upgraded":0,"win_rate":0,"timestamp":1554430926,"path_taken":["M","M","M","M","M","R","?","E","T","R","M","$","?","M","R","BOSS","M","M","M","M"],"build_version":"2019-01-23","purchased_purges":0,"victory":false,"max_hp_per_floor":[84,84,84,84,84,84,84,84,84,84,84,84,84,84,84,84,84,84,84,84,84],"card_choices":[{"not_picked":["Slice","Dodge and Roll"],"picked":"Dash","floor":1},{"not_picked":["Predator","Outmaneuver"],"picked":"Slice","floor":2},{"not_picked":["Poisoned Stab","Dagger Throw"],"picked":"Riddle With Holes","floor":3},{"not_picked":["Bane","Tactician"],"picked":"Blur","floor":4},{"not_picked":["Quick Slash","Reflex"],"picked":"Leg Sweep","floor":5},{"not_picked":["Terror","Deflect"],"picked":"Caltrops","floor":7},{"not_picked":["Predator","Acrobatics","Blade Dance"],"picked":"SKIP","floor":8},{"not_picked":["Predator","Acrobatics"],"picked":"Blade Dance","floor":8},{"not_picked":["Acrobatics","Blade Dance"],"picked":"Backflip","floor":11},{"not_picked":["Finisher+1","Riddle With Holes+1"],"picked":"Slice+1","floor":13},{"not_picked":["Underhanded Strike+1","Dagger Throw+1"],"picked":"Backflip","floor":14},{"not_picked":["A Thousand Cuts","Grand Finale+1"],"picked":"Tools of the Trade","floor":16},{"not_picked":["Acrobatics","Noxious Fumes"],"picked":"Dash+1","floor":18},{"not_picked":["Slice+1","Bane+1"],"picked":"Caltrops","floor":19},{"not_picked":["Cloak And Dagger","Leg Sweep"],"picked":"Dodge and Roll","floor":20}],"player_experience":364820,"relics_obtained":[{"floor":8,"key":"Molten Egg 2"},{"floor":9,"key":"Darkstone Periapt"},{"floor":13,"key":"Juzu Bracelet"}],"event_choices":[{"damage_healed":0,"gold_gain":30,"player_choice":"Searched \u00273\u0027 times","damage_taken":0,"max_hp_gain":0,"max_hp_loss":0,"event_name":"Dead Adventurer","floor":13,"gold_loss":0}],"is_beta":false,"boss_relics":[{"not_picked":["Busted Crown","Fusion Hammer"],"picked":"Empty Cage"}],"items_purged_floors":[],"is_endless":false,"potions_floor_spawned":[1,3,4,8,11,14,20],"killed_by":"Sentry and Sphere","ascension_level":10}