{"gold_per_floor":[112,112,122,47,60,60,60,60,129,56,56,83,83,99,99,99],"floor_reached":16,"playtime":1019,"items_purged":["Strike_B"],"score":172,"play_id":"93bddd21-fe64-4908-bc16-510037e1dc61","local_time":"20190612160502","is_ascension_mode":true,"campfire_choices":[{"floor":6,"key":"REST"},{"floor":8,"key":"REST"},{"data":"Chill","floor":11,"key":"SMITH"},{"floor":15,"key":"REST"}],"neow_cost":"NONE","seed_source_timestamp":1980717835576000,"circlet_count":0,"master_deck":["AscendersBane","Strike_B+1","Strike_B","Defend_B","Defend_B","Defend_B+1","Defend_B","Zap","Dualcast","Capacitor","Chill+1","Loop","Go for the Eyes"],"relics":["Cracked Core","Boot","Kunai","Potion Belt"],"potions_floor_usage":[12,12,14,16],"damage_taken":[{"damage":3,"enemies":"Small Slimes","floor":1,"turns":3},{"damage":10,"enemies":"Cultist","floor":3,"turns":4},{"damage":10,"enemies":"2 Louse","floor":5,"turns":3},{"damage":32,"enemies":"Lagavulin","floor":12,"turns":8},{"damage":8,"enemies":"Large Slime","floor":14,"turns":7},{"damage":60,"enemies":"Slime Boss","floor":16,"turns":9}],"seed_played":"7366815894577547073","potions_obtained":[{"floor":2,"key":"Energy Potion"},{"floor":2,"key":"Ancient Potion"},{"floor":12,"key":"Regen Potion"},{"floor":14,"key":"Ancient Potion"}],"is_trial":false,"path_per_floor":["M","?","M","$","M","R","?","R","T","$","R","E","?","M","R","B"],"character_chosen":"DEFECT","items_purchased":["Loop"],"campfire_rested":3,"item_purchase_floors":[10],"current_hp_per_floor":[61,61,51,51,41,62,41,62,62,62,62,30,30,37,58,0],"gold":99,"neow_bonus":"RANDOM_COMMON_RELIC","is_prod":false,"is_daily":false,"chose_seed":false,"campfire_upgraded":1,"win_rate":0,"timestamp":1560369902,"path_taken":["M","?","M","?","?","R","?","R","T","$","R","E","?","M","R","BOSS"],"build_version":"2019-01-23","purchased_purges":1,"victory":false,"max_hp_per_floor":[71,71,71,71,71,71,71,71,71,71,71,71,71,71,71,71],"card_choices":[{"not_picked":["Ball Lightning","FTL"],"picked":"Capacitor","floor":1},{"not_picked":["Conserve Battery","Hello World"],"picked":"Chill","floor":3},{"not_picked":["Turbo","Doom and Gloom","Leap"],"picked":"SKIP","floor":5},{"not_picked":["Redo","Compile Driver","Turbo"],"picked":"SKIP","floor":12},{"not_picked":["Barrage","Go for the Eyes","Redo"],"picked":"SKIP","floor":14}],"player_experience":1146897,"relics_obtained":[{"floor":9,"key":"Kunai"},{"floor":12,"key":"Potion Belt"}],"event_choices":[{"damage_healed":0,"gold_gain":0,"player_choice":"Got Potions","damage_taken":0,"max_hp_gain":0,"max_hp_loss":0,"event_name":"Lab","floor":2,"gold_loss":0},{"damage_healed":0,"gold_gain":0,"player_choice":"Entered Light","damage_taken":21,"max_hp_gain":0,"max_hp_loss":0,"event_name":"Shining Light","floor":7,"gold_loss":0,"cards_upgraded":["Strike_B","Defend_B"]},{"damage_healed":0,"gold_gain":0,"cards_transformed":["Strike_B"],"player_choice":"Transformed","damage_taken":0,"max_hp_gain":0,"max_hp_loss":0,"event_name":"Transmorgrifier","floor":13,"gold_loss":0,"cards_obtained":["Go for the Eyes"]}],"is_beta":false,"boss_relics":[],"items_purged_floors":[4],"is_endless":false,"potions_floor_spawned":[12,14],"killed_by":"Slime Boss","ascension_level":15}