{"gold_per_floor":[119,119,139,159,178,178,178],"floor_reached":7,"playtime":261,"items_purged":[],"score":84,"play_id":"0551915a-160e-4ce1-99c9-86f314e2e33e","local_time":"20190615051645","is_ascension_mode":true,"campfire_choices":[{"data":"Glass Knife","floor":6,"key":"SMITH"}],"neow_cost":"NONE","seed_source_timestamp":178661034437815,"circlet_count":0,"master_deck":["AscendersBane","Defend_G","Defend_G","Defend_G","Defend_G","Defend_G","Strike_G","Strike_G","Strike_G","Strike_G","Strike_G","Survivor","Neutralize","Backflip","Footwork","Neutralize","Backflip","Glass Knife+1","Dodge and Roll"],"special_seed":0,"relics":["Ring of the Snake","Dream Catcher"],"potions_floor_usage":[],"damage_taken":[{"damage":16.0,"enemies":"Jaw Worm","floor":1.0,"turns":8.0},{"damage":0,"enemies":"Cultist","floor":3,"turns":4},{"damage":0,"enemies":"2 Louse","floor":4,"turns":2},{"damage":11,"enemies":"Large Slime","floor":5,"turns":9},{"damage":32,"enemies":"The Mushroom Lair","floor":7,"turns":2}],"seed_played":"401367491293090949","potions_obtained":[{"floor":3,"key":"LiquidBronze"}],"is_trial":false,"path_per_floor":["M","?","M","M","M","R","?"],"character_chosen":"THE_SILENT","items_purchased":[],"campfire_rested":0,"item_purchase_floors":[],"current_hp_per_floor":[43,43,43,43,32,32,0],"gold":178,"neow_bonus":"RANDOM_COMMON_RELIC","is_prod":false,"is_daily":false,"chose_seed":false,"campfire_upgraded":1,"win_rate":0,"timestamp":1560547005,"path_taken":["M","?","?","M","M","R","?"],"build_version":"2019-01-23","purchased_purges":0,"victory":false,"max_hp_per_floor":[66,66,66,66,66,66,66],"card_choices":[{"not_picked":["Deadly Poison","Sucker Punch"],"picked":"Backflip","floor":1.0},{"not_picked":["Underhanded Strike","Poisoned Stab"],"picked":"Dodge and Roll","floor":3},{"not_picked":["Deflect","Deadly Poison","Choke"],"picked":"SKIP","floor":4},{"not_picked":["Deadly Poison","Quick Slash","Poisoned Stab"],"picked":"SKIP","floor":5}],"player_experience":690297,"relics_obtained":[],"event_choices":[{"damage_healed":0,"gold_gain":0,"player_choice":"4 cards matched","damage_taken":0,"max_hp_gain":0,"max_hp_loss":0,"event_name":"Match and Keep!","floor":2,"gold_loss":0,"cards_obtained":["Footwork","Neutralize","Backflip","Glass Knife"]},{"damage_healed":0,"gold_gain":0,"player_choice":"Fought Mushrooms","damage_taken":0,"max_hp_gain":0,"max_hp_loss":0,"event_name":"Mushrooms","floor":7,"gold_loss":0}],"is_beta":false,"boss_relics":[],"items_purged_floors":[],"is_endless":false,"potions_floor_spawned":[3],"killed_by":"The Mushroom Lair","ascension_level":19}