{"gold_per_floor":[114,114,64,117,128,128,163,182,182,182,182,198,226,236,236,339,339,339,339,339,264,264,264,189,189,189,189,189,189,189,189,189,189,189,189,189,189,189,189,189,189,189,189,189,189,189,189,189,189,189],"floor_reached":51,"playtime":2669,"items_purged":["Strike_G"],"score":987,"play_id":"24191bf4-f102-4361-96f0-89233e090378","local_time":"20190609010058","is_ascension_mode":false,"campfire_choices":[{"data":"Noxious Fumes","floor":6,"key":"SMITH"},{"data":"Envenom","floor":11,"key":"SMITH"},{"data":"Infinite Blades","floor":15,"key":"SMITH"},{"data":"Die Die Die","floor":25,"key":"SMITH"},{"floor":30,"key":"REST"},{"floor":32,"key":"REST"},{"data":"Footwork","floor":42,"key":"SMITH"},{"floor":44,"key":"REST"},{"data":"After Image","floor":47,"key":"SMITH"},{"data":"Survivor","floor":49,"key":"SMITH"}],"neow_cost":"NONE","seed_source_timestamp":2149969010529989,"circlet_count":0,"master_deck":["Defend_G","Defend_G+1","Defend_G","Defend_G","Defend_G","Strike_G","Strike_G","Survivor+1","Neutralize+1","Noxious Fumes+1","Envenom+1","Infinite Blades+1","Blade Dance+1","Blade Dance+1","Die Die Die+1","Cloak And Dagger+1","Cloak And Dagger+1","Blur+1","Burst+1","Finisher+1","After Image+1","Footwork+1","Infinite Blades+1"],"relics":["Ring of the Snake","NeowsBlessing","Bag of Preparation","Toxic Egg 2","Ancient Tea Set","Ginger","Ectoplasm","Strawberry","Shuriken","Blood Vial","MutagenicStrength","Snake Skull","WristBlade","Centennial Puzzle","Pen Nib","Pear","Juzu Bracelet"],"potions_floor_usage":[23,37],"damage_taken":[{"damage":0,"enemies":"Cultist","floor":1,"turns":1},{"damage":0,"enemies":"Jaw Worm","floor":5,"turns":1},{"damage":0,"enemies":"Gremlin Nob","floor":7,"turns":1},{"damage":0,"enemies":"Small Slimes","floor":8,"turns":3},{"damage":2,"enemies":"Exordium Thugs","floor":12,"turns":5},{"damage":15,"enemies":"Lagavulin","floor":13,"turns":6},{"damage":7,"enemies":"Looter","floor":14,"turns":3},{"damage":0,"enemies":"Slime Boss","floor":16,"turns":6},{"damage":0,"enemies":"Shell Parasite","floor":18,"turns":6},{"damage":0,"enemies":"Chosen","floor":20,"turns":4},{"damage":12,"enemies":"Centurion and Healer","floor":22,"turns":5},{"damage":18,"enemies":"Book of Stabbing","floor":23,"turns":5},{"damage":0,"enemies":"Cultist and Chosen","floor":27,"turns":4},{"damage":27,"enemies":"Slavers","floor":29,"turns":5},{"damage":0,"enemies":"Snake Plant","floor":31,"turns":3},{"damage":0,"enemies":"Automaton","floor":33,"turns":6},{"damage":0,"enemies":"3 Darklings","floor":35,"turns":4},{"damage":0,"enemies":"3 Shapes","floor":37,"turns":2},{"damage":0,"enemies":"3 Darklings","floor":38,"turns":3},{"damage":12,"enemies":"Jaw Worm Horde","floor":39,"turns":3},{"damage":27,"enemies":"Nemesis","floor":40,"turns":5},{"damage":0,"enemies":"Sphere and 2 Shapes","floor":41,"turns":2},{"damage":4,"enemies":"4 Shapes","floor":45,"turns":2},{"damage":0,"enemies":"Reptomancer","floor":46,"turns":5},{"damage":0,"enemies":"Giant Head","floor":48,"turns":5},{"damage":20,"enemies":"Donu and Deca","floor":50,"turns":6}],"seed_played":"-2916347181385666048","potions_obtained":[{"floor":7,"key":"Energy Potion"},{"floor":13,"key":"Fire Potion"},{"floor":14,"key":"Strength Potion"},{"floor":27,"key":"Swift Potion"},{"floor":38,"key":"Fire Potion"}],"is_trial":false,"path_per_floor":["M","?","?","T","M","R","E","M","T","?","R","M","E","M","R","B",null,"M","?","M","$","M","E","?","R","T","M","?","E","R","M","R","B",null,"M","?","M","M","M","E","M","R","T","R","M","E","R","E","R","B",null],"character_chosen":"THE_SILENT","items_purchased":[],"campfire_rested":3,"item_purchase_floors":[],"current_hp_per_floor":[70,56,56,56,56,56,56,56,56,56,56,54,39,32,32,32,70,70,77,77,77,65,47,47,47,47,49,49,24,47,49,72,74,77,77,77,77,77,65,40,42,42,42,65,63,75,75,77,77,59],"gold":189,"neow_bonus":"THREE_ENEMY_KILL","is_prod":false,"is_daily":false,"chose_seed":false,"campfire_upgraded":7,"win_rate":0,"timestamp":1560013258,"path_taken":["M","?","?","?","M","R","E","M","T","?","R","M","E","M","R","BOSS","M","?","M","$","M","E","?","R","T","M","?","E","R","M","R","BOSS","M","?","?","M","M","E","M","R","T","R","M","E","R","E","R","BOSS"],"build_version":"2019-01-23","purchased_purges":1,"victory":true,"max_hp_per_floor":[70,70,70,70,70,70,70,70,70,70,70,70,70,70,70,70,70,70,77,77,77,77,77,77,77,77,77,77,77,77,77,77,77,77,77,77,77,77,77,77,77,77,77,77,77,87,87,87,87,87],"card_choices":[{"not_picked":["Sucker Punch","Predator"],"picked":"Noxious Fumes","floor":1},{"not_picked":["Concentrate","Prepared","Crippling Poison"],"picked":"SKIP","floor":5},{"not_picked":["Masterful Stab","Acrobatics"],"picked":"Envenom","floor":7},{"not_picked":["Dagger Spray","Quick Slash"],"picked":"Infinite Blades","floor":8},{"not_picked":["Acrobatics+1","Dodge and Roll+1"],"picked":"Blade Dance+1","floor":12},{"not_picked":["Backstab","Terror+1"],"picked":"Blade Dance+1","floor":13},{"not_picked":["Setup+1","Acrobatics+1","PiercingWail+1"],"picked":"SKIP","floor":14},{"not_picked":["Unload","Bullet Time+1"],"picked":"Die Die Die","floor":16},{"not_picked":["Reflex+1","Tactician+1","Bane"],"picked":"SKIP","floor":18},{"not_picked":["Prepared+1","Slice"],"picked":"Cloak And Dagger+1","floor":20},{"not_picked":["Deflect+1","PiercingWail+1"],"picked":"Cloak And Dagger+1","floor":22},{"not_picked":["Quick Slash+1","PiercingWail+1"],"picked":"Blur+1","floor":23},{"not_picked":["Dash","Dodge and Roll+1"],"picked":"Burst+1","floor":27},{"not_picked":["Quick Slash","Calculated Gamble+1"],"picked":"Finisher+1","floor":29},{"not_picked":["Reflex+1","Cloak And Dagger+1","Prepared+1"],"picked":"SKIP","floor":31},{"not_picked":["Grand Finale","Unload"],"picked":"After Image","floor":33},{"not_picked":["Dagger Spray","Sucker Punch+1","Cloak And Dagger+1"],"picked":"SKIP","floor":35},{"not_picked":["Finisher","Sucker Punch+1","Blade Dance+1"],"picked":"SKIP","floor":37},{"not_picked":["Heel Hook","Cloak And Dagger+1","Bane"],"picked":"SKIP","floor":38},{"not_picked":["Deadly Poison+1","Doppelganger+1"],"picked":"Footwork","floor":39},{"not_picked":["Acrobatics+1","Endless Agony"],"picked":"Infinite Blades+1","floor":40},{"not_picked":["Outmaneuver+1","Deadly Poison+1","Concentrate+1"],"picked":"SKIP","floor":41},{"not_picked":["Endless Agony+1","Poisoned Stab+1","Crippling Poison+1"],"picked":"SKIP","floor":45},{"not_picked":["Dagger Throw+1","Poisoned Stab","Noxious Fumes"],"picked":"SKIP","floor":46},{"not_picked":["Backflip+1","Prepared+1","Crippling Poison+1"],"picked":"SKIP","floor":48}],"player_experience":171219,"relics_obtained":[{"floor":4,"key":"Bag of Preparation"},{"floor":7,"key":"Toxic Egg 2"},{"floor":9,"key":"Ancient Tea Set"},{"floor":13,"key":"Ginger"},{"floor":23,"key":"Shuriken"},{"floor":26,"key":"Blood Vial"},{"floor":29,"key":"Snake Skull"},{"floor":40,"key":"Centennial Puzzle"},{"floor":43,"key":"Pen Nib"},{"floor":46,"key":"Pear"},{"floor":48,"key":"Juzu Bracelet"}],"event_choices":[{"damage_healed":0,"gold_gain":0,"player_choice":"Entered Light","damage_taken":14,"max_hp_gain":0,"max_hp_loss":0,"event_name":"Shining Light","floor":2,"gold_loss":0,"cards_upgraded":["Defend_G","Neutralize"]},{"cards_removed":["Strike_G"],"damage_healed":0,"gold_gain":0,"player_choice":"Card Removal","damage_taken":0,"max_hp_gain":0,"max_hp_loss":0,"event_name":"The Cleric","floor":3,"gold_loss":50},{"damage_healed":0,"gold_gain":0,"player_choice":"Ignored","damage_taken":0,"max_hp_gain":0,"max_hp_loss":0,"event_name":"NoteForYourself","floor":10,"gold_loss":0},{"damage_healed":0,"gold_gain":0,"player_choice":"Opened","damage_taken":0,"relics_obtained":["Strawberry"],"max_hp_gain":0,"max_hp_loss":0,"event_name":"The Mausoleum","floor":19,"gold_loss":0,"cards_obtained":["Writhe"]},{"cards_removed":["Strike_G"],"damage_healed":0,"gold_gain":0,"player_choice":"Gave Gold","damage_taken":0,"max_hp_gain":0,"max_hp_loss":0,"event_name":"Beggar","floor":24,"gold_loss":75},{"damage_healed":0,"gold_gain":0,"player_choice":"Inject Mutagens","damage_taken":0,"relics_obtained":["MutagenicStrength"],"max_hp_gain":0,"max_hp_loss":0,"event_name":"Drug Dealer","floor":28,"gold_loss":0},{"cards_removed":["Writhe"],"damage_healed":0,"gold_gain":0,"player_choice":"Removed Curses","damage_taken":0,"max_hp_gain":0,"max_hp_loss":0,"event_name":"Fountain of Cleansing","floor":36,"gold_loss":0}],"is_beta":false,"boss_relics":[{"not_picked":["White Beast Statue","Snecko Eye"],"picked":"Ectoplasm"},{"not_picked":["Black Star","Calling Bell"],"picked":"WristBlade"}],"items_purged_floors":[21],"is_endless":false,"potions_floor_spawned":[7,13,14,20,27,31,33,35,38,41],"ascension_level":0}