{"gold_per_floor":[112,124,142,162,162,182,182,195,195,229,229,229,247,261,261,361,361,372,372,389,400,91,91,125,143,143,143,155,182,192,205,205,308,308,323,43,43,63,63,97,97,97,127,127,146,166,184,184,184,184],"floor_reached":50,"playtime":4214,"items_purged":["Shame","Regret"],"score":595,"play_id":"ff1a465d-327a-4ea6-a690-2cb46cf57bbb","local_time":"20180829165858","is_ascension_mode":false,"campfire_choices":[{"floor":7,"key":"REST"},{"floor":12,"key":"REST"},{"floor":15,"key":"REST"},{"floor":23,"key":"REST"},{"floor":27,"key":"REST"},{"floor":32,"key":"REST"},{"floor":44,"key":"REST"},{"floor":49,"key":"REST"}],"neow_cost":"NONE","seed_source_timestamp":1247765245067228,"circlet_count":0,"master_deck":["Strike_R","Strike_R","Strike_R","Strike_R","Defend_R","Defend_R+1","Defend_R+1","Defend_R","Bloodletting","Battle Trance","Cleave","Sword Boomerang","Double Tap","Rampage","Combust","Flex","Feed","Heavy Blade","Intimidate+1","True Grit+1","Reaper","Impervious+1","Regret","Parasite","Fire Breathing+1","Limit Break+1","Pommel Strike+1","Armaments+1","Rupture","Shockwave+1","Brutality","Iron Wave+1","Rupture","Intimidate+1","Corruption+1","Perfected Strike","Flex+1","Rampage+1","Limit Break+1","Power Through+1","Metamorphosis+1","Body Slam","Thunderclap+1","Intimidate+1","Writhe","Rampage","Flex+1","Ghostly Armor+1","Infernal Blade+1","Body Slam+1"],"relics":["Burning Blood","Dream Catcher","Toxic Egg 2","Paper Frog","Calling Bell","Boot","Letter Opener","Thread and Needle","Strange Spoon","Self Forming Clay","Nunchaku","Ginger","Mark of Pain","Sundial","Champion Belt","Red Skull","Tiny Chest"],"potions_floor_usage":[10,10,10,16,16,21,25,28,33,33,50,50],"damage_taken":[{"damage":1,"enemies":"Cultist","floor":1,"turns":3},{"damage":12,"enemies":"Small Slimes","floor":2,"turns":5},{"damage":13,"enemies":"Jaw Worm","floor":3,"turns":3},{"damage":18,"enemies":"Exordium Thugs","floor":4,"turns":5},{"damage":12,"enemies":"Large Slime","floor":6,"turns":5},{"damage":17,"enemies":"Exordium Wildlife","floor":8,"turns":3},{"damage":35,"enemies":"Gremlin Nob","floor":10,"turns":4},{"damage":7,"enemies":"Blue Slaver","floor":13,"turns":3},{"damage":22,"enemies":"Exordium Thugs","floor":14,"turns":5},{"damage":35,"enemies":"The Guardian","floor":16,"turns":11},{"damage":37,"enemies":"3 Byrds","floor":18,"turns":4},{"damage":24,"enemies":"Shell Parasite","floor":20,"turns":8},{"damage":22,"enemies":"Snake Plant","floor":21,"turns":4},{"damage":15,"enemies":"Gremlin Leader","floor":24,"turns":7},{"damage":35,"enemies":"Centurion and Healer","floor":25,"turns":7},{"damage":21,"enemies":"Snecko","floor":28,"turns":7},{"damage":35,"enemies":"Slavers","floor":29,"turns":5},{"damage":14,"enemies":"Snake Plant","floor":30,"turns":4},{"damage":11,"enemies":"Centurion and Healer","floor":31,"turns":6},{"damage":44,"enemies":"Champ","floor":33,"turns":8},{"damage":10,"enemies":"3 Shapes","floor":35,"turns":3},{"damage":19,"enemies":"Orb Walker","floor":38,"turns":3},{"damage":23,"enemies":"Mind Bloom Boss Battle","floor":39,"turns":9},{"damage":70,"enemies":"2 Orb Walkers","floor":40,"turns":6},{"damage":39,"enemies":"Spire Growth","floor":45,"turns":6},{"damage":11,"enemies":"Maw","floor":46,"turns":6},{"damage":29,"enemies":"Flame Bruiser 2 Orb","floor":47,"turns":6},{"damage":82,"enemies":"Donu and Deca","floor":50,"turns":6}],"seed_played":"-6638840278624736144","potions_obtained":[{"floor":1,"key":"EntropicBrew"},{"floor":6,"key":"EssenceOfSteel"},{"floor":10,"key":"Dexterity Potion"},{"floor":16,"key":"SkillPotion"},{"floor":21,"key":"Regen Potion"},{"floor":24,"key":"Regen Potion"},{"floor":28,"key":"AttackPotion"},{"floor":29,"key":"GamblersBrew"},{"floor":30,"key":"Dexterity Potion"},{"floor":38,"key":"FearPotion"},{"floor":47,"key":"Ancient Potion"}],"is_trial":false,"path_per_floor":["M","M","M","M","?","M","R","M","T","E","?","R","M","M","R","B",null,"M","?","M","M","$","R","E","M","T","R","M","E","M","M","R","B",null,"M","$","T","M","?","E","?","?","T","R","M","M","M","?","R"],"character_chosen":"IRONCLAD","items_purchased":["Rupture","Strange Spoon","Metamorphosis+1"],"campfire_rested":8,"item_purchase_floors":[22,22,36],"current_hp_per_floor":[80,74,67,55,55,49,73,62,62,33,17,41,43,30,55,30,86,64,64,46,30,30,56,57,50,50,76,83,82,74,69,92,70,92,88,88,88,82,65,14,38,38,38,66,33,42,40,40,69,0],"gold":184,"neow_bonus":"TRANSFORM_CARD","is_prod":false,"is_daily":false,"chose_seed":false,"campfire_upgraded":0,"win_rate":0.0,"timestamp":1535576338,"path_taken":["M","M","?","M","?","M","R","M","T","E","?","R","?","M","R","BOSS","M","?","M","M","$","R","E","M","T","R","M","E","M","M","R","BOSS","M","?","?","M","?","E","?","?","T","R","?","?","M","?","R","BOSS"],"build_version":"2018-08-23v2","purchased_purges":2,"victory":false,"max_hp_per_floor":[80,80,80,80,80,80,80,80,80,80,80,80,83,86,86,86,86,89,89,89,89,89,89,89,89,89,89,89,92,92,92,92,92,92,92,92,92,95,95,95,95,95,95,95,95,98,98,98,98,98],"card_choices":[{"not_picked":["Reckless Charge","Sword Boomerang"],"picked":"Battle Trance","floor":1},{"not_picked":["Armaments","Anger"],"picked":"Cleave","floor":2},{"not_picked":["True Grit","Body Slam"],"picked":"Sword Boomerang","floor":3},{"not_picked":["Rupture","Flame Barrier"],"picked":"Double Tap","floor":4},{"not_picked":["Clothesline","Sword Boomerang"],"picked":"Rampage","floor":6},{"not_picked":["Carnage","Shrug It Off"],"picked":"Combust","floor":7},{"not_picked":["Twin Strike","Headbutt"],"picked":"Flex","floor":8},{"not_picked":["Demon Form","Thunderclap"],"picked":"Feed","floor":10},{"not_picked":["Clash","Iron Wave"],"picked":"Heavy Blade","floor":12},{"not_picked":["Headbutt","Anger"],"picked":"Intimidate+1","floor":13},{"not_picked":["Perfected Strike","Cleave"],"picked":"True Grit+1","floor":14},{"not_picked":["Pommel Strike","Cleave"],"picked":"Reaper","floor":15},{"not_picked":["Reaper","Brutality"],"picked":"Impervious+1","floor":16},{"not_picked":["Clothesline+1","Flex+1"],"picked":"Fire Breathing+1","floor":18},{"not_picked":["Clash","Perfected Strike"],"picked":"Pommel Strike+1","floor":20},{"not_picked":["Headbutt","Ghostly Armor+1"],"picked":"Armaments+1","floor":21},{"not_picked":["True Grit+1","Cleave+1"],"picked":"Shockwave+1","floor":23},{"not_picked":["Clash","Feel No Pain"],"picked":"Brutality","floor":24},{"not_picked":["Clothesline","Ghostly Armor+1"],"picked":"Iron Wave+1","floor":25},{"not_picked":["Sever Soul","Sword Boomerang+1"],"picked":"Rupture","floor":27},{"not_picked":["Body Slam","Thunderclap"],"picked":"Intimidate+1","floor":28},{"not_picked":["Clash","Brutality"],"picked":"Corruption+1","floor":29},{"not_picked":["Cleave","Clash"],"picked":"Perfected Strike","floor":30},{"not_picked":["Pommel Strike","True Grit+1"],"picked":"Flex+1","floor":31},{"not_picked":["Cleave","Sword Boomerang+1"],"picked":"Rampage+1","floor":32},{"not_picked":["Fiend Fire","Brutality"],"picked":"Limit Break+1","floor":33},{"not_picked":["Iron Wave+1","Clash"],"picked":"Power Through+1","floor":35},{"not_picked":["Iron Wave+1","Headbutt+1"],"picked":"Body Slam","floor":38},{"not_picked":["Dropkick","Clash"],"picked":"Thunderclap+1","floor":39},{"not_picked":["Armaments+1","Feel No Pain+1"],"picked":"Intimidate+1","floor":40},{"not_picked":["Twin Strike","Fire Breathing"],"picked":"Rampage","floor":44},{"not_picked":["Armaments+1","Body Slam"],"picked":"Flex+1","floor":45},{"not_picked":["Pommel Strike+1","Clothesline+1"],"picked":"Ghostly Armor+1","floor":46},{"not_picked":["Uppercut","Flex+1"],"picked":"Infernal Blade+1","floor":47},{"not_picked":["Perfected Strike+1","Clothesline+1"],"picked":"Body Slam+1","floor":49}],"player_experience":100645,"relics_obtained":[{"floor":9,"key":"Toxic Egg 2"},{"floor":10,"key":"Paper Frog"},{"floor":17,"key":"Boot"},{"floor":17,"key":"Letter Opener"},{"floor":17,"key":"Thread and Needle"},{"floor":24,"key":"Self Forming Clay"},{"floor":26,"key":"Nunchaku"},{"floor":29,"key":"Ginger"},{"floor":37,"key":"Sundial"},{"floor":39,"key":"Champion Belt"},{"floor":40,"key":"Red Skull"},{"floor":43,"key":"Tiny Chest"}],"event_choices":[{"event_name":"Big Fish","player_choice":"Box","floor":5,"damage_taken":0},{"event_name":"Shining Light","player_choice":"Entered Light","floor":11,"damage_taken":0},{"event_name":"The Library","player_choice":"Read","floor":19,"damage_taken":0},{"event_name":"MindBloom","player_choice":"Fight","floor":39,"damage_taken":0},{"event_name":"Winding Halls","player_choice":"Writhe","floor":41,"damage_taken":0},{"event_name":"Falling","player_choice":"Removed Attack","floor":42,"damage_taken":0},{"event_name":"Mysterious Sphere","player_choice":"Ignore","floor":48,"damage_taken":0}],"is_beta":false,"boss_relics":[{"not_picked":["Lizard Tail","Velvet Choker"],"picked":"Calling Bell"},{"not_picked":["Empty Cage","Astrolabe"],"picked":"Mark of Pain"}],"items_purged_floors":[22,36],"is_endless":false,"potions_floor_spawned":[1,6,10,16,21,24,28,29,30,38,47],"killed_by":"Donu and Deca","ascension_level":0}