{"gold_per_floor":[13,13,23,40,56,56,119,136,136,136,155,330,330,356,356,451,451,462,481,491,501,30,58,58,75,128,144,156,156,175,202,202,305,305,318,418,418,418,434,434],"floor_reached":40,"playtime":2180,"items_purged":["Strike_B"],"score":442,"play_id":"0ea686d1-f564-4cee-8639-0f0811c05c29","local_time":"20181229231213","is_ascension_mode":false,"campfire_choices":[{"data":"Barrage","floor":6,"key":"SMITH"},{"floor":10,"key":"REST"},{"data":"Zap","floor":15,"key":"SMITH"},{"floor":24,"key":"REST"},{"floor":29,"key":"REST"},{"floor":32,"key":"REST"}],"neow_cost":"NO_GOLD","seed_source_timestamp":613352826823149,"circlet_count":0,"master_deck":["Strike_B","Strike_B","Strike_B","Defend_B","Defend_B","Defend_B","Defend_B","Zap+1","Dualcast","Echo Form","Capacitor","Conserve Battery","Capacitor","Barrage+1","Coolheaded","Seek","Ball Lightning","Rainbow+1","Defragment","Coolheaded+1","Chill","Storm+1","Tempest+1","Conserve Battery+1","Undo+1","Creative AI+1","Storm+1","Self Repair+1","Capacitor+1"],"relics":["Cracked Core","Tiny Chest","Sundial","Mummified Hand","Fusion Hammer","Frozen Egg 2","Bottled Flame","Potion Belt","Question Card","Snecko Eye","Torii","Molten Egg 2"],"potions_floor_usage":[5,7,7,16,19,20,23,23,25,28,30],"damage_taken":[{"damage":6,"enemies":"Cultist","floor":1,"turns":3},{"damage":15,"enemies":"Jaw Worm","floor":3,"turns":4},{"damage":0,"enemies":"2 Louse","floor":4,"turns":3},{"damage":4,"enemies":"Large Slime","floor":5,"turns":7},{"damage":17,"enemies":"3 Sentries","floor":7,"turns":7},{"damage":12,"enemies":"Blue Slaver","floor":8,"turns":4},{"damage":1,"enemies":"2 Fungi Beasts","floor":11,"turns":3},{"damage":8,"enemies":"Lagavulin","floor":14,"turns":7},{"damage":19,"enemies":"The Guardian","floor":16,"turns":10},{"damage":14,"enemies":"2 Thieves","floor":18,"turns":4},{"damage":0,"enemies":"Chosen","floor":19,"turns":4},{"damage":8,"enemies":"Snake Plant","floor":20,"turns":5},{"damage":12,"enemies":"Snecko","floor":21,"turns":5},{"damage":50,"enemies":"Slavers","floor":23,"turns":4},{"damage":6,"enemies":"Centurion and Healer","floor":25,"turns":4},{"damage":9,"enemies":"Snake Plant","floor":27,"turns":3},{"damage":0,"enemies":"Cultist and Chosen","floor":28,"turns":6},{"damage":4,"enemies":"3 Cultists","floor":30,"turns":5},{"damage":21,"enemies":"Gremlin Leader","floor":31,"turns":5},{"damage":33,"enemies":"Automaton","floor":33,"turns":9},{"damage":18,"enemies":"3 Darklings","floor":35,"turns":3},{"damage":0,"enemies":"Mind Bloom Boss Battle","floor":36,"turns":2},{"damage":26,"enemies":"3 Shapes","floor":39,"turns":4},{"damage":59,"enemies":"Reptomancer","floor":40,"turns":5}],"seed_played":"-7668840476745077843","potions_obtained":[{"floor":1,"key":"EssenceOfSteel"},{"floor":3,"key":"Block Potion"},{"floor":4,"key":"Fire Potion"},{"floor":11,"key":"Block Potion"},{"floor":14,"key":"Regen Potion"},{"floor":18,"key":"Ancient Potion"},{"floor":21,"key":"PowerPotion"},{"floor":23,"key":"Poison Potion"},{"floor":27,"key":"SkillPotion"},{"floor":28,"key":"Regen Potion"},{"floor":36,"key":"FearPotion"}],"is_trial":false,"path_per_floor":["M","$","M","M","M","R","E","M","T","R","M","?","?","E","R","B",null,"M","M","M","M","$","E","R","M","T","M","M","R","M","E","R","B",null,"M","?","T","?","M","E"],"character_chosen":"DEFECT","items_purchased":["Frozen Egg 2","Storm+1","Regen Potion"],"campfire_rested":4,"item_purchase_floors":[22,22,22],"current_hp_per_floor":[69,69,54,54,50,50,33,21,21,43,42,42,42,34,34,30,75,61,61,53,41,41,3,25,19,19,10,10,32,42,21,43,10,75,57,57,57,57,41,0],"gold":434,"neow_bonus":"THREE_RARE_CARDS","is_prod":false,"is_daily":false,"chose_seed":false,"campfire_upgraded":2,"win_rate":0.0,"timestamp":1546153933,"path_taken":["M","?","M","M","M","R","E","M","T","R","M","?","?","E","R","BOSS","M","M","M","M","$","E","R","M","T","M","M","R","M","E","R","BOSS","M","?","?","?","?","E"],"build_version":"2018-12-20","purchased_purges":1,"victory":false,"max_hp_per_floor":[75,75,75,75,75,75,75,75,75,75,75,75,75,75,75,75,75,75,75,75,75,75,75,75,75,75,75,75,75,75,75,75,75,75,75,75,75,75,75,75],"card_choices":[{"not_picked":["Rainbow","Reboot"],"picked":"Echo Form","floor":0},{"not_picked":["Gash","Ball Lightning"],"picked":"Capacitor","floor":1},{"not_picked":["Aggregate","Cold Snap"],"picked":"Conserve Battery","floor":3},{"not_picked":["Beam Cell","Melter"],"picked":"Capacitor","floor":4},{"not_picked":["Redo","Steam"],"picked":"Barrage","floor":5},{"not_picked":["Beam Cell","Blizzard"],"picked":"Coolheaded","floor":7},{"not_picked":["Rebound","Barrage"],"picked":"Seek","floor":8},{"not_picked":["Turbo","Steam","Reinforced Body"],"picked":"SKIP","floor":11},{"not_picked":["Reinforced Body","Recycle"],"picked":"Ball Lightning","floor":14},{"not_picked":["Thunder Strike","Hyperbeam"],"picked":"Rainbow","floor":16},{"not_picked":["Genetic Algorithm","Hologram"],"picked":"Defragment","floor":18},{"not_picked":["Leap","Scrape","Aggregate"],"picked":"SKIP","floor":19},{"not_picked":["Coolheaded+1","Genetic Algorithm","Echo Form"],"picked":"SKIP","floor":20},{"not_picked":["Genetic Algorithm","Echo Form"],"picked":"Coolheaded+1","floor":20},{"not_picked":["Cold Snap","FTL"],"picked":"Chill","floor":21},{"not_picked":["Force Field+1","Reinforced Body+1","Beam Cell"],"picked":"SKIP","floor":23},{"not_picked":["Compile Driver","Coolheaded"],"picked":"Tempest+1","floor":25},{"not_picked":["Turbo","Barrage"],"picked":"Conserve Battery+1","floor":27},{"not_picked":["Stack+1","Ball Lightning"],"picked":"Undo+1","floor":28},{"not_picked":["Sunder","Lockon","Force Field"],"picked":"SKIP","floor":30},{"not_picked":["Rip and Tear+1","Streamline","Recycle"],"picked":"SKIP","floor":31},{"not_picked":["Hyperbeam","Amplify","Fission"],"picked":"Creative AI+1","floor":33},{"not_picked":["Auto Shields","Doom and Gloom+1","Undo"],"picked":"Storm+1","floor":35},{"not_picked":["Redo","Hologram+1","Go for the Eyes+1"],"picked":"Self Repair+1","floor":36},{"not_picked":["Gash+1","Go for the Eyes+1","Ball Lightning+1"],"picked":"Capacitor+1","floor":39}],"player_experience":292669,"relics_obtained":[{"floor":7,"key":"Tiny Chest"},{"floor":9,"key":"Sundial"},{"floor":14,"key":"Mummified Hand"},{"floor":23,"key":"Bottled Flame"},{"floor":26,"key":"Potion Belt"},{"floor":31,"key":"Question Card"},{"floor":36,"key":"Torii"},{"floor":37,"key":"Molten Egg 2"}],"event_choices":[{"damage_healed":0,"gold_gain":175,"player_choice":"AGREE","damage_taken":0,"max_hp_gain":0,"max_hp_loss":0,"event_name":"Liars Game","floor":12,"gold_loss":0,"cards_obtained":["Doubt"]},{"cards_removed":["Doubt"],"damage_healed":0,"gold_gain":0,"player_choice":"Forget","damage_taken":0,"max_hp_gain":0,"max_hp_loss":0,"event_name":"Living Wall","floor":13,"gold_loss":0},{"damage_healed":0,"gold_gain":0,"player_choice":"Fight","damage_taken":0,"max_hp_gain":0,"max_hp_loss":0,"event_name":"MindBloom","floor":36,"gold_loss":0},{"damage_healed":0,"gold_gain":0,"player_choice":"Forge","damage_taken":0,"max_hp_gain":0,"max_hp_loss":0,"event_name":"Accursed Blacksmith","floor":38,"gold_loss":0,"cards_upgraded":["Rainbow"]}],"is_beta":false,"boss_relics":[{"not_picked":["Pandora\u0027s Box","Cursed Key"],"picked":"Fusion Hammer"},{"not_picked":["Runic Dome","Sozu"],"picked":"Snecko Eye"}],"items_purged_floors":[22],"is_endless":false,"potions_floor_spawned":[1,3,4,11,14,18,21,23,27,28,36],"killed_by":"Reptomancer","ascension_level":0}