{"gold_per_floor":[113,6,6,6,20,20,54,66,78,90,120,162,174,206,218,303,315,342,133,147,72,90,90,90],"floor_reached":24,"playtime":963,"items_purged":["Strike_R"],"score":483,"play_id":"d35e3837-5aa8-4f6d-8316-6e4c661e7d19","local_time":"20190521200821","is_ascension_mode":true,"campfire_choices":[{"data":"Carnage","floor":6,"key":"SMITH"},{"data":"Clothesline","floor":8,"key":"SMITH"},{"data":"Bash","floor":13,"key":"SMITH"},{"data":"Metallicize","floor":15,"key":"SMITH"},{"data":"Metallicize","floor":23,"key":"SMITH"}],"neow_cost":"NONE","seed_source_timestamp":78204142018900,"circlet_count":0,"master_deck":["AscendersBane","Strike_R","Strike_R","Strike_R","Strike_R","Defend_R","Defend_R","Defend_R","Defend_R","Bash+1","Clothesline+1","Dropkick","Shrug It Off","Metallicize+1","Carnage+1","Armaments+1","Warcry+1","Limit Break+1","Shrug It Off+1","Apotheosis+1","Metallicize+1"],"relics":["Burning Blood","Toxic Egg 2","MawBank","Strawberry","Mummified Hand","Velvet Choker"],"potions_floor_usage":[12,16,16],"damage_taken":[{"damage":5,"enemies":"Cultist","floor":1,"turns":4},{"damage":0,"enemies":"Small Slimes","floor":5,"turns":3},{"damage":19,"enemies":"3 Sentries","floor":7,"turns":8},{"damage":4,"enemies":"Jaw Worm","floor":11,"turns":2},{"damage":24,"enemies":"Gremlin Nob","floor":12,"turns":4},{"damage":24,"enemies":"Lots of Slimes","floor":14,"turns":6},{"damage":0,"enemies":"Hexaghost","floor":16,"turns":8},{"damage":9,"enemies":"Chosen","floor":18,"turns":5},{"damage":24,"enemies":"Shell Parasite","floor":20,"turns":6},{"damage":14,"enemies":"Snecko","floor":22,"turns":6},{"damage":49,"enemies":"Slavers","floor":24,"turns":5}],"seed_played":"7708771876889921487","potions_obtained":[{"floor":1,"key":"SpeedPotion"},{"floor":5,"key":"Fire Potion"},{"floor":10,"key":"Strength Potion"},{"floor":14,"key":"PowerPotion"}],"is_trial":false,"path_per_floor":["M","$","T","?","M","R","E","R","T","?","M","E","R","M","R","B",null,"M","$","M","$","M","R","E"],"character_chosen":"IRONCLAD","items_purchased":["Shrug It Off","Metallicize","Apotheosis+1","Metallicize"],"campfire_rested":0,"item_purchase_floors":[2,2,19,19],"current_hp_per_floor":[69,69,69,74,80,80,67,67,74,74,76,58,58,40,40,46,77,74,74,56,56,48,48,0],"gold":90,"neow_bonus":"THREE_CARDS","is_prod":false,"is_daily":false,"chose_seed":false,"campfire_upgraded":5,"win_rate":0,"timestamp":1558483701,"path_taken":["M","$","?","?","M","R","E","R","T","?","M","E","R","M","R","BOSS","M","$","M","$","M","R","E"],"build_version":"2019-01-23","purchased_purges":1,"victory":false,"max_hp_per_floor":[75,75,75,80,80,80,80,80,87,87,87,87,87,87,87,87,87,87,87,87,87,87,87,87],"card_choices":[{"not_picked":["Thunderclap","Havoc"],"picked":"Clothesline","floor":0},{"not_picked":["Burning Pact","Havoc"],"picked":"Dropkick","floor":1},{"not_picked":["Pommel Strike","Flex+1"],"picked":"Carnage","floor":5},{"not_picked":["Flex+1","Blood for Blood","Exhume+1"],"picked":"SKIP","floor":7},{"not_picked":["Havoc+1","Anger"],"picked":"Armaments+1","floor":11},{"not_picked":["Twin Strike","Anger"],"picked":"Warcry+1","floor":12},{"not_picked":["Hemokinesis","Clothesline","Body Slam"],"picked":"SKIP","floor":14},{"not_picked":["Dark Embrace","Barricade"],"picked":"Limit Break+1","floor":16},{"not_picked":["Cleave","Sentinel+1"],"picked":"Shrug It Off+1","floor":18},{"not_picked":["Havoc+1","Cleave","Power Through+1"],"picked":"SKIP","floor":20},{"not_picked":["Perfected Strike","Reckless Charge","Thunderclap"],"picked":"SKIP","floor":22}],"player_experience":464251,"relics_obtained":[{"floor":3,"key":"Toxic Egg 2"},{"floor":7,"key":"MawBank"},{"floor":9,"key":"Strawberry"},{"floor":12,"key":"Mummified Hand"}],"event_choices":[{"damage_healed":0,"gold_gain":0,"player_choice":"Donut","damage_taken":0,"max_hp_gain":5,"max_hp_loss":0,"event_name":"Big Fish","floor":4,"gold_loss":0},{"damage_healed":0,"gold_gain":0,"player_choice":"Got Potions","damage_taken":0,"max_hp_gain":0,"max_hp_loss":0,"event_name":"Lab","floor":10,"gold_loss":0}],"is_beta":false,"boss_relics":[{"not_picked":["Runic Dome","Ectoplasm"],"picked":"Velvet Choker"}],"items_purged_floors":[21],"is_endless":false,"potions_floor_spawned":[1,5,14],"killed_by":"Slavers","ascension_level":18}