{"path_per_floor":["M","M","?","$","M","E","R","?","T","R","M","T","M","E","R","B",null,"M","M","$","M","M","E","R","E","T","E","R","?","T","?","R","B",null,"M","$","?","$","?","E","M","E","T","M","E","?","E","?","R","B"],"character_chosen":"DEFECT","items_purchased":["Compile Driver","Glacier","Energy Potion","Pen Nib","Loop","Compile Driver","Skim+1","Loop","Whetstone"],"gold_per_floor":[141,158,158,21,35,69,69,69,69,69,80,80,98,127,127,231,231,248,262,42,56,76,105,105,137,161,189,189,189,214,214,214,319,319,331,26,26,26,77,103,117,151,151,168,203,0,35,35,35,35],"floor_reached":51,"campfire_rested":2,"playtime":3944,"item_purchase_floors":[4,4,4,20,20,36,36,36,36],"current_hp_per_floor":[68,65,50,50,50,38,38,43,43,43,40,40,31,31,55,39,80,80,80,80,51,41,41,41,41,41,41,41,41,41,26,66,30,85,85,85,77,77,77,77,77,84,84,84,84,84,85,74,74,74],"items_purged":[],"gold":35,"score":1349,"play_id":"a5128aa3-84c0-4fe8-be08-0d3ea4706105","local_time":"20180615105219","is_prod":false,"is_daily":false,"chose_seed":false,"is_ascension_mode":true,"campfire_upgraded":4,"win_rate":0,"timestamp":1529031139,"campfire_choices":[{"data":"Genetic Algorithm","floor":7,"key":"SMITH"},{"data":"Zap","floor":10,"key":"SMITH"},{"floor":15,"key":"REST"},{"data":"Loop","floor":24,"key":"SMITH"},{"data":"Streamline","floor":28,"key":"SMITH"},{"floor":32,"key":"REST"},{"floor":49,"key":"DIG"}],"path_taken":["M","M","?","$","M","E","R","?","T","R","M","?","M","E","R","BOSS","M","M","$","M","M","E","R","E","T","E","R","?","?","?","R","BOSS","M","$","?","?","?","E","M","E","T","M","E","?","E","?","R","BOSS"],"build_version":"2018-06-14","seed_source_timestamp":5557419880841,"purchased_purges":0,"victory":true,"master_deck":["Strike_B","Strike_B+1","Strike_B","Strike_B+1","Defend_B","Defend_B+1","Defend_B","Defend_B","Zap+1","Dualcast","Coolheaded","Glacier","Compile Driver","Glacier","Genetic Algorithm+1","Stack","White Noise+1","Stack","Lockon","Meteor Strike+1","Glacier+1","Streamline+1","Loop+1","Hologram+1","Hello World+1","Skim+1","Loop+1","Darkness+1","Electrodynamics","Redo+1","Compile Driver+1","Skim+1","Loop","Fusion+1","Capacitor","Hologram+1","Self Repair","Cold Snap+1","Madness+1","Madness+1"],"max_hp_per_floor":[75,75,75,75,75,75,75,80,80,80,80,80,80,80,80,80,80,80,80,80,80,80,80,80,80,80,80,80,80,80,85,85,85,85,85,85,85,85,85,85,85,85,85,85,85,85,85,85,85,85],"relics":["Cracked Core","Tiny Chest","Juzu Bracelet","Mummified Hand","Bag of Preparation","Toxic Egg 2","Snecko Eye","Pen Nib","Vajra","Dodecahedron","Omamori","Bag of Marbles","Regal Pillow","Busted Crown","Whetstone","Calipers","Shovel","Girya","Lantern","Dream Catcher","Centennial Puzzle","Red Mask","War Paint","Happy Flower"],"card_choices":[{"not_picked":["Leap","Streamline"],"picked":"Coolheaded","floor":1},{"not_picked":["Genetic Algorithm","Sweeping Beam"],"picked":"Glacier","floor":2},{"not_picked":["Loop","Cold Snap"],"picked":"Genetic Algorithm","floor":5},{"not_picked":["Skim","Coolheaded"],"picked":"Stack","floor":6},{"not_picked":["Stack","Coolheaded"],"picked":"White Noise","floor":11},{"not_picked":["Steam","Doom and Gloom"],"picked":"Stack","floor":13},{"not_picked":["Meteor Strike","Steam"],"picked":"Lockon","floor":14},{"not_picked":["Biased Cognition","Hyperbeam"],"picked":"Meteor Strike","floor":16},{"not_picked":["Gash","Sweeping Beam+1"],"picked":"Glacier+1","floor":18},{"not_picked":["Hello World","Steam+1"],"picked":"Streamline","floor":19},{"not_picked":["Compile Driver","Sweeping Beam"],"picked":"Hologram+1","floor":21},{"not_picked":["Aggregate+1","Reinforced Body+1"],"picked":"Hello World+1","floor":22},{"not_picked":["Sweeping Beam","Doom and Gloom"],"picked":"Skim+1","floor":23},{"not_picked":["Glacier+1","Skim+1"],"picked":"Loop+1","floor":25},{"not_picked":["Buffer","Ball Lightning"],"picked":"Darkness+1","floor":27},{"not_picked":["Machine Learning","Buffer"],"picked":"Electrodynamics","floor":33},{"not_picked":[],"picked":"Redo+1","floor":35},{"not_picked":[],"picked":"Fusion+1","floor":37},{"not_picked":["Rebound+1"],"picked":"SKIP","floor":40},{"not_picked":["Gash+1"],"picked":"SKIP","floor":41},{"not_picked":[],"picked":"Capacitor","floor":42},{"not_picked":[],"picked":"Hologram+1","floor":44},{"not_picked":[],"picked":"Self Repair","floor":45},{"not_picked":[],"picked":"Cold Snap+1","floor":47}],"player_experience":123971,"potions_floor_usage":[25,50,50,50],"damage_taken":[{"damage":7,"enemies":"Small Slimes","floor":1,"turns":2},{"damage":3,"enemies":"Jaw Worm","floor":2,"turns":5},{"damage":0,"enemies":"Cultist","floor":5,"turns":3},{"damage":12,"enemies":"3 Sentries","floor":6,"turns":10},{"damage":3,"enemies":"3 Louse","floor":11,"turns":4},{"damage":9,"enemies":"Lots of Slimes","floor":13,"turns":7},{"damage":0,"enemies":"Lagavulin","floor":14,"turns":13},{"damage":16,"enemies":"Slime Boss","floor":16,"turns":11},{"damage":0,"enemies":"Spheric Guardian","floor":18,"turns":4},{"damage":0,"enemies":"Chosen","floor":19,"turns":4},{"damage":29,"enemies":"3 Cultists","floor":21,"turns":7},{"damage":10,"enemies":"Slaver and Parasite","floor":22,"turns":5},{"damage":0,"enemies":"Gremlin Leader","floor":23,"turns":7},{"damage":0,"enemies":"Book of Stabbing","floor":25,"turns":4},{"damage":0,"enemies":"Slavers","floor":27,"turns":5},{"damage":36,"enemies":"Champ","floor":33,"turns":7},{"damage":0,"enemies":"3 Darklings","floor":35,"turns":1},{"damage":8,"floor":37,"turns":4},{"damage":0,"floor":39,"turns":3},{"damage":0,"enemies":"Nemesis","floor":40,"turns":5},{"damage":0,"enemies":"Orb Walker","floor":41,"turns":2},{"damage":0,"enemies":"2 Orb Walkers","floor":42,"turns":6},{"damage":0,"enemies":"4 Shapes","floor":44,"turns":3},{"damage":0,"enemies":"Giant Head","floor":45,"turns":5},{"damage":6,"enemies":"2 Orb Walkers","floor":47,"turns":3},{"damage":0,"enemies":"Awakened One","floor":50,"turns":10}],"relics_obtained":[{"floor":6,"key":"Juzu Bracelet"},{"floor":9,"key":"Mummified Hand"},{"floor":12,"key":"Bag of Preparation"},{"floor":14,"key":"Toxic Egg 2"},{"floor":23,"key":"Vajra"},{"floor":25,"key":"Dodecahedron"},{"floor":26,"key":"Omamori"},{"floor":27,"key":"Bag of Marbles"},{"floor":30,"key":"Regal Pillow"},{"floor":37,"key":"Calipers"},{"floor":39,"key":"Shovel"},{"floor":40,"key":"Girya"},{"floor":42,"key":"Lantern"},{"floor":43,"key":"Dream Catcher"},{"floor":45,"key":"Centennial Puzzle"},{"floor":47,"key":"War Paint"},{"floor":49,"key":"Happy Flower"}],"event_choices":[{"event_name":"Shining Light","player_choice":"Entered Light","floor":3,"damage_taken":0},{"event_name":"Big Fish","player_choice":"Donut","floor":8,"damage_taken":0},{"event_name":"Drug Dealer","player_choice":"Ignored","floor":29,"damage_taken":0},{"event_name":"Forgotten Altar","player_choice":"Shed Blood","floor":31,"damage_taken":0},{"event_name":"MindBloom","player_choice":"Fight","floor":37,"damage_taken":0},{"event_name":"Mysterious Sphere","player_choice":"Fight","floor":39,"damage_taken":0},{"event_name":"Tomb of Lord Red Mask","player_choice":"Paid","floor":46,"damage_taken":0},{"event_name":"Winding Halls","player_choice":"Embrace Madness","floor":48,"damage_taken":0}],"boss_relics":[{"not_picked":["Philosopher\u0027s Stone","Black Star"],"picked":"Snecko Eye"},{"not_picked":["Runic Dome","Orrery"],"picked":"Busted Crown"}],"items_purged_floors":[],"is_endless":false,"potions_floor_spawned":[2,5,11,16,21,25,27,37,39,44,45],"seed_played":"1414256888167463165","ascension_level":2,"potions_obtained":[{"floor":2,"key":"SpeedPotion"},{"floor":5,"key":"Ancient Potion"},{"floor":25,"key":"Strength Potion"},{"floor":44,"key":"LiquidBronze"}],"is_trial":false}