{"gold_per_floor":[117,117,78,93,5,21,96,96,96,107,124,158,158,47,47,123,123,139,29,29,53,67,67,83,12,12,30,30,65,65,79,79,153,153,171,171,171,171,171,206,206,218,244,275,287,299,311,341,353,365],"floor_reached":50,"playtime":1643,"items_purged":["Defend_R"],"score":931,"play_id":"cd5607c8-9127-4c8c-86c9-830439716f85","local_time":"20190525204324","is_ascension_mode":true,"campfire_choices":[{"data":"Flame Barrier","floor":8,"key":"SMITH"},{"data":"Disarm","floor":15,"key":"SMITH"},{"data":"Immolate","floor":23,"key":"SMITH"},{"data":"Inflame","floor":28,"key":"SMITH"},{"data":"Flame Barrier","floor":30,"key":"SMITH"},{"data":"Demon Form","floor":32,"key":"SMITH"},{"floor":41,"key":"REST"},{"floor":47,"key":"REST"},{"floor":49,"key":"REST"}],"neow_cost":"TEN_PERCENT_HP_LOSS","seed_source_timestamp":436018460565500,"circlet_count":0,"master_deck":["AscendersBane","Strike_R","Strike_R","Strike_R+1","Strike_R","Defend_R","Defend_R","Bash","Shockwave+1","Inflame+1","Battle Trance","Flame Barrier+1","Feed+1","Disarm+1","Feel No Pain","Sword Boomerang+1","Evolve","Immolate+1","Inflame","Flame Barrier+1","Demon Form+1","Limit Break+1"],"relics":["Burning Blood","Ginger","The Courier","Smiling Mask","Velvet Choker","Juzu Bracelet","Self Forming Clay","Busted Crown","Charon\u0027s Ashes","MawBank","Whetstone"],"potions_floor_usage":[24,27,35,46,48,50],"damage_taken":[{"damage":9,"enemies":"Jaw Worm","floor":1,"turns":4},{"damage":6,"enemies":"Small Slimes","floor":4,"turns":5},{"damage":3,"enemies":"Cultist","floor":6,"turns":4},{"damage":4,"enemies":"Exordium Thugs","floor":10,"turns":4},{"damage":22,"enemies":"Gremlin Gang","floor":11,"turns":4},{"damage":12,"enemies":"3 Sentries","floor":12,"turns":11},{"damage":18,"enemies":"Hexaghost","floor":16,"turns":11},{"damage":0,"enemies":"3 Byrds","floor":18,"turns":2},{"damage":0,"enemies":"Chosen","floor":22,"turns":5},{"damage":6,"enemies":"Snake Plant","floor":24,"turns":3},{"damage":27,"enemies":"Cultist and Chosen","floor":27,"turns":5},{"damage":21,"enemies":"Gremlin Leader","floor":29,"turns":5},{"damage":0,"enemies":"3 Cultists","floor":31,"turns":4},{"damage":42,"enemies":"Champ","floor":33,"turns":7},{"damage":12,"enemies":"Orb Walker","floor":35,"turns":2},{"damage":48,"enemies":"Nemesis","floor":40,"turns":7},{"damage":8,"enemies":"3 Darklings","floor":42,"turns":4},{"damage":43,"enemies":"Maw","floor":44,"turns":6},{"damage":0,"enemies":"4 Shapes","floor":46,"turns":1},{"damage":14,"enemies":"Transient","floor":48,"turns":6},{"damage":61,"enemies":"Awakened One","floor":50,"turns":3}],"seed_played":"2804041154570345443","potions_obtained":[{"floor":4,"key":"SpeedPotion"},{"floor":6,"key":"SpeedPotion"},{"floor":18,"key":"Weak Potion"},{"floor":22,"key":"BloodPotion"},{"floor":31,"key":"SteroidPotion"},{"floor":42,"key":"Energy Potion"},{"floor":44,"key":"SmokeBomb"},{"floor":48,"key":"BloodPotion"}],"is_trial":false,"path_per_floor":["M","?","$","M","$","M","?","R","T","M","M","E","?","$","R","B",null,"M","?","$","T","M","R","M","$","T","M","R","E","R","M","R","B",null,"M","?","?","?","?","E","R","M","T","M","T","M","R","M","R","B"],"character_chosen":"IRONCLAD","items_purchased":["Inflame","Flame Barrier","Evolve","Inflame"],"campfire_rested":3,"item_purchase_floors":[3,5,14,25],"current_hp_per_floor":[65,65,65,65,65,68,57,57,57,62,49,43,32,32,32,20,61,67,67,67,67,73,73,73,73,73,63,63,48,48,54,54,18,63,61,61,61,61,61,19,42,44,44,7,7,13,37,29,53,0],"gold":365,"neow_bonus":"ONE_RARE_RELIC","is_prod":false,"is_daily":false,"chose_seed":false,"campfire_upgraded":6,"win_rate":0,"timestamp":1558842204,"path_taken":["M","?","$","M","$","M","?","R","T","M","M","E","?","$","R","BOSS","M","?","$","?","M","R","M","$","T","M","R","E","R","M","R","BOSS","M","?","?","?","?","E","R","M","T","M","?","M","R","M","R","BOSS"],"build_version":"2019-01-23","purchased_purges":1,"victory":false,"max_hp_per_floor":[68,68,68,68,68,68,68,68,68,71,74,74,74,74,74,74,74,74,74,74,74,74,74,74,74,74,78,78,78,78,78,78,78,78,82,82,82,78,78,78,78,82,82,82,82,82,82,82,82,82],"card_choices":[{"not_picked":["Thunderclap","Warcry"],"picked":"Shockwave","floor":1},{"not_picked":["Dual Wield","Shrug It Off"],"picked":"Battle Trance","floor":4},{"not_picked":["Anger","Fire Breathing"],"picked":"Feed","floor":6},{"not_picked":["Thunderclap","Anger"],"picked":"Disarm","floor":10},{"not_picked":["True Grit","Pommel Strike"],"picked":"Feel No Pain","floor":11},{"not_picked":["Corruption","Second Wind"],"picked":"Sword Boomerang","floor":12},{"not_picked":["Exhume","Fiend Fire"],"picked":"Immolate","floor":16},{"not_picked":["Perfected Strike","Twin Strike","Combust+1"],"picked":"SKIP","floor":18},{"not_picked":["Clothesline","Havoc","Clash"],"picked":"SKIP","floor":22},{"not_picked":["Sentinel","Thunderclap","Shockwave"],"picked":"SKIP","floor":24},{"not_picked":["Perfected Strike","Anger","Wild Strike"],"picked":"SKIP","floor":27},{"not_picked":["Iron Wave+1","Perfected Strike"],"picked":"Flame Barrier","floor":29},{"not_picked":["Corruption","Dual Wield"],"picked":"Demon Form","floor":31},{"not_picked":["Bludgeon","Feed"],"picked":"Limit Break","floor":33},{"not_picked":["Armaments"],"picked":"SKIP","floor":35},{"not_picked":["Armaments"],"picked":"SKIP","floor":40},{"not_picked":["Clash+1"],"picked":"SKIP","floor":42},{"not_picked":["Flame Barrier"],"picked":"SKIP","floor":44},{"not_picked":["Thunderclap"],"picked":"SKIP","floor":48}],"player_experience":480652,"relics_obtained":[{"floor":9,"key":"The Courier"},{"floor":12,"key":"Smiling Mask"},{"floor":21,"key":"Juzu Bracelet"},{"floor":29,"key":"Self Forming Clay"},{"floor":40,"key":"Charon\u0027s Ashes"},{"floor":43,"key":"MawBank"},{"floor":45,"key":"Whetstone"}],"event_choices":[{"damage_healed":0,"gold_gain":0,"player_choice":"Grow","damage_taken":0,"max_hp_gain":0,"max_hp_loss":0,"event_name":"Living Wall","floor":2,"gold_loss":0,"cards_upgraded":["Shockwave"]},{"damage_healed":0,"gold_gain":75,"player_choice":"Gather Gold","damage_taken":11,"max_hp_gain":0,"max_hp_loss":0,"event_name":"World of Goop","floor":7,"gold_loss":0},{"damage_healed":0,"gold_gain":0,"player_choice":"Fled","damage_taken":11,"max_hp_gain":0,"max_hp_loss":0,"event_name":"Scrap Ooze","floor":13,"gold_loss":0},{"cards_removed":["Strike_R"],"damage_healed":0,"gold_gain":0,"player_choice":"Upgrade and Remove","damage_taken":0,"max_hp_gain":0,"max_hp_loss":0,"event_name":"Designer","floor":19,"gold_loss":110,"cards_upgraded":["Feed"]},{"damage_healed":0,"gold_gain":0,"player_choice":"Forge","damage_taken":0,"max_hp_gain":0,"max_hp_loss":0,"event_name":"Accursed Blacksmith","floor":36,"gold_loss":0,"cards_upgraded":["Limit Break"]},{"cards_removed":["Defend_R"],"damage_healed":0,"gold_gain":0,"player_choice":"Removed Skill","damage_taken":0,"max_hp_gain":0,"max_hp_loss":0,"event_name":"Falling","floor":37,"gold_loss":0},{"damage_healed":0,"gold_gain":0,"player_choice":"Max HP","damage_taken":0,"max_hp_gain":0,"max_hp_loss":4,"event_name":"Winding Halls","floor":38,"gold_loss":0},{"damage_healed":0,"gold_gain":0,"player_choice":"Ignored","damage_taken":0,"max_hp_gain":0,"max_hp_loss":0,"event_name":"Mysterious Sphere","floor":39,"gold_loss":0}],"is_beta":false,"boss_relics":[{"not_picked":["Runic Dome","Snecko Eye"],"picked":"Velvet Choker"},{"not_picked":["Fusion Hammer","Pandora\u0027s Box"],"picked":"Busted Crown"}],"items_purged_floors":[14],"is_endless":false,"potions_floor_spawned":[4,6,18,22,31,42,44,48],"killed_by":"Awakened One","ascension_level":18}