{"gold_per_floor":[118,129,54,54,23,23,39,39,39,52,71,26,36,69,69,167,167,155,155,174,174,98,129,129,44,97,126,46,46,46],"floor_reached":30,"playtime":5239,"items_purged":["Strike_G","Defend_G"],"score":399,"play_id":"6a23a59a-ca6b-4c24-99fd-88b158e08b54","local_time":"20190114180416","is_ascension_mode":true,"campfire_choices":[{"data":"Cloak And Dagger","floor":6,"key":"SMITH"},{"data":"Footwork","floor":8,"key":"SMITH"},{"floor":15,"key":"REST"},{"floor":24,"key":"REST"},{"data":"Footwork","floor":29,"key":"SMITH"}],"neow_cost":"NONE","seed_source_timestamp":2838778180679577,"circlet_count":0,"master_deck":["AscendersBane","Defend_G","Defend_G","Defend_G","Strike_G","Strike_G","Survivor","Neutralize","PiercingWail","Cloak And Dagger+1","Footwork+1","Skewer","Acrobatics","Dagger Spray","Malaise","Leg Sweep","Finisher","Cloak And Dagger","Footwork+1","Leg Sweep"],"relics":["Ring of the Snake","Shuriken","Calipers","Matryoshka","Velvet Choker","The Courier","Bird Faced Urn","Anchor","Regal Pillow","Gambling Chip"],"potions_floor_usage":[14,16,30,30],"damage_taken":[{"damage":2,"enemies":"2 Louse","floor":1,"turns":4},{"damage":5,"enemies":"Jaw Worm","floor":2,"turns":6},{"damage":0,"enemies":"Small Slimes","floor":7,"turns":5},{"damage":0,"enemies":"2 Fungi Beasts","floor":10,"turns":4},{"damage":0,"enemies":"Blue Slaver","floor":11,"turns":4},{"damage":14,"enemies":"Large Slime","floor":13,"turns":8},{"damage":21,"enemies":"Gremlin Nob","floor":14,"turns":4},{"damage":17,"enemies":"The Guardian","floor":16,"turns":17},{"damage":0,"enemies":"2 Thieves","floor":18,"turns":4},{"damage":2,"enemies":"Chosen","floor":20,"turns":8},{"damage":17,"enemies":"Colosseum Slavers","floor":21,"turns":8},{"damage":12,"enemies":"Gremlin Leader","floor":23,"turns":8},{"damage":10,"enemies":"Book of Stabbing","floor":27,"turns":12},{"damage":46,"enemies":"Slavers","floor":30,"turns":7}],"seed_played":"-6853726159890912104","potions_obtained":[{"floor":11,"key":"PowerPotion"},{"floor":14,"key":"Poison Potion"},{"floor":16,"key":"Poison Potion"},{"floor":23,"key":"GhostInAJar"},{"floor":27,"key":"Energy Potion"}],"is_trial":false,"path_per_floor":["M","M","$","?","?","R","M","R","T","M","M","$","M","E","R","B",null,"M","?","M","?","$","E","R","?","T","E","$","R","E"],"character_chosen":"THE_SILENT","items_purchased":["Dagger Spray","Footwork"],"campfire_rested":2,"item_purchase_floors":[12,22],"current_hp_per_floor":[61,56,56,53,53,53,53,53,53,53,53,53,39,18,39,22,58,58,58,56,39,39,27,48,48,48,42,42,42,0],"gold":46,"neow_bonus":"REMOVE_CARD","is_prod":false,"is_daily":false,"chose_seed":false,"campfire_upgraded":3,"win_rate":0,"timestamp":1547507056,"path_taken":["M","M","$","?","?","R","M","R","T","M","M","?","M","E","R","BOSS","M","?","M","?","$","E","R","?","T","E","?","R","E"],"build_version":"2019-01-10","purchased_purges":2,"victory":false,"max_hp_per_floor":[70,70,70,70,70,70,70,70,70,70,70,70,70,70,70,70,70,70,70,70,70,70,70,70,70,70,70,70,70,70],"card_choices":[{"not_picked":["Riddle With Holes","Deadly Poison"],"picked":"PiercingWail","floor":1},{"not_picked":["Deflect","Tactician"],"picked":"Cloak And Dagger","floor":2},{"not_picked":["Prepared","Quick Slash"],"picked":"Footwork","floor":7},{"not_picked":["Dagger Throw","Backflip"],"picked":"Skewer","floor":10},{"not_picked":["Slice","Quick Slash"],"picked":"Acrobatics","floor":11},{"not_picked":["Underhanded Strike","Catalyst","Heel Hook"],"picked":"SKIP","floor":13},{"not_picked":["Deadly Poison","Underhanded Strike","Outmaneuver"],"picked":"SKIP","floor":14},{"not_picked":["Venomology","Unload"],"picked":"Malaise","floor":16},{"not_picked":["Riddle With Holes","Catalyst+1"],"picked":"Leg Sweep","floor":18},{"not_picked":["Riddle With Holes","Blade Dance+1","Deflect"],"picked":"SKIP","floor":20},{"not_picked":["Venomology","Sucker Punch","Blade Dance"],"picked":"SKIP","floor":23},{"not_picked":["Underhanded Strike+1","Setup"],"picked":"Leg Sweep","floor":27}],"player_experience":699714,"relics_obtained":[{"floor":9,"key":"Calipers"},{"floor":14,"key":"Matryoshka"},{"floor":23,"key":"The Courier"},{"floor":26,"key":"Anchor"},{"floor":26,"key":"Regal Pillow"},{"floor":27,"key":"Gambling Chip"}],"event_choices":[{"damage_healed":0,"gold_gain":0,"player_choice":"Success","damage_taken":3,"relics_obtained":["Shuriken"],"max_hp_gain":0,"max_hp_loss":0,"event_name":"Scrap Ooze","floor":4,"gold_loss":0},{"damage_healed":0,"gold_gain":0,"player_choice":"Left Gold","damage_taken":0,"max_hp_gain":0,"max_hp_loss":0,"event_name":"World of Goop","floor":5,"gold_loss":31},{"damage_healed":0,"gold_gain":0,"cards_transformed":["Defend_G","Strike_G"],"player_choice":"Became Test Subject","damage_taken":0,"max_hp_gain":0,"max_hp_loss":0,"event_name":"Drug Dealer","floor":19,"gold_loss":0,"cards_obtained":["Finisher","Cloak And Dagger"]},{"damage_healed":0,"gold_gain":0,"player_choice":"Fight","damage_taken":0,"max_hp_gain":0,"max_hp_loss":0,"event_name":"Colosseum","floor":21,"gold_loss":0},{"damage_healed":0,"gold_gain":0,"player_choice":"Fled From Nobs","damage_taken":0,"max_hp_gain":0,"max_hp_loss":0,"event_name":"Colosseum","floor":21,"gold_loss":0},{"damage_healed":0,"gold_gain":0,"player_choice":"Obtained Relic","damage_taken":0,"relics_obtained":["Bird Faced Urn"],"max_hp_gain":0,"max_hp_loss":0,"event_name":"Addict","floor":25,"gold_loss":85}],"is_beta":false,"boss_relics":[{"not_picked":["Eternal Feather","Orrery"],"picked":"Velvet Choker"}],"items_purged_floors":[3,28],"is_endless":false,"potions_floor_spawned":[11,14,16,21,23,27],"killed_by":"Slavers","ascension_level":10}