{"gold_per_floor":[212,212,226,70,122,122,96,126,194,94,94,108,108,122,122,122],"floor_reached":16,"playtime":591,"items_purged":["Strike_R","Strike_R"],"score":152,"play_id":"a630f9af-1c71-4c40-b5da-2f1ccf015cbc","local_time":"20190422113142","is_ascension_mode":true,"campfire_choices":[{"data":"Armaments","floor":6,"key":"SMITH"},{"floor":11,"key":"REST"},{"data":"Rampage","floor":15,"key":"SMITH"}],"neow_cost":"NONE","seed_source_timestamp":136061979211300,"circlet_count":0,"master_deck":["AscendersBane","Strike_R","Strike_R","Strike_R","Defend_R","Defend_R","Defend_R","Bash","Searing Blow+1","Armaments+1","Flash of Steel","True Grit","Rampage+1"],"relics":["Burning Blood","Bird Faced Urn","Singing Bowl"],"potions_floor_usage":[16],"damage_taken":[{"damage":12,"enemies":"Jaw Worm","floor":1,"turns":3},{"damage":11,"enemies":"Cultist","floor":3,"turns":4},{"damage":50,"enemies":"Gremlin Nob","floor":8,"turns":6},{"damage":8,"enemies":"Small Slimes","floor":12,"turns":3},{"damage":5,"enemies":"2 Fungi Beasts","floor":14,"turns":3},{"damage":42,"enemies":"Hexaghost","floor":16,"turns":11}],"seed_played":"-8359160539901044302","potions_obtained":[{"floor":14,"key":"Weak Potion"}],"is_trial":false,"path_per_floor":["M","?","M","$","?","R","$","E","T","$","R","M","?","M","R","B"],"character_chosen":"IRONCLAD","items_purchased":["Flash of Steel","True Grit"],"campfire_rested":1,"item_purchase_floors":[4,7],"current_hp_per_floor":[66,66,61,61,61,61,61,17,17,17,41,41,41,42,42,0],"gold":122,"neow_bonus":"HUNDRED_GOLD","is_prod":false,"is_daily":false,"chose_seed":false,"campfire_upgraded":2,"win_rate":0,"timestamp":1555947102,"path_taken":["M","?","?","$","?","R","$","E","T","$","R","M","?","M","R","BOSS"],"build_version":"2019-01-23","purchased_purges":2,"victory":false,"max_hp_per_floor":[80,80,80,80,80,80,80,80,80,80,80,82,82,82,82,82],"card_choices":[{"not_picked":["Havoc","Power Through"],"picked":"Searing Blow","floor":1},{"not_picked":["Flex","Wild Strike"],"picked":"Armaments","floor":3},{"not_picked":["Clothesline","Shrug It Off","Wild Strike"],"picked":"SKIP","floor":8},{"not_picked":["Barricade","Flex","Sword Boomerang"],"picked":"Singing Bowl","floor":12},{"not_picked":["Combust","Heavy Blade"],"picked":"Rampage","floor":14}],"player_experience":375906,"relics_obtained":[{"floor":8,"key":"Bird Faced Urn"},{"floor":9,"key":"Singing Bowl"}],"event_choices":[{"damage_healed":0,"gold_gain":0,"player_choice":"Upgraded","damage_taken":0,"max_hp_gain":0,"max_hp_loss":0,"event_name":"Upgrade Shrine","floor":2,"gold_loss":0,"cards_upgraded":["Searing Blow"]},{"damage_healed":0,"gold_gain":52,"player_choice":"Gained Gold","damage_taken":0,"max_hp_gain":0,"max_hp_loss":0,"event_name":"Golden Wing","floor":5,"gold_loss":0},{"cards_removed":["Defend_R"],"damage_healed":0,"gold_gain":0,"player_choice":"Forget","damage_taken":0,"max_hp_gain":0,"max_hp_loss":0,"event_name":"Living Wall","floor":13,"gold_loss":0}],"is_beta":false,"boss_relics":[],"items_purged_floors":[4,10],"is_endless":false,"potions_floor_spawned":[14],"killed_by":"Hexaghost","ascension_level":11}