{"gold_per_floor":[360,233,246,266,266,266,282,282,282,325,325],"floor_reached":11,"playtime":409,"items_purged":["Strike_R"],"score":110,"play_id":"460728f6-cc13-445a-9e32-5374a93b2ecf","local_time":"20190221231536","is_ascension_mode":true,"campfire_choices":[{"data":"Armaments","floor":6,"key":"SMITH"}],"neow_cost":"TEN_PERCENT_HP_LOSS","seed_source_timestamp":31365741661755,"circlet_count":0,"master_deck":["AscendersBane","Strike_R","Strike_R","Strike_R","Strike_R","Defend_R","Defend_R","Defend_R","Defend_R","Bash","Flex","Armaments+1","Headbutt","True Grit","Sword Boomerang+1"],"relics":["Burning Blood","Golden Idol","Toxic Egg 2","Molten Egg 2","Matryoshka"],"potions_floor_usage":[11],"damage_taken":[{"damage":6,"enemies":"Cultist","floor":1,"turns":4},{"damage":7,"enemies":"Small Slimes","floor":3,"turns":3},{"damage":7,"enemies":"2 Louse","floor":4,"turns":3},{"damage":1,"enemies":"2 Fungi Beasts","floor":7,"turns":5},{"damage":55,"enemies":"3 Sentries","floor":10,"turns":12},{"damage":8,"enemies":"Gremlin Gang","floor":11,"turns":2}],"seed_played":"-5148083602128591301","potions_obtained":[{"floor":3,"key":"SteroidPotion"}],"is_trial":false,"path_per_floor":["M","$","M","M","?","R","M","?","T","E","M"],"character_chosen":"IRONCLAD","items_purchased":["Armaments"],"campfire_rested":0,"item_purchase_floors":[2],"current_hp_per_floor":[72,72,71,70,52,52,57,57,57,8,0],"gold":325,"neow_bonus":"TWO_FIFTY_GOLD","is_prod":false,"is_daily":false,"chose_seed":false,"campfire_upgraded":1,"win_rate":0,"timestamp":1550808936,"path_taken":["M","$","M","M","?","R","M","?","T","E","M"],"build_version":"2019-01-23","purchased_purges":1,"victory":false,"max_hp_per_floor":[72,72,72,72,72,72,72,72,72,72,72],"card_choices":[{"not_picked":["Rage","Hemokinesis"],"picked":"Flex","floor":1},{"not_picked":["Pommel Strike","Dual Wield"],"picked":"Headbutt","floor":3},{"not_picked":["Flex","Wild Strike","Headbutt"],"picked":"SKIP","floor":4},{"not_picked":["Pummel","Power Through"],"picked":"True Grit","floor":7},{"not_picked":["Metallicize","Pummel+1"],"picked":"Sword Boomerang+1","floor":10}],"player_experience":335897,"relics_obtained":[{"floor":9,"key":"Molten Egg 2"},{"floor":10,"key":"Matryoshka"}],"event_choices":[{"damage_healed":0,"gold_gain":0,"player_choice":"Take Damage","damage_taken":18,"relics_obtained":["Golden Idol"],"max_hp_gain":0,"max_hp_loss":0,"event_name":"Golden Idol","floor":5,"gold_loss":0},{"damage_healed":0,"gold_gain":0,"player_choice":"Searched \u00271\u0027 times","damage_taken":0,"relics_obtained":["Toxic Egg 2"],"max_hp_gain":0,"max_hp_loss":0,"event_name":"Dead Adventurer","floor":8,"gold_loss":0}],"is_beta":false,"boss_relics":[],"items_purged_floors":[2],"is_endless":false,"potions_floor_spawned":[3],"killed_by":"Gremlin Gang","ascension_level":10}