{"gold_per_floor":[117,133,148,323,338,338,352,352,352,352,371,403,420,447,447,447],"floor_reached":16,"playtime":1174,"items_purged":[],"score":154,"play_id":"008c0668-c53e-46a5-94ac-72958846eead","local_time":"20190612161003","is_ascension_mode":true,"campfire_choices":[{"data":"Fission","floor":6,"key":"SMITH"},{"data":"Hologram","floor":8,"key":"SMITH"},{"data":"Go for the Eyes","floor":10,"key":"SMITH"},{"floor":15,"key":"REST"}],"neow_cost":"NONE","seed_source_timestamp":49696572384000,"circlet_count":0,"master_deck":["Strike_B","Strike_B","Strike_B","Strike_B","Defend_B","Defend_B","Defend_B","Defend_B","Zap","Dualcast","Fission+1","Coolheaded","Hologram+1","Go for the Eyes+1","Doubt","Chill","Conserve Battery","Sweeping Beam","Leap","Coolheaded"],"relics":["Cracked Core","Bronze Scales","Ancient Tea Set","Cables"],"potions_floor_usage":[1,12,14,14,16],"damage_taken":[{"damage":1,"enemies":"Cultist","floor":1,"turns":4},{"damage":8,"enemies":"Small Slimes","floor":2,"turns":6},{"damage":1,"enemies":"2 Louse","floor":3,"turns":2},{"damage":9,"enemies":"Large Slime","floor":5,"turns":10},{"damage":1,"enemies":"Looter","floor":7,"turns":4},{"damage":0,"enemies":"Blue Slaver","floor":11,"turns":4},{"damage":24,"enemies":"3 Sentries","floor":12,"turns":12},{"damage":0,"enemies":"Red Slaver","floor":13,"turns":3},{"damage":4,"enemies":"Lagavulin","floor":14,"turns":6},{"damage":53,"enemies":"Slime Boss","floor":16,"turns":15}],"seed_played":"-7781799233884525918","potions_obtained":[{"floor":1,"key":"Fruit Juice"},{"floor":3,"key":"SpeedPotion"},{"floor":11,"key":"SteroidPotion"},{"floor":12,"key":"PowerPotion"},{"floor":13,"key":"Poison Potion"}],"is_trial":false,"path_per_floor":["M","M","M","?","M","R","M","R","T","R","M","E","M","E","R","B"],"character_chosen":"DEFECT","items_purchased":[],"campfire_rested":1,"item_purchase_floors":[],"current_hp_per_floor":[72,64,63,63,54,54,53,53,53,53,53,29,29,25,49,0],"gold":447,"neow_bonus":"ONE_RANDOM_RARE_CARD","is_prod":false,"is_daily":false,"chose_seed":false,"campfire_upgraded":3,"win_rate":0,"timestamp":1560381003,"path_taken":["M","?","M","?","M","R","M","R","T","R","M","E","M","E","R","BOSS"],"build_version":"2019-01-23","purchased_purges":0,"victory":false,"max_hp_per_floor":[80,80,80,80,80,80,80,80,80,80,80,80,80,80,80,80],"card_choices":[{"not_picked":["Reprogram","Darkness"],"picked":"Coolheaded","floor":1},{"not_picked":["Turbo","Chaos"],"picked":"Hologram","floor":2},{"not_picked":["Hologram","Reinforced Body"],"picked":"Go for the Eyes","floor":3},{"not_picked":["Turbo","Chaos"],"picked":"Chill","floor":5},{"not_picked":["Fusion","Chill"],"picked":"Conserve Battery","floor":7},{"not_picked":["Turbo","Force Field","Gash"],"picked":"SKIP","floor":11},{"not_picked":["Stack","Barrage"],"picked":"Sweeping Beam","floor":12},{"not_picked":["Hologram","Barrage"],"picked":"Leap","floor":13},{"not_picked":["Meteor Strike","Ball Lightning"],"picked":"Coolheaded","floor":14}],"player_experience":560056,"relics_obtained":[{"floor":9,"key":"Bronze Scales"},{"floor":12,"key":"Ancient Tea Set"},{"floor":14,"key":"Cables"}],"event_choices":[{"damage_healed":0,"gold_gain":175,"player_choice":"AGREE","damage_taken":0,"max_hp_gain":0,"max_hp_loss":0,"event_name":"Liars Game","floor":4,"gold_loss":0,"cards_obtained":["Doubt"]}],"is_beta":false,"boss_relics":[],"items_purged_floors":[],"is_endless":false,"potions_floor_spawned":[1,3,11,12,13],"killed_by":"Slime Boss","ascension_level":7}