{"gold_per_floor":[110,124,134,150,169,169,189,189,189,224,243,243,168,243,243,243],"floor_reached":16,"playtime":2754,"items_purged":["Strike_B"],"score":182,"play_id":"8769e076-8523-4d6b-a91a-7f1213fe9a3c","local_time":"20190220145537","is_ascension_mode":true,"campfire_choices":[{"data":"Zap","floor":6,"key":"SMITH"},{"data":"Dualcast","floor":8,"key":"SMITH"},{"floor":15,"key":"REST"}],"neow_cost":"NONE","seed_source_timestamp":423888326759500,"circlet_count":0,"master_deck":["AscendersBane","Strike_B","Strike_B","Strike_B","Defend_B","Defend_B","Defend_B","Defend_B","Zap+1","Dualcast+1","Cold Snap","Coolheaded","Reinforced Body","Skim","Defragment","Capacitor","Core Surge"],"relics":["Cracked Core","Juzu Bracelet","Dream Catcher"],"potions_floor_usage":[10,16],"damage_taken":[{"damage":7,"enemies":"Jaw Worm","floor":1,"turns":3},{"damage":0,"enemies":"Small Slimes","floor":2,"turns":2},{"damage":1,"enemies":"Cultist","floor":3,"turns":5},{"damage":7,"enemies":"Looter","floor":4,"turns":4},{"damage":2,"enemies":"2 Fungi Beasts","floor":5,"turns":4},{"damage":0,"enemies":"Red Slaver","floor":7,"turns":4},{"damage":34,"enemies":"Lagavulin","floor":10,"turns":7},{"damage":20,"enemies":"Gremlin Gang","floor":11,"turns":5},{"damage":52,"enemies":"Slime Boss","floor":16,"turns":14}],"seed_played":"-8621135118052185693","potions_obtained":[{"floor":4,"key":"Regen Potion"},{"floor":7,"key":"FairyPotion"},{"floor":11,"key":"Weak Potion"}],"is_trial":false,"path_per_floor":["M","M","M","M","M","R","M","R","T","E","M","?","$","?","R","B"],"character_chosen":"DEFECT","items_purchased":[],"campfire_rested":1,"item_purchase_floors":[],"current_hp_per_floor":[64,64,63,56,54,54,54,54,54,25,5,31,31,20,43,0],"gold":243,"neow_bonus":"TEN_PERCENT_HP_BONUS","is_prod":false,"is_daily":false,"chose_seed":false,"campfire_upgraded":2,"win_rate":0,"timestamp":1550692537,"path_taken":["M","M","M","M","M","R","M","R","T","E","M","?","$","?","R","BOSS"],"build_version":"2019-01-23","purchased_purges":1,"victory":false,"max_hp_per_floor":[78,78,78,78,78,78,78,78,78,78,78,78,78,78,78,78],"card_choices":[{"not_picked":["Go for the Eyes","Sweeping Beam"],"picked":"Cold Snap","floor":1},{"not_picked":["Beam Cell","Stack"],"picked":"Coolheaded","floor":2},{"not_picked":["Stack","Rebound"],"picked":"Reinforced Body","floor":3},{"not_picked":["Sweeping Beam","Rip and Tear"],"picked":"Skim","floor":4},{"not_picked":["Turbo","Stack"],"picked":"Defragment","floor":5},{"not_picked":["Chaos","Melter","Darkness"],"picked":"SKIP","floor":7},{"not_picked":["Tempest","Hello World","Compile Driver"],"picked":"SKIP","floor":10},{"not_picked":["Static Discharge","Streamline"],"picked":"Capacitor","floor":11},{"not_picked":["Leap","Static Discharge"],"picked":"Core Surge","floor":15}],"player_experience":913112,"relics_obtained":[{"floor":9,"key":"Juzu Bracelet"},{"floor":10,"key":"Dream Catcher"}],"event_choices":[{"damage_healed":26,"gold_gain":0,"player_choice":"Banana","damage_taken":0,"max_hp_gain":0,"max_hp_loss":0,"event_name":"Big Fish","floor":12,"gold_loss":0},{"damage_healed":0,"gold_gain":75,"player_choice":"Gather Gold","damage_taken":11,"max_hp_gain":0,"max_hp_loss":0,"event_name":"World of Goop","floor":14,"gold_loss":0}],"is_beta":false,"boss_relics":[],"items_purged_floors":[13],"is_endless":false,"potions_floor_spawned":[4,7,11],"killed_by":"Slime Boss","ascension_level":15}