{"gold_per_floor":[17,27,27,38,48,48,67,96,96,96,110,60,60,135,135,237,237,253,265,265,265,265,265,265,298,323,341,88,103,123,123],"floor_reached":31,"playtime":1968,"items_purged":[],"score":296,"play_id":"70074611-3f78-4735-8132-45aa985b5dfe","local_time":"20180829123644","is_ascension_mode":true,"campfire_choices":[{"floor":6,"key":"REST"},{"floor":10,"key":"REST"},{"floor":15,"key":"REST"},{"data":"Accuracy","floor":23,"key":"SMITH"}],"neow_cost":"NO_GOLD","seed_source_timestamp":1234274128431809,"circlet_count":0,"master_deck":["Defend_G","Defend_G","Defend_G","Defend_G","Defend_G","Strike_G","Strike_G","Strike_G","Survivor","Neutralize","Noxious Fumes","Calculated Gamble","Sucker Punch","Deadly Poison","Accuracy+1","Infinite Blades","Terror","Infinite Blades","Heel Hook","Backflip","Blur","Wraith Form v2","Predator+1","Leg Sweep","Metamorphosis","Slice+1","Slice"],"relics":["Ring of the Snake","Boot","Art of War","Bronze Scales","Lizard Tail","Enchiridion","Bottled Lightning","Matryoshka","Snake Skull","Blood Vial"],"potions_floor_usage":[8,16,16,19,29],"damage_taken":[{"damage":1,"enemies":"Jaw Worm","floor":1,"turns":6},{"damage":8,"enemies":"2 Louse","floor":2,"turns":3},{"damage":9,"enemies":"Small Slimes","floor":4,"turns":3},{"damage":3,"enemies":"Looter","floor":5,"turns":4},{"damage":10,"enemies":"Red Slaver","floor":7,"turns":4},{"damage":31,"enemies":"3 Sentries","floor":8,"turns":8},{"damage":5,"enemies":"Blue Slaver","floor":11,"turns":3},{"damage":41,"enemies":"The Guardian","floor":16,"turns":10},{"damage":16,"enemies":"Chosen","floor":18,"turns":5},{"damage":19,"enemies":"Spheric Guardian","floor":19,"turns":5},{"damage":50,"enemies":"Gremlin Leader","floor":25,"turns":5},{"damage":12,"enemies":"Snecko","floor":27,"turns":4},{"damage":22,"enemies":"Centurion and Healer","floor":29,"turns":7},{"damage":30,"enemies":"3 Cultists","floor":30,"turns":5},{"damage":40,"enemies":"Cultist and Chosen","floor":31,"turns":8}],"seed_played":"7858283023701265943","potions_obtained":[{"floor":2,"key":"EssenceOfSteel"},{"floor":5,"key":"FearPotion"},{"floor":7,"key":"Block Potion"},{"floor":18,"key":"Energy Potion"},{"floor":27,"key":"SpeedPotion"}],"is_trial":false,"path_per_floor":["M","M","?","M","M","R","M","E","T","R","M","?","$","?","R","B",null,"M","M","?","?","T","R","?","E","T","M","$","M","M"],"character_chosen":"THE_SILENT","items_purchased":["Leg Sweep","Metamorphosis"],"campfire_rested":3,"item_purchase_floors":[28,28],"current_hp_per_floor":[69,61,61,52,49,70,60,29,29,50,45,45,45,34,55,14,70,54,35,19,80,80,80,80,30,30,20,20,40,12,0],"gold":123,"neow_bonus":"TRANSFORM_TWO_CARDS","is_prod":false,"is_daily":false,"chose_seed":false,"campfire_upgraded":1,"win_rate":0,"timestamp":1535560604,"path_taken":["M","M","?","M","M","R","M","E","T","R","M","?","?","?","R","BOSS","M","M","?","?","?","R","?","E","T","M","$","M","M","?"],"build_version":"2018-08-23v2","purchased_purges":0,"victory":false,"max_hp_per_floor":[70,70,70,70,70,70,70,70,70,70,70,70,70,70,70,70,70,70,70,70,80,80,80,80,80,80,80,80,80,80,80],"card_choices":[{"not_picked":["Dagger Throw","Outmaneuver"],"picked":"Sucker Punch","floor":1},{"not_picked":["Acrobatics","Prepared"],"picked":"Deadly Poison","floor":2},{"not_picked":["Slice","Deadly Poison"],"picked":"Accuracy","floor":4},{"not_picked":["Dagger Spray","Heel Hook"],"picked":"Infinite Blades","floor":5},{"not_picked":["Blade Dance","Underhanded Strike"],"picked":"Terror","floor":7},{"not_picked":["Accuracy","Poisoned Stab"],"picked":"Infinite Blades","floor":8},{"not_picked":["Flying Knee","Prepared"],"picked":"Heel Hook","floor":11},{"not_picked":["Venomology","Phantasmal Killer"],"picked":"Burst","floor":16},{"not_picked":["Slice","Dodge and Roll+1"],"picked":"Backflip","floor":18},{"not_picked":["Leg Sweep","Infinite Blades"],"picked":"Blur","floor":19},{"not_picked":["Blade Dance","Well Laid Plans"],"picked":"Wraith Form v2","floor":25},{"not_picked":["Cloak And Dagger+1","Dash"],"picked":"Predator+1","floor":27},{"not_picked":["Endless Agony","Well Laid Plans"],"picked":"Slice+1","floor":29},{"not_picked":["Predator","Eviscerate"],"picked":"Slice","floor":30}],"player_experience":94810,"relics_obtained":[{"floor":8,"key":"Art of War"},{"floor":9,"key":"Bronze Scales"},{"floor":20,"key":"Enchiridion"},{"floor":22,"key":"Bottled Lightning"},{"floor":25,"key":"Matryoshka"},{"floor":26,"key":"Snake Skull"},{"floor":26,"key":"Blood Vial"}],"event_choices":[{"event_name":"Big Fish","player_choice":"Box","floor":3,"damage_taken":0},{"event_name":"The Cleric","player_choice":"Card Removal","floor":12,"damage_taken":0},{"event_name":"World of Goop","player_choice":"Gather Gold","floor":14,"damage_taken":0},{"event_name":"Cursed Tome","player_choice":"Obtained Book","floor":20,"damage_taken":0},{"event_name":"Bonfire Elementals","player_choice":"RARE","floor":21,"damage_taken":0},{"event_name":"Beggar","player_choice":"Ignored","floor":24,"damage_taken":0}],"is_beta":false,"boss_relics":[{"not_picked":["Orrery","Empty Cage"],"picked":"Lizard Tail"}],"items_purged_floors":[],"is_endless":false,"potions_floor_spawned":[2,5,7,18,27],"killed_by":"Cultist and Chosen","ascension_level":3}