{"gold_per_floor":[18,31,43,43,56,88,103,133,133,153,153,188,200,211,211,306,306,319,331,48,48,48,80,90,90,141,151,16,48,65,81,81,177,177,197,297,297,297,311,339,359,390,439,439,439,449,462,34,34,34],"floor_reached":50,"playtime":10477,"items_purged":[],"score":693,"play_id":"b7a57f74-8577-4ea0-9529-c63e0bd5761f","local_time":"20181125003703","is_ascension_mode":false,"campfire_choices":[{"floor":11,"key":"REST"},{"floor":15,"key":"REST"},{"floor":25,"key":"REST"},{"floor":32,"key":"REST"},{"floor":45,"key":"REST"},{"floor":49,"key":"REST"}],"neow_cost":"NO_GOLD","seed_source_timestamp":775235139783000,"circlet_count":0,"master_deck":["Strike_B","Strike_B","Strike_B","Defend_B","Defend_B","Defend_B","Defend_B","Zap","Dualcast","Sunder","Static Discharge","Leap","Static Discharge","Blizzard","Leap","Auto Shields","Conserve Battery","Steam","Coolheaded","Leap","Electrodynamics","Ball Lightning","Steam","Cold Snap","Leap","Coolheaded","Loop","Impatience","Conserve Battery","Loop","Conserve Battery","Thunder Strike","Self Repair+1","Conserve Battery+1","Storm","Static Discharge","Creative AI","Leap+1","Heatsinks","Madness","Madness","Creative AI","White Noise","Dark Shackles","Apotheosis","Jack Of All Trades","Hello World+1","Thunder Strike","Defragment","The Bomb","Auto Shields+1"],"relics":["Cracked Core","Anchor","Mummified Hand","Singing Bowl","Dream Catcher","White Beast Statue","GremlinMask","Gremlin Horn","PreservedInsect","Ornamental Fan","Inserter","Ginger","Bottled Lightning","Ice Cream","Regal Pillow","DollysMirror"],"potions_floor_usage":[10,12,12,16,16,23,23,29,29,30,33,33,36,36,39,41,41,46,46,47,50,50],"damage_taken":[{"damage":5,"enemies":"Small Slimes","floor":1,"turns":4},{"damage":0,"enemies":"2 Louse","floor":2,"turns":1},{"damage":1,"enemies":"Cultist","floor":3,"turns":3},{"damage":5,"enemies":"Red Slaver","floor":5,"turns":4},{"damage":19,"enemies":"Gremlin Nob","floor":6,"turns":4},{"damage":7,"enemies":"Blue Slaver","floor":7,"turns":4},{"damage":13,"enemies":"3 Sentries","floor":8,"turns":6},{"damage":0,"enemies":"Exordium Wildlife","floor":10,"turns":2},{"damage":8,"enemies":"Gremlin Nob","floor":12,"turns":4},{"damage":0,"enemies":"3 Louse","floor":13,"turns":2},{"damage":4,"enemies":"Exordium Thugs","floor":14,"turns":5},{"damage":58,"enemies":"Slime Boss","floor":16,"turns":12},{"damage":18,"enemies":"Chosen","floor":18,"turns":6},{"damage":8,"enemies":"Shell Parasite","floor":19,"turns":15},{"damage":16,"enemies":"Book of Stabbing","floor":23,"turns":8},{"damage":21,"enemies":"Snake Plant","floor":24,"turns":5},{"damage":11,"enemies":"Chosen and Byrds","floor":27,"turns":6},{"damage":7,"enemies":"Gremlin Leader","floor":29,"turns":7},{"damage":4,"enemies":"Centurion and Healer","floor":30,"turns":14},{"damage":0,"enemies":"Shelled Parasite and Fungi","floor":31,"turns":8},{"damage":13,"enemies":"Champ","floor":33,"turns":10},{"damage":18,"enemies":"3 Darklings","floor":35,"turns":5},{"damage":13,"enemies":"Mind Bloom Boss Battle","floor":36,"turns":9},{"damage":5,"enemies":"Orb Walker","floor":39,"turns":5},{"damage":2,"enemies":"Giant Head","floor":40,"turns":8},{"damage":25,"enemies":"Transient","floor":41,"turns":5},{"damage":12,"enemies":"Nemesis","floor":42,"turns":7},{"damage":10,"enemies":"Spire Growth","floor":46,"turns":6},{"damage":14,"enemies":"Writhing Mass","floor":47,"turns":7},{"damage":108,"enemies":"Awakened One","floor":50,"turns":9}],"seed_played":"1148551724233344517","potions_obtained":[{"floor":1,"key":"Swift Potion"},{"floor":2,"key":"PowerPotion"},{"floor":8,"key":"EssenceOfSteel"},{"floor":10,"key":"Ancient Potion"},{"floor":14,"key":"Ancient Potion"},{"floor":18,"key":"SkillPotion"},{"floor":19,"key":"SkillPotion"},{"floor":23,"key":"Swift Potion"},{"floor":24,"key":"EssenceOfSteel"},{"floor":27,"key":"SteroidPotion"},{"floor":29,"key":"LiquidBronze"},{"floor":30,"key":"PowerPotion"},{"floor":31,"key":"EssenceOfSteel"},{"floor":33,"key":"AttackPotion"},{"floor":35,"key":"AttackPotion"},{"floor":36,"key":"PowerPotion"},{"floor":39,"key":"Ancient Potion"},{"floor":40,"key":"Fire Potion"},{"floor":41,"key":"SkillPotion"},{"floor":42,"key":"Ancient Potion"},{"floor":46,"key":"SkillPotion"},{"floor":47,"key":"Energy Potion"}],"is_trial":false,"path_per_floor":["M","M","M","?","M","E","M","E","T","M","R","E","M","M","R","B",null,"M","M","$","?","?","E","M","R","T","M","$","E","M","M","R","B",null,"M","?","?","?","M","E","M","E","T","?","R","M","M","$","R","B"],"character_chosen":"DEFECT","items_purchased":["Cold Snap","Leap","Coolheaded","Loop","Impatience","Thunder Strike","DollysMirror","Defragment","The Bomb"],"campfire_rested":6,"item_purchase_floors":[20,20,20,20,20,28,48,48,48],"current_hp_per_floor":[84,84,83,76,71,52,45,32,32,32,58,50,50,46,72,14,89,71,63,63,63,63,49,28,55,55,44,44,37,43,53,80,77,91,83,80,69,69,76,84,61,61,61,51,97,87,85,85,101,0],"gold":34,"neow_bonus":"TWENTY_PERCENT_HP_BONUS","is_prod":false,"is_daily":false,"chose_seed":false,"campfire_upgraded":0,"win_rate":0.0,"timestamp":1543124223,"path_taken":["M","M","M","?","M","E","M","E","T","M","R","E","M","M","R","BOSS","M","M","$","?","?","E","M","R","T","?","?","E","M","M","R","BOSS","M","?","?","?","?","E","M","E","T","?","R","M","M","$","R","BOSS"],"build_version":"2018-11-15","purchased_purges":0,"victory":false,"max_hp_per_floor":[89,89,89,89,89,89,89,89,89,89,89,89,89,89,89,89,89,89,89,89,89,89,91,91,91,91,91,91,91,91,91,91,91,91,91,91,91,91,93,93,95,97,97,97,99,99,101,101,101,101],"card_choices":[{"not_picked":["Barrage","Double Energy"],"picked":"Sunder","floor":1},{"not_picked":["Hologram","Turbo","Beam Cell"],"picked":"SKIP","floor":2},{"not_picked":["Fusion","Steam"],"picked":"Static Discharge","floor":3},{"not_picked":["Conserve Battery","Turbo"],"picked":"Leap","floor":5},{"not_picked":["Multi-Cast","Scrape"],"picked":"Static Discharge","floor":6},{"not_picked":["Hello World","Conserve Battery"],"picked":"Blizzard","floor":7},{"not_picked":["Stack","Skim"],"picked":"Leap","floor":8},{"not_picked":["Gash","Chaos"],"picked":"Auto Shields","floor":10},{"not_picked":["Steam Power","Undo"],"picked":"Conserve Battery","floor":12},{"not_picked":["Gash","Sweeping Beam"],"picked":"Steam","floor":13},{"not_picked":["Double Energy","Reboot"],"picked":"Coolheaded","floor":14},{"not_picked":["Steam","Redo"],"picked":"Leap","floor":15},{"not_picked":["Machine Learning","Rainbow"],"picked":"Electrodynamics","floor":16},{"not_picked":["Scrape","Reprogram"],"picked":"Ball Lightning","floor":18},{"not_picked":["Scrape","Redo"],"picked":"Steam","floor":19},{"not_picked":["Scrape","Redo","Stack"],"picked":"Singing Bowl","floor":23},{"not_picked":["Sweeping Beam","Stack"],"picked":"Conserve Battery","floor":24},{"not_picked":["Cold Snap","Stack"],"picked":"Loop","floor":25},{"not_picked":["Force Field","FTL"],"picked":"Conserve Battery","floor":27},{"not_picked":["Lockon","Consume"],"picked":"Self Repair+1","floor":29},{"not_picked":["Reprogram","Compile Driver+1"],"picked":"Conserve Battery+1","floor":30},{"not_picked":["Conserve Battery","Echo Form"],"picked":"Storm","floor":31},{"not_picked":["Sweeping Beam","Force Field"],"picked":"Static Discharge","floor":32},{"not_picked":["Biased Cognition","Amplify"],"picked":"Creative AI","floor":33},{"not_picked":["Force Field+1","Go for the Eyes"],"picked":"Leap+1","floor":35},{"not_picked":["Ball Lightning+1","Compile Driver"],"picked":"Heatsinks","floor":36},{"not_picked":["Beam Cell","Reprogram+1","Hologram"],"picked":"Singing Bowl","floor":39},{"not_picked":["Cold Snap","Genetic Algorithm+1"],"picked":"White Noise","floor":40},{"not_picked":["Sweeping Beam","Streamline","Hologram"],"picked":"Singing Bowl","floor":41},{"not_picked":["Doom and Gloom+1","Reinforced Body","Sweeping Beam+1"],"picked":"Singing Bowl","floor":42},{"not_picked":["Trip","Bandage Up"],"picked":"Dark Shackles","floor":44},{"not_picked":["Transmutation","Jack Of All Trades"],"picked":"Apotheosis","floor":44},{"not_picked":["PanicButton","Trip"],"picked":"Jack Of All Trades","floor":44},{"not_picked":["Turbo+1","Streamline+1","Rebound+1"],"picked":"Singing Bowl","floor":45},{"not_picked":["Streamline+1","Leap"],"picked":"Hello World+1","floor":46},{"not_picked":["Reinforced Body","Beam Cell","Streamline+1"],"picked":"Singing Bowl","floor":47},{"not_picked":["Compile Driver+1","Barrage"],"picked":"Auto Shields+1","floor":49}],"player_experience":308078,"relics_obtained":[{"floor":6,"key":"Anchor"},{"floor":8,"key":"Mummified Hand"},{"floor":9,"key":"Singing Bowl"},{"floor":12,"key":"Dream Catcher"},{"floor":23,"key":"Gremlin Horn"},{"floor":26,"key":"PreservedInsect"},{"floor":29,"key":"Ornamental Fan"},{"floor":36,"key":"Ginger"},{"floor":40,"key":"Bottled Lightning"},{"floor":42,"key":"Ice Cream"},{"floor":43,"key":"Regal Pillow"}],"event_choices":[{"cards_removed":["Strike_B"],"damage_healed":0,"gold_gain":0,"player_choice":"Card Removal","damage_taken":7,"max_hp_gain":0,"max_hp_loss":0,"event_name":"Golden Wing","floor":4,"gold_loss":0},{"damage_healed":0,"gold_gain":0,"player_choice":"Ignored","damage_taken":0,"max_hp_gain":0,"max_hp_loss":0,"event_name":"Ghosts","floor":21,"gold_loss":0},{"damage_healed":0,"gold_gain":0,"player_choice":"Trade","damage_taken":0,"relics_obtained":["GremlinMask"],"max_hp_gain":0,"max_hp_loss":0,"event_name":"FaceTrader","floor":22,"gold_loss":0},{"damage_healed":0,"gold_gain":0,"player_choice":"Fight","damage_taken":0,"max_hp_gain":0,"max_hp_loss":0,"event_name":"MindBloom","floor":36,"gold_loss":0},{"damage_healed":0,"gold_gain":0,"player_choice":"Embrace Madness","damage_taken":11,"max_hp_gain":0,"max_hp_loss":0,"event_name":"Winding Halls","floor":37,"gold_loss":0,"cards_obtained":["Madness","Madness"]},{"damage_healed":0,"gold_gain":0,"player_choice":"Copied","damage_taken":0,"max_hp_gain":0,"max_hp_loss":0,"event_name":"Duplicator","floor":38,"gold_loss":0,"cards_obtained":["Creative AI"]},{"damage_healed":0,"gold_gain":0,"player_choice":"Memory 3","damage_taken":10,"max_hp_gain":0,"max_hp_loss":0,"event_name":"SensoryStone","floor":44,"gold_loss":0}],"is_beta":false,"boss_relics":[{"not_picked":["Astrolabe","Orrery"],"picked":"White Beast Statue"},{"not_picked":["Busted Crown","Tiny House"],"picked":"Inserter"}],"items_purged_floors":[],"is_endless":false,"potions_floor_spawned":[1,2,8,10,14,18,19,23,24,27,29,30,31,33,35,36,39,40,41,42,46,47],"killed_by":"Awakened One","ascension_level":0}