{"gold_per_floor":[110,185,203,203,219,246,246,273,300,316,316,335,395,91,91,191,191,211,230,145,145,65,65,85,104,127,127,127,127,154,181,193,205],"floor_reached":33,"playtime":2475,"items_purged":["Strike_G","Strike_G"],"score":403,"play_id":"9406bf12-af61-4dc8-bf2c-486d8e8e5314","local_time":"20190408102836","is_ascension_mode":true,"campfire_choices":[{"floor":7.0,"key":"REST"},{"floor":11.0,"key":"REST"},{"floor":15,"key":"REST"},{"floor":23,"key":"REST"},{"floor":27,"key":"REST"},{"data":"Neutralize","floor":29,"key":"SMITH"},{"data":"Leg Sweep","floor":32,"key":"SMITH"}],"neow_cost":"NONE","seed_source_timestamp":394201037450135,"circlet_count":0,"master_deck":["Defend_G","Defend_G","Defend_G","Defend_G","Defend_G","Strike_G","Strike_G","Strike_G","Survivor","Neutralize+1","All Out Attack","Deflect","Dodge and Roll","Leg Sweep+1","Dodge and Roll","Deadly Poison","Deadly Poison","Corpse Explosion","Footwork","Caltrops","Malaise","Poisoned Stab","Necronomicurse","PiercingWail","Footwork+1","Deadly Poison","Eviscerate","Corpse Explosion"],"special_seed":0,"relics":["Ring of the Snake","Peace Pipe","The Courier","The Specimen","Dream Catcher","Tiny Chest","Snecko Eye","Bag of Preparation","Necronomicon","PreservedInsect","Anchor","MawBank"],"potions_floor_usage":[13,13,16,18,30,33,33,33],"damage_taken":[{"damage":0.0,"enemies":"Cultist","floor":1.0,"turns":3.0},{"damage":2.0,"enemies":"Jaw Worm","floor":3.0,"turns":5.0},{"damage":0.0,"enemies":"Small Slimes","floor":5.0,"turns":3.0},{"damage":28.0,"enemies":"Gremlin Nob","floor":6.0,"turns":4.0},{"damage":5.0,"enemies":"3 Sentries","floor":8.0,"turns":7.0},{"damage":3.0,"enemies":"2 Fungi Beasts","floor":10.0,"turns":4.0},{"damage":0.0,"enemies":"Looter","floor":12.0,"turns":4.0},{"damage":19,"enemies":"Gremlin Nob","floor":13,"turns":4},{"damage":20,"enemies":"Hexaghost","floor":16,"turns":10},{"damage":22,"enemies":"Shell Parasite","floor":18,"turns":7},{"damage":16,"enemies":"Chosen","floor":19,"turns":8},{"damage":0,"enemies":"Centurion and Healer","floor":24,"turns":5},{"damage":2,"enemies":"Snake Plant","floor":25,"turns":5},{"damage":12,"enemies":"Slavers","floor":30,"turns":3},{"damage":0,"enemies":"Snecko","floor":31,"turns":5},{"damage":83,"enemies":"Automaton","floor":33,"turns":6}],"seed_played":"-4445074184470175433","potions_obtained":[{"floor":0.0,"key":"Block Potion"},{"floor":0.0,"key":"SneckoOil"},{"floor":0.0,"key":"FearPotion"},{"floor":8.0,"key":"PowerPotion"},{"floor":10.0,"key":"Energy Potion"},{"floor":12.0,"key":"Fire Potion"},{"floor":13,"key":"SpeedPotion"},{"floor":16,"key":"GamblersBrew"},{"floor":18,"key":"EssenceOfSteel"},{"floor":19,"key":"AttackPotion"},{"floor":31,"key":"GamblersBrew"}],"is_trial":false,"path_per_floor":["M","?","M","T","M","E","R","E","T","M","R","M","E","$","R","B",null,"M","M","?","?","$","R","M","M","T","R","T","R","E","M","R","B"],"character_chosen":"THE_SILENT","items_purchased":["Corpse Explosion","Footwork","Caltrops"],"campfire_rested":5,"item_purchase_floors":[14,14,14],"current_hp_per_floor":[63,52,50,50,50,22,43,38,38,35,56,56,37,37,58,38,62,40,24,24,8,8,29,29,27,27,48,48,48,36,36,36,0],"gold":205,"neow_bonus":"THREE_SMALL_POTIONS","is_prod":false,"is_daily":false,"chose_seed":false,"campfire_upgraded":2,"win_rate":0,"timestamp":1554712116,"path_taken":["M","?","M","?","M","E","R","E","T","M","R","M","E","$","R","BOSS","M","M","?","?","$","R","M","M","T","R","?","R","E","M","R","BOSS"],"build_version":"2019-01-23","purchased_purges":2,"victory":false,"max_hp_per_floor":[70,70,70,70,70,70,70,70,70,70,70,70,70,70,70,70,70,70,70,70,70,70,70,70,70,70,70,70,70,70,70,70,70],"card_choices":[{"not_picked":["Accuracy","Masterful Stab"],"picked":"All Out Attack","floor":1.0},{"not_picked":["Masterful Stab","Backflip"],"picked":"Deflect","floor":3.0},{"not_picked":["Outmaneuver","Accuracy"],"picked":"Dodge and Roll","floor":5.0},{"not_picked":["PiercingWail","Backflip"],"picked":"Leg Sweep","floor":6.0},{"not_picked":["Acrobatics","Skewer"],"picked":"Dodge and Roll","floor":8.0},{"not_picked":["Flying Knee","Slice"],"picked":"Deadly Poison","floor":10.0},{"not_picked":["Prepared","Concentrate"],"picked":"Deadly Poison","floor":12.0},{"not_picked":["Dagger Throw","Acrobatics","Dodge and Roll"],"picked":"SKIP","floor":13},{"not_picked":["Die Die Die","A Thousand Cuts"],"picked":"Malaise","floor":16},{"not_picked":["PiercingWail","Calculated Gamble","Blur"],"picked":"SKIP","floor":18},{"not_picked":["Bane+1","Riddle With Holes"],"picked":"Poisoned Stab","floor":19},{"not_picked":["Tactician","Blade Dance"],"picked":"PiercingWail","floor":23},{"not_picked":["Acrobatics","Well Laid Plans+1"],"picked":"Footwork+1","floor":24},{"not_picked":["Flechettes","Prepared"],"picked":"Deadly Poison","floor":25},{"not_picked":["Finisher","Backflip+1"],"picked":"Eviscerate","floor":27},{"not_picked":["Underhanded Strike","Endless Agony+1"],"picked":"Corpse Explosion","floor":30},{"not_picked":["PiercingWail","Bane+1","Accuracy+1"],"picked":"SKIP","floor":31}],"player_experience":410803,"relics_obtained":[{"floor":4.0,"key":"Peace Pipe"},{"floor":6.0,"key":"The Courier"},{"floor":8.0,"key":"The Specimen"},{"floor":9.0,"key":"Dream Catcher"},{"floor":13,"key":"Tiny Chest"},{"floor":21,"key":"Necronomicon"},{"floor":26,"key":"PreservedInsect"},{"floor":28,"key":"Anchor"},{"floor":30,"key":"MawBank"}],"event_choices":[{"damage_healed":0.0,"max_hp_gain":0.0,"max_hp_loss":0.0,"gold_gain":75.0,"event_name":"World of Goop","player_choice":"Gather Gold","floor":2.0,"gold_loss":0.0,"damage_taken":11.0},{"damage_healed":0,"gold_gain":0,"player_choice":"Obtained Relic","damage_taken":0,"relics_obtained":["Bag of Preparation"],"max_hp_gain":0,"max_hp_loss":0,"event_name":"Addict","floor":20,"gold_loss":85},{"damage_healed":0,"gold_gain":0,"player_choice":"Obtained Book","damage_taken":16,"max_hp_gain":0,"max_hp_loss":0,"event_name":"Cursed Tome","floor":21,"gold_loss":0}],"is_beta":false,"boss_relics":[{"not_picked":["Runic Dome","Ectoplasm"],"picked":"Snecko Eye"}],"items_purged_floors":[14,22],"is_endless":false,"potions_floor_spawned":[8,10,12,13,16,18,19,24,31],"killed_by":"Automaton","ascension_level":6}