{"gold_per_floor":[111,111,128,140,140,140,43,70,140,173,173,203,203,128,128,203,203,223,223,235,253,253,253,287,132,132,32,45,60,60,76,76,153,153,172,172,19,19,30,30,61,107,107,107,27,27,47,58,58,58],"floor_reached":51,"playtime":2859,"items_purged":["Strike_B","Strike_B"],"score":1182,"play_id":"17cf2106-4cfc-4733-b43a-a1850b9c8ae6","local_time":"20180814084438","is_ascension_mode":true,"campfire_choices":[{"data":"Zap","floor":6.0,"key":"SMITH"},{"data":"Redo","floor":11.0,"key":"SMITH"},{"data":"Loop","floor":13.0,"key":"SMITH"},{"data":"Hologram","floor":15.0,"key":"SMITH"},{"data":"Zap","floor":23.0,"key":"SMITH"},{"data":"Hologram","floor":30.0,"key":"SMITH"},{"data":"Thunder Strike","floor":32.0,"key":"SMITH"},{"data":"White Noise","floor":40.0,"key":"SMITH"},{"data":"Hologram","floor":44.0,"key":"SMITH"},{"data":"Loop","floor":46.0,"key":"SMITH"},{"data":"Reinforced Body","floor":49,"key":"SMITH"}],"neow_cost":"NONE","seed_source_timestamp":16615780151148,"circlet_count":0,"master_deck":["Defend_B","Defend_B","Defend_B","Defend_B","Zap+1","Dualcast","AscendersBane","Rainbow","Hologram+1","Compile Driver","White Noise+1","Conserve Battery","Redo+1","Electrodynamics","Loop+1","Biased Cognition","Coolheaded+1","Hologram+1","Self Repair","Zap+1","Thunder Strike+1","Echo Form","Reinforced Body+1","Go for the Eyes+1","Capacitor+1","Hologram+1","Core Surge+1","Sunder+1","Compile Driver+1","Loop+1","Glacier"],"special_seed":0,"relics":["Cracked Core","Happy Flower","Question Card","Pear","Ancient Tea Set","Nuclear Battery","Molten Egg 2","Potion Belt","Sozu","Orichalcum","Pantograph","Ginger","Kunai"],"potions_floor_usage":[47,50,50],"damage_taken":[{"damage":13.0,"enemies":"Small Slimes","floor":1.0,"turns":4.0},{"damage":6.0,"enemies":"Cultist","floor":3.0,"turns":6.0},{"damage":4.0,"enemies":"2 Louse","floor":4.0,"turns":2.0},{"damage":1.0,"enemies":"Gremlin Nob","floor":8.0,"turns":3.0},{"damage":31.0,"enemies":"3 Sentries","floor":10.0,"turns":7.0},{"damage":10.0,"enemies":"Lagavulin","floor":12.0,"turns":4.0},{"damage":13.0,"enemies":"Hexaghost","floor":16.0,"turns":6.0},{"damage":7.0,"enemies":"Shell Parasite","floor":18.0,"turns":4.0},{"damage":0.0,"enemies":"Spheric Guardian","floor":20.0,"turns":3.0},{"damage":8.0,"enemies":"3 Cultists","floor":21.0,"turns":3.0},{"damage":1.0,"enemies":"Book of Stabbing","floor":24.0,"turns":3.0},{"damage":10.0,"enemies":"Snake Plant","floor":28.0,"turns":4.0},{"damage":9.0,"enemies":"Centurion and Healer","floor":29.0,"turns":5.0},{"damage":4.0,"enemies":"Cultist and Chosen","floor":31.0,"turns":4.0},{"damage":15.0,"enemies":"Collector","floor":33.0,"turns":6.0},{"damage":5.0,"enemies":"3 Shapes","floor":35.0,"turns":3.0},{"damage":2.0,"enemies":"Orb Walker","floor":39.0,"turns":4.0},{"damage":10.0,"enemies":"Nemesis","floor":41.0,"turns":5.0},{"damage":9.0,"floor":42.0,"turns":4.0},{"damage":17,"enemies":"Snecko and Mystics","floor":47,"turns":5},{"damage":14,"enemies":"Sphere and 2 Shapes","floor":48,"turns":5},{"damage":40,"enemies":"Time Eater","floor":50,"turns":10}],"seed_played":"3870432109862998100","potions_obtained":[{"floor":1.0,"key":"Strength Potion"},{"floor":3.0,"key":"FocusPotion"},{"floor":16.0,"key":"PowerPotion"},{"floor":20.0,"key":"FocusPotion"},{"floor":31.0,"key":"AttackPotion"},{"floor":33.0,"key":"SkillPotion"}],"is_trial":false,"path_per_floor":["M","?","M","M","?","R","$","E","T","E","R","E","R","?","R","B",null,"M","?","M","M","?","R","E","$","T","$","M","M","R","M","R","B",null,"M","?","$","?","M","R","E","?","T","R","$","R","M","M","R","B"],"character_chosen":"DEFECT","items_purchased":["White Noise","Conserve Battery","Reinforced Body","Orichalcum","Loop"],"campfire_rested":0,"item_purchase_floors":[7,7,25,37,45],"current_hp_per_floor":[51,44,38,34,57,57,57,56,56,35,35,25,25,25,25,12,64,57,57,57,49,49,49,55,55,55,55,52,50,50,53,53,45,72,74,74,74,74,72,72,76,74,74,74,74,74,57,50,50,35],"gold":58,"neow_bonus":"ONE_RANDOM_RARE_CARD","is_prod":false,"is_daily":false,"chose_seed":false,"campfire_upgraded":11,"win_rate":0,"timestamp":1534229078,"path_taken":["M","?","M","M","?","R","$","E","T","E","R","E","R","?","R","BOSS","M","?","M","M","?","R","E","?","T","$","M","M","R","M","R","BOSS","M","?","$","?","?","R","E","?","T","R","$","R","M","M","R","BOSS"],"build_version":"2018-08-08","purchased_purges":2,"victory":true,"max_hp_per_floor":[71,71,71,71,71,71,71,71,71,81,81,81,81,81,81,81,81,81,81,81,81,81,81,81,81,81,81,81,81,81,81,81,81,81,81,81,81,81,81,81,81,81,81,81,81,81,81,81,81,81],"card_choices":[{"not_picked":["Static Discharge","Barrage"],"picked":"Hologram","floor":1.0},{"not_picked":["Sweeping Beam","Hello World"],"picked":"Compile Driver","floor":3.0},{"not_picked":["Turbo","Steam","Sweeping Beam"],"picked":"SKIP","floor":4.0},{"not_picked":["Chaos","Darkness"],"picked":"Redo","floor":8.0},{"not_picked":["Glacier","Rebound","Coolheaded"],"picked":"Electrodynamics","floor":10.0},{"not_picked":["Undo","Stack","Streamline"],"picked":"Loop","floor":12.0},{"not_picked":["Multi-Cast","Rainbow","Amplify"],"picked":"Biased Cognition","floor":16.0},{"not_picked":["Sweeping Beam+1","Melter","Hologram"],"picked":"Coolheaded+1","floor":18.0},{"not_picked":["Storm","Leap","Scrape"],"picked":"Hologram","floor":20.0},{"not_picked":["Consume","Barrage+1","Scrape+1"],"picked":"Self Repair","floor":21.0},{"not_picked":["Gash+1","Turbo","Lockon"],"picked":"Echo Form","floor":24.0},{"not_picked":["Darkness","Scrape+1","Lockon+1"],"picked":"Go for the Eyes+1","floor":28.0},{"not_picked":["Reinforced Body","Gash+1","Conserve Battery"],"picked":"Capacitor+1","floor":29.0},{"not_picked":["Storm","Doom and Gloom+1","Genetic Algorithm"],"picked":"Hologram","floor":31.0},{"not_picked":["Hyperbeam+1","Fission","Thunder Strike+1"],"picked":"Core Surge+1","floor":33.0},{"not_picked":["Ball Lightning+1","Scrape+1","Sweeping Beam+1"],"picked":"Sunder+1","floor":35.0},{"not_picked":["Stack","Conserve Battery","Fusion"],"picked":"Compile Driver+1","floor":39.0},{"not_picked":["Self Repair","Skim","Steam+1","Conserve Battery"],"picked":"SKIP","floor":41.0},{"not_picked":["Sweeping Beam+1","Skim","Undo"],"picked":"Glacier","floor":47},{"not_picked":["Gash+1","Turbo","Reboot","Coolheaded"],"picked":"SKIP","floor":48}],"player_experience":863043,"relics_obtained":[{"floor":8.0,"key":"Happy Flower"},{"floor":9.0,"key":"Question Card"},{"floor":10.0,"key":"Pear"},{"floor":12.0,"key":"Ancient Tea Set"},{"floor":24.0,"key":"Molten Egg 2"},{"floor":26.0,"key":"Potion Belt"},{"floor":41.0,"key":"Pantograph"},{"floor":42.0,"key":"Ginger"},{"floor":43.0,"key":"Kunai"}],"event_choices":[{"event_name":"Golden Wing","player_choice":"Card Removal","floor":2.0,"damage_taken":0.0},{"event_name":"Big Fish","player_choice":"Banana","floor":5.0,"damage_taken":0.0},{"event_name":"The Cleric","player_choice":"Card Removal","floor":14.0,"damage_taken":0.0},{"event_name":"Vampires","player_choice":"Ignored","floor":19.0,"damage_taken":0.0},{"event_name":"Match and Keep!","player_choice":"2 cards matched","floor":22.0,"damage_taken":0.0},{"event_name":"Tomb of Lord Red Mask","player_choice":"Ignored","floor":36.0,"damage_taken":0.0},{"event_name":"SensoryStone","player_choice":"Memory 1","floor":38.0,"damage_taken":0.0},{"event_name":"Mysterious Sphere","player_choice":"Fight","floor":42.0,"damage_taken":0.0}],"is_beta":true,"boss_relics":[{"not_picked":["Runic Dome","Empty Cage"],"picked":"Nuclear Battery"},{"not_picked":["Runic Pyramid","Astrolabe"],"picked":"Sozu"}],"items_purged_floors":[25,27],"is_endless":false,"potions_floor_spawned":[1,3,16,20,31,33,35,41,42,48],"ascension_level":15}