{"gold_per_floor":[114,39,39,39,39,68,82,82,105,133,149,176,196,196,196,196],"floor_reached":16,"playtime":1757,"items_purged":["Shame"],"score":132,"play_id":"c62cec58-b9d0-4c54-abf7-55fa64140cf0","local_time":"20181126180806","is_ascension_mode":true,"campfire_choices":[{"floor":8,"key":"REST"},{"floor":15,"key":"REST"}],"neow_cost":"CURSE","seed_source_timestamp":933462534582096,"circlet_count":0,"master_deck":["Strike_B","Strike_B","Strike_B","Strike_B","Defend_B","Defend_B","Defend_B","Defend_B","Zap","Dualcast","Discovery","PanicButton","Capacitor+1","Core Surge","Biased Cognition","Fusion","Loop"],"relics":["Cracked Core","Lantern","Cables","Omamori","Happy Flower","Nunchaku","Art of War"],"potions_floor_usage":[10,14],"damage_taken":[{"damage":3,"enemies":"2 Louse","floor":1,"turns":3},{"damage":21,"enemies":"Lagavulin","floor":6,"turns":5},{"damage":4,"enemies":"Jaw Worm","floor":7,"turns":3},{"damage":28,"enemies":"3 Sentries","floor":10,"turns":8},{"damage":0,"enemies":"Cultist","floor":11,"turns":2},{"damage":16,"enemies":"Gremlin Nob","floor":12,"turns":4},{"damage":19,"enemies":"Lots of Slimes","floor":13,"turns":3},{"damage":0,"enemies":"Looter","floor":14,"turns":1},{"damage":25,"enemies":"Hexaghost","floor":16,"turns":7}],"seed_played":"-503222007985857069","potions_obtained":[{"floor":1,"key":"FocusPotion"},{"floor":12,"key":"SmokeBomb"}],"is_trial":false,"path_per_floor":["M","$","?","T","?","E","M","R","T","E","M","E","M","M","R","B"],"character_chosen":"DEFECT","items_purchased":[],"campfire_rested":2,"item_purchase_floors":[],"current_hp_per_floor":[72,72,69,69,69,48,44,66,66,38,38,22,3,3,25,0],"gold":196,"neow_bonus":"RANDOM_COLORLESS_2","is_prod":false,"is_daily":false,"chose_seed":false,"campfire_upgraded":0,"win_rate":0,"timestamp":1543273686,"path_taken":["M","$","?","?","?","E","M","R","T","E","M","E","?","M","R","BOSS"],"build_version":"2018-11-15","purchased_purges":1,"victory":false,"max_hp_per_floor":[75,75,75,75,75,75,75,75,75,75,75,75,75,75,75,75],"card_choices":[{"not_picked":["Streamline","Steam"],"picked":"Capacitor","floor":1},{"not_picked":["White Noise","Hologram"],"picked":"Core Surge","floor":6},{"not_picked":["Chill","Hologram","Compile Driver"],"picked":"SKIP","floor":7},{"not_picked":["Leap","Go for the Eyes"],"picked":"Biased Cognition","floor":10},{"not_picked":["Barrage","Redo"],"picked":"Fusion","floor":11},{"not_picked":["Turbo","Streamline"],"picked":"Loop","floor":12},{"not_picked":["Rebound","Recycle","Undo"],"picked":"SKIP","floor":13}],"player_experience":352448,"relics_obtained":[{"floor":4,"key":"Cables"},{"floor":6,"key":"Omamori"},{"floor":9,"key":"Happy Flower"},{"floor":10,"key":"Nunchaku"},{"floor":12,"key":"Art of War"}],"event_choices":[{"damage_healed":0,"gold_gain":0,"player_choice":"Success","damage_taken":3,"relics_obtained":["Lantern"],"max_hp_gain":0,"max_hp_loss":0,"event_name":"Scrap Ooze","floor":3,"gold_loss":0},{"damage_healed":0,"gold_gain":0,"player_choice":"Upgraded","damage_taken":0,"max_hp_gain":0,"max_hp_loss":0,"event_name":"Upgrade Shrine","floor":5,"gold_loss":0,"cards_upgraded":["Capacitor"]}],"is_beta":false,"boss_relics":[],"items_purged_floors":[2],"is_endless":false,"potions_floor_spawned":[1,12,14],"killed_by":"Hexaghost","ascension_level":2}