{"gold_per_floor":[114,114,129,54,69,69,99,99,124,154,154,184,196,223,235,347,359,386,398,425,15,30,30,90,90,115,445,445,475,475,490,490,590,590,605,655,240,240,255,285,385,415,415,430,30,60,75,90,90,90],"floor_reached":51,"playtime":3783,"items_purged":["Strike_R","Defend_R","Machine Learning","Strike_B+1"],"score":861,"play_id":"e90e08ef-553d-4c9c-9483-54801cdd777d","local_time":"20190227130140","daily_mods":["Chimera","Time Dilation","Elite Swarm"],"is_ascension_mode":false,"campfire_choices":[{"data":"Genetic Algorithm","floor":6,"key":"SMITH"},{"floor":8,"key":"REST"},{"data":"Zap","floor":11,"key":"SMITH"},{"data":"Electrodynamics","floor":15,"key":"SMITH"},{"data":"Storm","floor":23,"key":"SMITH"},{"floor":28,"key":"REST"},{"data":"Biased Cognition","floor":30,"key":"SMITH"},{"data":"Coolheaded","floor":32,"key":"SMITH"},{"floor":49,"key":"REST"}],"neow_cost":"","seed_source_timestamp":0,"circlet_count":0,"master_deck":["Survivor+1","Zap+1","Defend_G","Defend_B","Ball Lightning","Lockon+1","Genetic Algorithm+1","Machine Learning","Electrodynamics+1","Thunder Strike","Chill","Biased Cognition","Rebound","Storm+1","Hologram","Loop","Compile Driver","Biased Cognition+1","Reboot","Coolheaded+1","Rainbow","Defragment+1","Madness","Madness","Creative AI+1","Seek","Tempest+1","Amplify"],"special_seed":17954,"relics":["Cracked Core","Orichalcum","Centennial Puzzle","Torii","MawBank","Empty Cage","Matryoshka","Tiny Chest","Vajra","Unceasing Top","DataDisk","Art of War","Old Coin","Frozen Egg 2","Nuclear Battery","Ancient Tea Set","Sundial","Regal Pillow","FossilizedHelix","Dream Catcher","Omamori","Pear","Bronze Scales"],"potions_floor_usage":[10,10,29,50,50,50],"damage_taken":[{"damage":1,"enemies":"Jaw Worm","floor":1,"turns":3},{"damage":2,"enemies":"Small Slimes","floor":3,"turns":3},{"damage":0,"enemies":"Cultist","floor":5,"turns":3},{"damage":30,"enemies":"3 Sentries","floor":7,"turns":7},{"damage":4,"enemies":"Lagavulin","floor":10,"turns":6},{"damage":8,"enemies":"Gremlin Nob","floor":12,"turns":3},{"damage":0,"enemies":"Large Slime","floor":14,"turns":3},{"damage":5,"enemies":"Hexaghost","floor":16,"turns":6},{"damage":0,"enemies":"2 Thieves","floor":18,"turns":3},{"damage":1,"enemies":"Shell Parasite","floor":20,"turns":3},{"damage":21,"enemies":"Centurion and Healer","floor":22,"turns":4},{"damage":26,"enemies":"Slavers","floor":24,"turns":3},{"damage":0,"enemies":"Gremlin Leader","floor":27,"turns":5},{"damage":22,"enemies":"Slavers","floor":29,"turns":3},{"damage":0,"enemies":"Snake Plant","floor":31,"turns":2},{"damage":26,"enemies":"Champ","floor":33,"turns":6},{"damage":1,"enemies":"3 Shapes","floor":35,"turns":2},{"damage":0,"enemies":"Orb Walker","floor":39,"turns":2},{"damage":0,"enemies":"Giant Head","floor":40,"turns":5},{"damage":0,"enemies":"Mind Bloom Boss Battle","floor":41,"turns":4},{"damage":33,"enemies":"Nemesis","floor":42,"turns":5},{"damage":0,"enemies":"3 Darklings","floor":44,"turns":2},{"damage":0,"enemies":"Reptomancer","floor":46,"turns":4},{"damage":14,"enemies":"Jaw Worm Horde","floor":47,"turns":2},{"damage":0,"enemies":"Maw","floor":48,"turns":5},{"damage":16,"enemies":"Awakened One","floor":50,"turns":6}],"seed_played":"8256108652723844663","potions_obtained":[{"floor":1,"key":"Swift Potion"},{"floor":3,"key":"Strength Potion"},{"floor":7,"key":"Dexterity Potion"},{"floor":10,"key":"Dexterity Potion"},{"floor":18,"key":"SteroidPotion"},{"floor":35,"key":"AttackPotion"},{"floor":39,"key":"PowerPotion"},{"floor":41,"key":"PowerPotion"},{"floor":44,"key":"Energy Potion"},{"floor":47,"key":"PowerPotion"}],"is_trial":false,"path_per_floor":["M","?","M","$","M","R","E","R","T","E","R","E","?","M","R","B",null,"M","?","M","$","M","R","E","T","T","E","R","E","R","M","R","B",null,"M","T","$","?","M","E","?","E","T","M","$","E","M","M","R","B",null],"character_chosen":"DEFECT","items_purchased":["Loop","Matryoshka","Defragment+1","Sundial","Pear"],"campfire_rested":3,"item_purchase_floors":[21,21,37,37,45],"current_hp_per_floor":[74,59,57,57,57,57,27,49,49,45,45,37,37,37,37,32,75,75,75,74,74,53,53,27,27,27,27,49,27,27,27,27,1,75,74,74,74,65,65,65,65,32,32,32,42,42,28,28,68,52],"gold":90,"neow_bonus":"","is_prod":false,"is_daily":true,"chose_seed":false,"campfire_upgraded":6,"win_rate":0,"timestamp":1551268900,"path_taken":["M","?","M","$","M","R","E","R","T","E","R","E","?","M","R","BOSS","M","?","M","$","M","R","E","?","T","E","R","E","R","M","R","BOSS","M","?","$","?","?","E","?","E","T","M","$","E","M","M","R","BOSS"],"build_version":"2019-01-23","purchased_purges":4,"victory":true,"max_hp_per_floor":[75,75,75,75,75,75,75,75,75,75,75,75,75,75,75,75,75,75,75,75,75,75,75,75,75,75,75,75,75,75,75,75,75,75,75,75,75,75,75,75,75,75,75,75,85,85,85,85,85,85],"card_choices":[{"not_picked":["Darkness","Hello World"],"picked":"Ball Lightning","floor":1},{"not_picked":["Sweeping Beam","Hologram"],"picked":"Lockon","floor":3},{"not_picked":["Ball Lightning","Barrage"],"picked":"Genetic Algorithm","floor":5},{"not_picked":["Multi-Cast","Fission"],"picked":"Machine Learning","floor":7},{"not_picked":["Fission","Reboot"],"picked":"Electrodynamics","floor":10},{"not_picked":["Core Surge","All For One"],"picked":"Thunder Strike","floor":12},{"not_picked":["Steam Power","Hologram"],"picked":"Chill","floor":14},{"not_picked":["Fission","Thunder Strike"],"picked":"Biased Cognition","floor":16},{"not_picked":["Beam Cell","Sweeping Beam"],"picked":"Rebound","floor":18},{"not_picked":["Leap","Streamline+1"],"picked":"Hologram","floor":20},{"not_picked":["Steam","Stack"],"picked":"Compile Driver","floor":22},{"not_picked":["Fission","Multi-Cast"],"picked":"Machine Learning","floor":24},{"not_picked":["Hyperbeam","Machine Learning"],"picked":"Biased Cognition","floor":27},{"not_picked":["Electrodynamics","Amplify"],"picked":"Reboot","floor":29},{"not_picked":["Gash","Redo"],"picked":"Coolheaded","floor":31},{"not_picked":["Fission","Thunder Strike"],"picked":"Rainbow","floor":33},{"not_picked":["Hello World+1","Compile Driver+1","Beam Cell+1"],"picked":"SKIP","floor":35},{"not_picked":["Sunder+1","Static Discharge+1","Undo"],"picked":"SKIP","floor":39},{"not_picked":["Core Surge","All For One"],"picked":"Creative AI+1","floor":40},{"not_picked":["All For One","Electrodynamics+1"],"picked":"Seek","floor":42},{"not_picked":["Turbo+1","Blizzard+1"],"picked":"Tempest+1","floor":44},{"not_picked":["Fission","Rainbow"],"picked":"Amplify","floor":46},{"not_picked":["Coolheaded","Rip and Tear+1","Compile Driver"],"picked":"SKIP","floor":47},{"not_picked":["Cold Snap","Scrape+1","Redo"],"picked":"SKIP","floor":48}],"player_experience":243711,"relics_obtained":[{"floor":7,"key":"Orichalcum"},{"floor":9,"key":"Centennial Puzzle"},{"floor":10,"key":"Torii"},{"floor":12,"key":"MawBank"},{"floor":24,"key":"Tiny Chest"},{"floor":25,"key":"Vajra"},{"floor":25,"key":"Unceasing Top"},{"floor":26,"key":"DataDisk"},{"floor":26,"key":"Art of War"},{"floor":27,"key":"Old Coin"},{"floor":29,"key":"Frozen Egg 2"},{"floor":36,"key":"Ancient Tea Set"},{"floor":40,"key":"Regal Pillow"},{"floor":41,"key":"FossilizedHelix"},{"floor":42,"key":"Dream Catcher"},{"floor":43,"key":"Omamori"},{"floor":46,"key":"Bronze Scales"}],"event_choices":[{"damage_healed":0,"gold_gain":0,"player_choice":"Entered Light","damage_taken":15,"max_hp_gain":0,"max_hp_loss":0,"event_name":"Shining Light","floor":2,"gold_loss":0,"cards_upgraded":["Strike_B","Survivor"]},{"damage_healed":0,"gold_gain":0,"player_choice":"Grow","damage_taken":0,"max_hp_gain":0,"max_hp_loss":0,"event_name":"Living Wall","floor":13,"gold_loss":0,"cards_upgraded":["Lockon"]},{"damage_healed":0,"gold_gain":0,"player_choice":"Read","damage_taken":0,"max_hp_gain":0,"max_hp_loss":0,"event_name":"The Library","floor":19,"gold_loss":0,"cards_obtained":["Storm"]},{"damage_healed":0,"gold_gain":0,"player_choice":"Embrace Madness","damage_taken":9,"max_hp_gain":0,"max_hp_loss":0,"event_name":"Winding Halls","floor":38,"gold_loss":0,"cards_obtained":["Madness","Madness"]},{"damage_healed":0,"gold_gain":0,"player_choice":"Fight","damage_taken":0,"max_hp_gain":0,"max_hp_loss":0,"event_name":"MindBloom","floor":41,"gold_loss":0}],"is_beta":false,"boss_relics":[{"not_picked":["Coffee Dripper","Velvet Choker"],"picked":"Empty Cage"},{"not_picked":["Runic Pyramid","FrozenCore"],"picked":"Nuclear Battery"}],"items_purged_floors":[4,21,37,45],"is_endless":false,"potions_floor_spawned":[1,3,7,10,18,20,35,39,41,44,47],"ascension_level":0}