{"gold_per_floor":[115,128,128,2,2,32,49,49,49,69,95,23,54,72,72,150,150,164,177,276,276,296,296,309,321,321,321,321,333,333,364,364,364],"floor_reached":33,"playtime":3337,"items_purged":[],"score":530,"play_id":"a1a34dc1-5e96-4897-a34e-60f76f65b70d","local_time":"20190525200732","is_ascension_mode":true,"campfire_choices":[{"floor":8.0,"key":"REST"},{"floor":15,"key":"REST"},{"floor":23,"key":"REST"},{"floor":27,"key":"REST"},{"floor":30,"key":"REST"},{"floor":32,"key":"REST"}],"neow_cost":"NONE","seed_source_timestamp":437353103090500,"circlet_count":0,"master_deck":["AscendersBane","Defend_G","Defend_G","Defend_G","Defend_G+1","Defend_G","Strike_G","Strike_G","Strike_G+1","Strike_G+1","Survivor+1","Neutralize","Well Laid Plans","Cloak And Dagger","Corpse Explosion","Poisoned Stab","PiercingWail","Deadly Poison","Dash","Cloak And Dagger","Malaise","Noxious Fumes","Noxious Fumes+1","Leg Sweep","Burst"],"special_seed":0,"relics":["Ring of the Snake","NeowsBlessing","Whetstone","Singing Bowl","Letter Opener","Meat on the Bone","Eternal Feather","Smiling Mask","Bottled Lightning","Tingsha"],"potions_floor_usage":[13,13,13,13,16,24,29,31,33],"damage_taken":[{"damage":0.0,"enemies":"2 Louse","floor":1.0,"turns":2.0},{"damage":0.0,"enemies":"Jaw Worm","floor":2.0,"turns":1.0},{"damage":0.0,"enemies":"Lagavulin","floor":6.0,"turns":1.0},{"damage":0.0,"enemies":"Cultist","floor":7.0,"turns":4.0},{"damage":0.0,"enemies":"Gremlin Gang","floor":10.0,"turns":1.0},{"damage":11.0,"enemies":"3 Sentries","floor":11.0,"turns":4.0},{"damage":14,"enemies":"Lagavulin","floor":13,"turns":5},{"damage":0,"enemies":"3 Louse","floor":14,"turns":2},{"damage":22,"enemies":"The Guardian","floor":16,"turns":10},{"damage":0,"enemies":"3 Byrds","floor":18,"turns":2},{"damage":13,"enemies":"Shell Parasite","floor":19,"turns":8},{"damage":16,"enemies":"Colosseum Slavers","floor":21,"turns":5},{"damage":36,"enemies":"Sentry and Sphere","floor":22,"turns":7},{"damage":13,"enemies":"Snake Plant","floor":24,"turns":7},{"damage":30,"enemies":"Snecko","floor":25,"turns":8},{"damage":37,"enemies":"Shelled Parasite and Fungi","floor":29,"turns":6},{"damage":51,"enemies":"Slavers","floor":31,"turns":5},{"damage":87,"enemies":"Automaton","floor":33,"turns":12}],"seed_played":"-2593929286726873469","potions_obtained":[{"floor":1.0,"key":"SkillPotion"},{"floor":10.0,"key":"EntropicBrew"},{"floor":13,"key":"Weak Potion"},{"floor":16,"key":"Weak Potion"},{"floor":19,"key":"FearPotion"},{"floor":25,"key":"GamblersBrew"},{"floor":29,"key":"GamblersBrew"}],"is_trial":false,"path_per_floor":["M","M","?","$","?","E","M","R","T","M","E","$","E","M","R","B",null,"M","M","?","?","M","R","M","M","T","R","T","M","R","E","R","B"],"character_chosen":"THE_SILENT","items_purchased":["Well Laid Plans","Cloak And Dagger","Dash"],"campfire_rested":6,"item_purchase_floors":[4,4,12],"current_hp_per_floor":[59,59,46,46,46,46,46,65,65,65,54,54,42,42,62,40,61,61,50,50,46,24,57,44,28,28,62,62,37,71,32,69,0],"gold":364,"neow_bonus":"THREE_ENEMY_KILL","is_prod":false,"is_daily":false,"chose_seed":false,"campfire_upgraded":0,"win_rate":0,"timestamp":1558829252,"path_taken":["M","M","?","$","?","E","M","R","T","M","E","$","E","?","R","BOSS","M","?","?","?","M","R","M","M","T","R","?","?","R","E","R","BOSS"],"build_version":"2019-01-23","purchased_purges":0,"victory":false,"max_hp_per_floor":[66,66,66,66,66,66,66,66,66,66,66,66,68,68,68,68,68,68,70,70,70,72,72,72,74,74,74,74,74,74,74,74,74],"card_choices":[{"not_picked":["Tactician","Blade Dance","Flying Knee"],"picked":"SKIP","floor":1.0},{"not_picked":["Bane","Deflect","Prepared"],"picked":"SKIP","floor":2.0},{"not_picked":["Tools of the Trade","Dagger Throw"],"picked":"Corpse Explosion","floor":6.0},{"not_picked":["Deflect","Finisher"],"picked":"Poisoned Stab","floor":7.0},{"not_picked":["Bane","Skewer"],"picked":"PiercingWail","floor":10.0},{"not_picked":["Quick Slash","PiercingWail"],"picked":"Deadly Poison","floor":11.0},{"not_picked":["Underhanded Strike","Eviscerate","Outmaneuver"],"picked":"Singing Bowl","floor":13},{"not_picked":["All Out Attack","Riddle With Holes"],"picked":"Cloak And Dagger","floor":14},{"not_picked":["Phantasmal Killer","Storm of Steel"],"picked":"Malaise","floor":16},{"not_picked":["Dodge and Roll","Masterful Stab"],"picked":"Noxious Fumes","floor":18},{"not_picked":["Calculated Gamble","Skewer","Outmaneuver"],"picked":"Singing Bowl","floor":19},{"not_picked":["Outmaneuver","Prepared","Reflex+1"],"picked":"Singing Bowl","floor":22},{"not_picked":["Dash","Slice"],"picked":"Noxious Fumes+1","floor":24},{"not_picked":["Underhanded Strike","Outmaneuver","Deflect"],"picked":"Singing Bowl","floor":25},{"not_picked":["Dodge and Roll","Flying Knee"],"picked":"Leg Sweep","floor":29},{"not_picked":["Flechettes","Setup"],"picked":"Burst","floor":31}],"player_experience":1109421,"relics_obtained":[{"floor":6.0,"key":"Whetstone"},{"floor":9.0,"key":"Singing Bowl"},{"floor":11.0,"key":"Letter Opener"},{"floor":13,"key":"Meat on the Bone"},{"floor":26,"key":"Smiling Mask"},{"floor":28,"key":"Bottled Lightning"},{"floor":31,"key":"Tingsha"}],"event_choices":[{"damage_healed":0.0,"max_hp_gain":0.0,"max_hp_loss":0.0,"gold_gain":0.0,"event_name":"Shining Light","player_choice":"Entered Light","floor":3.0,"gold_loss":0.0,"damage_taken":13.0,"cards_upgraded":["Survivor","Defend_G"]},{"cards_removed":["Strike_G"],"damage_healed":0.0,"max_hp_gain":0.0,"max_hp_loss":0.0,"gold_gain":0.0,"event_name":"Bonfire Elementals","player_choice":"Offered Basic","floor":5.0,"gold_loss":0.0,"damage_taken":0.0},{"damage_healed":0,"gold_gain":99,"player_choice":"Stole From Cult","damage_taken":0,"max_hp_gain":0,"max_hp_loss":0,"event_name":"Nest","floor":20,"gold_loss":0},{"damage_healed":0,"gold_gain":0,"player_choice":"Fight","damage_taken":0,"max_hp_gain":0,"max_hp_loss":0,"event_name":"Colosseum","floor":21,"gold_loss":0},{"damage_healed":0,"gold_gain":0,"player_choice":"Fled From Nobs","damage_taken":0,"max_hp_gain":0,"max_hp_loss":0,"event_name":"Colosseum","floor":21,"gold_loss":0}],"is_beta":false,"boss_relics":[{"not_picked":["Lizard Tail","Astrolabe"],"picked":"Eternal Feather"}],"items_purged_floors":[],"is_endless":false,"potions_floor_spawned":[1,10,11,13,16,19,25,29],"killed_by":"Automaton","ascension_level":14}