{"gold_per_floor":[112,112,126,136,149,149,161,161,161,175,325,360,360,360],"floor_reached":14,"playtime":362,"items_purged":[],"score":175,"play_id":"b7993e91-d7ea-4906-938d-6347fafbf7e9","local_time":"20190522001919","is_ascension_mode":true,"campfire_choices":[{"data":"Bash","floor":6,"key":"SMITH"},{"data":"Disarm","floor":8,"key":"SMITH"}],"neow_cost":"NONE","seed_source_timestamp":93866177453200,"circlet_count":0,"master_deck":["AscendersBane","Strike_R","Strike_R","Strike_R","Strike_R","Strike_R","Defend_R","Defend_R","Defend_R","Defend_R","Bash","Disarm+1","Juggernaut","Bash+1","Cleave","Inflame","Dropkick","Twin Strike","Feel No Pain","Doubt","Havoc"],"relics":["Burning Blood","NeowsBlessing","Blood Vial","Omamori","Self Forming Clay"],"potions_floor_usage":[5,12],"damage_taken":[{"damage":0,"enemies":"Jaw Worm","floor":1,"turns":1},{"damage":0,"enemies":"Cultist","floor":3,"turns":1},{"damage":0,"enemies":"2 Louse","floor":4,"turns":1},{"damage":18,"enemies":"Blue Slaver","floor":5,"turns":4},{"damage":28,"enemies":"2 Fungi Beasts","floor":7,"turns":4},{"damage":12,"enemies":"Exordium Wildlife","floor":10,"turns":3},{"damage":29,"enemies":"3 Sentries","floor":12,"turns":7},{"damage":15,"enemies":"Lots of Slimes","floor":14,"turns":2}],"seed_played":"4872997350362499202","potions_obtained":[{"floor":1,"key":"BloodPotion"},{"floor":7,"key":"PowerPotion"}],"is_trial":false,"path_per_floor":["M","?","M","M","M","R","M","R","T","M","?","E","?","M"],"character_chosen":"IRONCLAD","items_purchased":[],"campfire_rested":0,"item_purchase_floors":[],"current_hp_per_floor":[74,74,75,75,70,70,48,48,48,44,44,23,12,0],"gold":360,"neow_bonus":"THREE_ENEMY_KILL","is_prod":false,"is_daily":false,"chose_seed":false,"campfire_upgraded":2,"win_rate":0,"timestamp":1558498759,"path_taken":["M","?","?","M","?","R","M","R","T","M","?","E","?","M"],"build_version":"2019-01-23","purchased_purges":0,"victory":false,"max_hp_per_floor":[75,75,75,75,75,75,75,75,75,75,75,75,75,75],"card_choices":[{"not_picked":["Pummel","Infernal Blade"],"picked":"Disarm","floor":1},{"not_picked":["Flex","Sword Boomerang"],"picked":"Cleave","floor":3},{"not_picked":["Body Slam","Dual Wield"],"picked":"Inflame","floor":4},{"not_picked":["Havoc","Bloodletting"],"picked":"Dropkick","floor":5},{"not_picked":["Iron Wave","Rage"],"picked":"Twin Strike","floor":7},{"not_picked":["Perfected Strike","Rage"],"picked":"Feel No Pain","floor":10},{"not_picked":["Headbutt","Clothesline"],"picked":"Havoc","floor":12}],"player_experience":468655,"relics_obtained":[{"floor":9,"key":"Blood Vial"},{"floor":12,"key":"Omamori"}],"event_choices":[{"damage_healed":0,"gold_gain":0,"player_choice":"2 cards matched","damage_taken":0,"max_hp_gain":0,"max_hp_loss":0,"event_name":"Match and Keep!","floor":2,"gold_loss":0,"cards_obtained":["Juggernaut","Bash"]},{"damage_healed":0,"gold_gain":150,"player_choice":"AGREE","damage_taken":0,"max_hp_gain":0,"max_hp_loss":0,"event_name":"Liars Game","floor":11,"gold_loss":0,"cards_obtained":["Doubt"]},{"damage_healed":0,"gold_gain":0,"player_choice":"Success","damage_taken":11,"relics_obtained":["Self Forming Clay"],"max_hp_gain":0,"max_hp_loss":0,"event_name":"Scrap Ooze","floor":13,"gold_loss":0}],"is_beta":false,"boss_relics":[],"items_purged_floors":[],"is_endless":false,"potions_floor_spawned":[1,7],"killed_by":"Lots of Slimes","ascension_level":18}