{"gold_per_floor":[117,192,211,97,113,147,147,204,228,245,245,3,3,18,18,114,114,132,47,47,147,30,30,64,64,64,64,91,91,91],"floor_reached":30,"playtime":1228,"items_purged":["Strike_G"],"score":299,"play_id":"8ec53064-1a44-4f4e-8bcd-f50b72728fde","local_time":"20180623113053","is_ascension_mode":true,"campfire_choices":[{"floor":7,"key":"REST"},{"floor":11,"key":"REST"},{"data":"Noxious Fumes","floor":15,"key":"SMITH"},{"data":"Catalyst","floor":23,"key":"SMITH"},{"data":"Deadly Poison","floor":25,"key":"SMITH"},{"data":"Neutralize","floor":27,"key":"SMITH"},{"data":"After Image","floor":29,"key":"SMITH"}],"neow_cost":"NONE","seed_source_timestamp":701767841750979,"circlet_count":0,"master_deck":["Defend_G","Defend_G+1","Defend_G","Defend_G","Defend_G+1","Strike_G","Strike_G","Strike_G","Strike_G","Survivor","Neutralize+1","Backflip","Dagger Spray","Noxious Fumes+1","Catalyst+1","Sucker Punch","A Thousand Cuts","Deadly Poison+1","Flechettes","Bouncing Flask","Crippling Poison","Blur","Normality","After Image+1"],"relics":["Ring of the Snake","Juzu Bracelet","War Paint","Tiny Chest","Orichalcum","Bottled Tornado","Cursed Key","Blood Vial","Blue Candle","Bottled Lightning","Ornamental Fan"],"potions_floor_usage":[6,10,16,16,18,30],"damage_taken":[{"damage":0,"enemies":"Small Slimes","floor":1,"turns":5},{"damage":0,"enemies":"2 Louse","floor":3,"turns":4},{"damage":1,"enemies":"Jaw Worm","floor":5,"turns":5},{"damage":35,"enemies":"Lagavulin","floor":6,"turns":9},{"damage":32,"enemies":"Gremlin Nob","floor":8,"turns":6},{"damage":3,"enemies":"Blue Slaver","floor":10,"turns":6},{"damage":0,"enemies":"Looter","floor":14,"turns":4},{"damage":11,"enemies":"Slime Boss","floor":16,"turns":10},{"damage":0,"enemies":"Spheric Guardian","floor":18,"turns":4},{"damage":23,"enemies":"Book of Stabbing","floor":24,"turns":7},{"damage":17,"enemies":"Gremlin Leader","floor":28,"turns":6},{"damage":48,"enemies":"Slavers","floor":30,"turns":3}],"seed_played":"2599682337440022601","potions_obtained":[{"floor":5,"key":"AttackPotion"},{"floor":8,"key":"EntropicBrew"},{"floor":10,"key":"Energy Potion"},{"floor":16,"key":"GhostInAJar"},{"floor":18,"key":"Energy Potion"}],"is_trial":false,"path_per_floor":["M","?","M","$","M","E","R","E","T","M","R","$","?","M","R","B",null,"M","?","?","?","$","R","E","R","T","R","E","R"],"character_chosen":"THE_SILENT","items_purchased":["Noxious Fumes","Bottled Tornado","Crippling Poison","Blur"],"campfire_rested":2,"item_purchase_floors":[4,12,22,22],"current_hp_per_floor":[70,59,59,59,58,23,44,12,12,9,30,30,30,30,30,19,70,70,70,80,80,80,80,57,57,57,57,42,42,0],"gold":91,"neow_bonus":"RANDOM_COMMON_RELIC","is_prod":false,"is_daily":false,"chose_seed":false,"campfire_upgraded":5,"win_rate":0,"timestamp":1529724653,"path_taken":["M","?","M","$","M","E","R","E","T","M","R","$","?","M","R","BOSS","M","?","?","?","$","R","E","R","T","R","E","R","E"],"build_version":"2018-06-21v2","purchased_purges":1,"victory":false,"max_hp_per_floor":[70,70,70,70,70,70,70,70,70,70,70,70,70,70,70,70,70,70,70,80,80,80,80,80,80,80,80,80,80,80],"card_choices":[{"not_picked":["Poisoned Stab","Sucker Punch"],"picked":"Backflip","floor":1},{"not_picked":["Bane","Dagger Throw"],"picked":"Dagger Spray","floor":3},{"not_picked":["PiercingWail","Eviscerate"],"picked":"Catalyst","floor":5},{"not_picked":["Masterful Stab","Backflip"],"picked":"Sucker Punch","floor":6},{"not_picked":["Setup","Poisoned Stab"],"picked":"A Thousand Cuts","floor":8},{"not_picked":["Cloak And Dagger","Malaise"],"picked":"Deadly Poison","floor":10},{"not_picked":["Slice","Deadly Poison"],"picked":"Flechettes","floor":14},{"not_picked":["Tactician","A Thousand Cuts"],"picked":"Night Terror","floor":16},{"not_picked":["Dagger Spray","Expertise"],"picked":"Bouncing Flask","floor":18},{"not_picked":["Endless Agony","Dagger Spray","Accuracy+1"],"picked":"SKIP","floor":24},{"not_picked":["Dagger Spray+1","Backflip"],"picked":"After Image","floor":28}],"player_experience":145520,"relics_obtained":[{"floor":6,"key":"War Paint"},{"floor":8,"key":"Tiny Chest"},{"floor":9,"key":"Orichalcum"},{"floor":24,"key":"Blue Candle"},{"floor":26,"key":"Bottled Lightning"},{"floor":28,"key":"Ornamental Fan"}],"event_choices":[{"event_name":"World of Goop","player_choice":"Gather Gold","floor":2,"damage_taken":0},{"event_name":"The Cleric","player_choice":"Leave","floor":13,"damage_taken":0},{"event_name":"Addict","player_choice":"Obtained Relic","floor":19,"damage_taken":0},{"event_name":"Bonfire Elementals","player_choice":"RARE","floor":20,"damage_taken":0},{"event_name":"Golden Shrine","player_choice":"Pray","floor":21,"damage_taken":0}],"boss_relics":[{"not_picked":["Pandora\u0027s Box","Runic Pyramid"],"picked":"Cursed Key"}],"items_purged_floors":[4],"is_endless":false,"potions_floor_spawned":[5,8,10,16,18],"killed_by":"Slavers","ascension_level":2}