{"gold_per_floor":[111,111,126,140,140,140,153,171,196,196,224,224,252,252,252,357,357,357,34,0,0,0,0,0,0,0,0,0,0,0,0,0,0,0,0,0,0,0,0,0,0,0,0,0,0,0,0,0,0,0,0,0,0,0],"floor_reached":54,"playtime":19949,"items_purged":[],"score":924,"play_id":"d1c102dd-c15c-4a66-9f51-589c5d405ce9","local_time":"20181226204708","is_ascension_mode":true,"campfire_choices":[{"floor":6.0,"key":"REST"},{"floor":10.0,"key":"REST"},{"data":"Defragment","floor":12.0,"key":"SMITH"},{"floor":15.0,"key":"RECALL"},{"data":"Defragment","floor":32.0,"key":"SMITH"},{"data":"Loop","floor":41.0,"key":"SMITH"},{"floor":44,"key":"REST"},{"floor":49,"key":"DIG"},{"floor":52,"key":"DIG"}],"neow_cost":"PERCENT_DAMAGE","seed_source_timestamp":0,"circlet_count":0,"master_deck":["Strike_B","Strike_B","Defend_B+1","Defend_B+1","Defend_B","Defend_B","Zap+1","Dualcast","FTL","Go for the Eyes","Undo","Defragment+1","Glacier","Reinforced Body","Go for the Eyes","Cold Snap","Conserve Battery","Leap","Self Repair","All For One","Echo Form","Auto Shields","Chill","Self Repair","Defragment+1","Skim","Coolheaded","Self Repair+1","Reinforced Body","Glacier","Cold Snap","Hologram","BootSequence","Compile Driver+1","Loop+1","Core Surge","BootSequence+1","FTL"],"special_seed":0,"relics":["Cracked Core","Prayer Wheel","War Paint","Bag of Preparation","Smiling Mask","Regal Pillow","Ectoplasm","Bottled Lightning","Blood Vial","Bottled Flame","Sundial","Tiny House","Red Mask","Turnip","Shovel","Strawberry","Question Card","Boot","Bottled Tornado","Pantograph"],"potions_floor_usage":[42,50],"damage_taken":[{"damage":3.0,"enemies":"Small Slimes","floor":1.0,"turns":4.0},{"damage":0.0,"enemies":"Cultist","floor":3.0,"turns":3.0},{"damage":11.0,"enemies":"Jaw Worm","floor":4.0,"turns":3.0},{"damage":7.0,"enemies":"Exordium Thugs","floor":7.0,"turns":5.0},{"damage":8.0,"enemies":"Looter","floor":8.0,"turns":4.0},{"damage":4.0,"enemies":"Gremlin Nob","floor":11.0,"turns":6.0},{"damage":2.0,"enemies":"3 Sentries","floor":13.0,"turns":12.0},{"damage":30.0,"enemies":"Hexaghost","floor":16.0,"turns":15.0},{"damage":25.0,"enemies":"3 Byrds","floor":18.0,"turns":6.0},{"damage":0.0,"enemies":"2 Thieves","floor":20.0,"turns":4.0},{"damage":0.0,"enemies":"Shelled Parasite and Fungi","floor":21.0,"turns":12.0},{"damage":10.0,"enemies":"Slavers","floor":23.0,"turns":11.0},{"damage":23.0,"enemies":"Cultist and Chosen","floor":24.0,"turns":6.0},{"damage":0.0,"enemies":"Snake Plant","floor":25.0,"turns":7.0},{"damage":4.0,"enemies":"Book of Stabbing","floor":27.0,"turns":9.0},{"damage":0.0,"enemies":"Shelled Parasite and Fungi","floor":28.0,"turns":10.0},{"damage":0.0,"enemies":"Centurion and Healer","floor":29.0,"turns":9.0},{"damage":0.0,"enemies":"Snake Plant","floor":30.0,"turns":6.0},{"damage":52.0,"enemies":"Collector","floor":33.0,"turns":20.0},{"damage":18.0,"enemies":"3 Darklings","floor":35.0,"turns":11.0},{"damage":0.0,"enemies":"3 Shapes","floor":36.0,"turns":6.0},{"damage":8.0,"enemies":"Transient","floor":37.0,"turns":5.0},{"damage":0.0,"enemies":"Giant Head","floor":40.0,"turns":19.0},{"damage":55,"enemies":"2 Orb Walkers","floor":42,"turns":9},{"damage":48,"enemies":"Reptomancer","floor":47,"turns":13},{"damage":17,"enemies":"Writhing Mass","floor":48,"turns":11},{"damage":42,"enemies":"Donu and Deca","floor":50,"turns":19},{"damage":91,"enemies":"Shield and Spear","floor":54,"turns":11}],"seed_played":"8146765575459100545","potions_obtained":[{"floor":1.0,"key":"SkillPotion"},{"floor":3.0,"key":"EssenceOfSteel"},{"floor":5.0,"key":"SmokeBomb"},{"floor":5.0,"key":"Swift Potion"},{"floor":11.0,"key":"FearPotion"},{"floor":20.0,"key":"FearPotion"},{"floor":23.0,"key":"Fire Potion"},{"floor":25.0,"key":"Energy Potion"},{"floor":29.0,"key":"Ancient Potion"},{"floor":34.0,"key":"Poison Potion"},{"floor":36.0,"key":"Energy Potion"},{"floor":47,"key":"Ancient Potion"},{"floor":48,"key":"AttackPotion"}],"is_trial":false,"path_per_floor":["M","?","M","M","?","R","M","M","T","R","E","R","E","?","R","B",null,"M","$","M","M","$","E","M","M","T","E","M","M","M","?","R","B",null,"M","M","M","?","?","E","R","?","T","R","T","T","E","M","R","B",null,"R","$","E"],"character_chosen":"DEFECT","items_purchased":["Chill","Bottled Lightning"],"campfire_rested":3,"item_purchase_floors":[19,19],"current_hp_per_floor":[51,51,51,40,40,62,55,47,47,69,65,65,70,70,70,47,75,50,50,57,75,75,75,66,75,75,75,75,75,75,75,75,47,80,80,80,72,72,72,80,80,42,42,80,87,87,73,82,82,66,87,87,87,0],"gold":0,"neow_bonus":"ONE_RARE_RELIC","is_prod":false,"is_daily":false,"chose_seed":false,"campfire_upgraded":3,"win_rate":0,"timestamp":1545875228,"path_taken":["M","?","?","M","?","R","?","M","T","R","E","R","E","?","R","BOSS","M","$","?","M","$","E","M","M","T","E","?","M","M","?","R","BOSS","M","M","M","?","?","E","R","?","T","R","?","?","E","M","R","BOSS","R","$","E"],"build_version":"2018-12-20","purchased_purges":0,"victory":false,"max_hp_per_floor":[75,75,75,75,75,75,75,75,75,75,75,75,75,75,75,75,75,75,75,75,75,75,75,75,75,75,75,75,75,75,75,75,75,80,80,80,80,80,80,80,80,80,80,80,87,87,87,87,87,87,87,87,87,87],"card_choices":[{"not_picked":["Turbo","Redo"],"picked":"FTL","floor":1.0},{"not_picked":["Sweeping Beam","Streamline"],"picked":"Go for the Eyes","floor":1.0},{"not_picked":["Coolheaded","Compile Driver"],"picked":"Undo","floor":3.0},{"not_picked":["Consume","Reboot"],"picked":"Defragment","floor":3.0},{"not_picked":["Beam Cell","Coolheaded"],"picked":"Glacier","floor":4.0},{"not_picked":["Compile Driver","Conserve Battery"],"picked":"Reinforced Body","floor":4.0},{"not_picked":["Leap","Steam Power"],"picked":"Go for the Eyes","floor":7.0},{"not_picked":["Beam Cell","Consume"],"picked":"Cold Snap","floor":7.0},{"not_picked":["Steam Power","Turbo"],"picked":"Conserve Battery","floor":8.0},{"not_picked":["Sweeping Beam","Skim"],"picked":"Leap","floor":8.0},{"not_picked":["Blizzard","Skim"],"picked":"Self Repair","floor":11.0},{"not_picked":["Cold Snap","Heatsinks"],"picked":"All For One","floor":13.0},{"not_picked":["Creative AI","Meteor Strike"],"picked":"Echo Form","floor":16.0},{"not_picked":["Chaos","Stack"],"picked":"Auto Shields","floor":18.0},{"not_picked":["Compile Driver","Streamline","Redo"],"picked":"SKIP","floor":18.0},{"not_picked":["Gash","Beam Cell"],"picked":"Self Repair","floor":20.0},{"not_picked":["Tempest+1","Beam Cell+1","Compile Driver+1"],"picked":"SKIP","floor":20.0},{"not_picked":["Coolheaded","Conserve Battery"],"picked":"Defragment","floor":21.0},{"not_picked":["White Noise","Gash","Steam Power"],"picked":"SKIP","floor":21.0},{"not_picked":["Thunder Strike","Redo","Rip and Tear+1"],"picked":"SKIP","floor":23.0},{"not_picked":["Gash","Barrage+1"],"picked":"Skim","floor":25.0},{"not_picked":["Beam Cell","Barrage","Gash"],"picked":"SKIP","floor":25.0},{"not_picked":["Beam Cell+1","Barrage"],"picked":"Coolheaded","floor":27.0},{"not_picked":["Genetic Algorithm","Beam Cell+1","Tempest"],"picked":"SKIP","floor":28.0},{"not_picked":["Rebound","Compile Driver","Fusion"],"picked":"SKIP","floor":28.0},{"not_picked":["Steam Power+1","Cold Snap"],"picked":"Self Repair+1","floor":29.0},{"not_picked":["Scrape","White Noise"],"picked":"Reinforced Body","floor":29.0},{"not_picked":["Coolheaded","Force Field"],"picked":"Glacier","floor":30.0},{"not_picked":["Melter","Stack"],"picked":"Cold Snap","floor":30.0},{"not_picked":["Streamline","Cold Snap"],"picked":"Hologram","floor":34.0},{"not_picked":["Machine Learning","Stack"],"picked":"BootSequence","floor":35.0},{"not_picked":["Barrage","Rebound","Conserve Battery"],"picked":"SKIP","floor":35.0},{"not_picked":["Sweeping Beam","Fusion+1"],"picked":"Compile Driver+1","floor":36.0},{"not_picked":["Recycle+1","Skim+1","Streamline"],"picked":"SKIP","floor":36.0},{"not_picked":["Stack+1","Barrage+1"],"picked":"Loop","floor":37.0},{"not_picked":["Sweeping Beam","Self Repair+1","Static Discharge+1"],"picked":"SKIP","floor":37.0},{"not_picked":["Darkness+1","Coolheaded+1"],"picked":"Core Surge","floor":40.0},{"not_picked":["Redo+1","Darkness"],"picked":"BootSequence+1","floor":42},{"not_picked":["Conserve Battery","Cold Snap","Amplify"],"picked":"FTL","floor":47},{"not_picked":["Storm+1","Gash+1","Skim","Turbo+1"],"picked":"SKIP","floor":48},{"not_picked":["Gash+1","Rebound","Steam Power+1","Double Energy+1"],"picked":"SKIP","floor":48}],"player_experience":452872,"relics_obtained":[{"floor":9.0,"key":"War Paint"},{"floor":11.0,"key":"Bag of Preparation"},{"floor":13.0,"key":"Smiling Mask"},{"floor":14.0,"key":"Regal Pillow"},{"floor":23.0,"key":"Blood Vial"},{"floor":26.0,"key":"Bottled Flame"},{"floor":27.0,"key":"Sundial"},{"floor":40.0,"key":"Turnip"},{"floor":42,"key":"Shovel"},{"floor":45,"key":"Strawberry"},{"floor":46,"key":"Question Card"},{"floor":47,"key":"Boot"},{"floor":49,"key":"Bottled Tornado"},{"floor":52,"key":"Pantograph"}],"event_choices":[{"cards_removed":["Strike_B"],"damage_healed":0.0,"max_hp_gain":0.0,"max_hp_loss":0.0,"gold_gain":0.0,"event_name":"Purifier","player_choice":"Purged","floor":2.0,"gold_loss":0.0,"damage_taken":0.0},{"damage_healed":0.0,"max_hp_gain":0.0,"max_hp_loss":0.0,"gold_gain":0.0,"event_name":"Lab","player_choice":"Got Potions","floor":5.0,"gold_loss":0.0,"damage_taken":0.0},{"damage_healed":0.0,"max_hp_gain":0.0,"max_hp_loss":0.0,"gold_gain":0.0,"event_name":"Wheel of Change","player_choice":"Relic","floor":14.0,"gold_loss":0.0,"damage_taken":0.0},{"damage_healed":0.0,"max_hp_gain":0.0,"max_hp_loss":0.0,"gold_gain":0.0,"event_name":"Ghosts","player_choice":"Ignored","floor":31.0,"gold_loss":0.0,"damage_taken":0.0},{"cards_removed":["Strike_B"],"damage_healed":0.0,"max_hp_gain":0.0,"max_hp_loss":0.0,"gold_gain":0.0,"event_name":"Falling","player_choice":"Removed Attack","floor":38.0,"gold_loss":0.0,"damage_taken":0.0},{"damage_healed":0.0,"max_hp_gain":0.0,"max_hp_loss":0.0,"gold_gain":0.0,"event_name":"Tomb of Lord Red Mask","player_choice":"Paid","floor":39.0,"gold_loss":0.0,"damage_taken":0.0,"relics_obtained":["Red Mask"]},{"damage_healed":0,"gold_gain":0,"player_choice":"Fight","damage_taken":0,"max_hp_gain":0,"max_hp_loss":0,"event_name":"Mysterious Sphere","floor":42,"gold_loss":0}],"is_beta":false,"boss_relics":[{"not_picked":["Coffee Dripper","Pandora\u0027s Box"],"picked":"Ectoplasm"},{"not_picked":["Lizard Tail","Cursed Key"],"picked":"Tiny House"}],"items_purged_floors":[],"is_endless":false,"potions_floor_spawned":[1,3,11,20,21,23,25,29,36,47,48],"killed_by":"Shield and Spear","ascension_level":4}