{"gold_per_floor":[111,128,128,128,152,152,176,176,176,201,242,242,266,266,266,266],"floor_reached":16,"playtime":411,"items_purged":[],"score":194,"play_id":"955d8872-05d9-4639-91e1-aa5984da6542","local_time":"20190514012512","is_ascension_mode":true,"campfire_choices":[{"data":"Armaments","floor":6,"key":"SMITH"},{"data":"Bash","floor":8,"key":"SMITH"},{"data":"Combust","floor":12,"key":"SMITH"},{"data":"Rupture","floor":15,"key":"SMITH"}],"neow_cost":"NONE","seed_source_timestamp":341747219299300,"circlet_count":0,"master_deck":["AscendersBane","Strike_R","Strike_R","Strike_R","Strike_R","Strike_R","Defend_R","Defend_R","Defend_R","Defend_R","Bash+1","Headbutt","Armaments+1","Combust","Rupture+1","Combust+1","Rupture+1","Inflame"],"relics":["Burning Blood","NeowsBlessing","Golden Idol","Art of War","Mercury Hourglass"],"potions_floor_usage":[10,11,13],"damage_taken":[{"damage":0,"enemies":"Cultist","floor":1,"turns":1},{"damage":0,"enemies":"Jaw Worm","floor":2,"turns":1},{"damage":0,"enemies":"Small Slimes","floor":5,"turns":1},{"damage":7,"enemies":"3 Louse","floor":7,"turns":5},{"damage":36,"enemies":"Exordium Wildlife","floor":10,"turns":4},{"damage":11,"enemies":"Gremlin Nob","floor":11,"turns":3},{"damage":12,"enemies":"Large Slime","floor":13,"turns":5},{"damage":34,"enemies":"The Guardian","floor":16,"turns":8}],"seed_played":"79464184501525928","potions_obtained":[{"floor":2,"key":"BloodPotion"},{"floor":7,"key":"Block Potion"},{"floor":10,"key":"Weak Potion"}],"is_trial":false,"path_per_floor":["M","M","?","?","M","R","M","R","T","M","E","R","M","?","R","B"],"character_chosen":"IRONCLAD","items_purchased":[],"campfire_rested":0,"item_purchase_floors":[],"current_hp_per_floor":[74,75,64,64,68,68,67,67,67,43,38,38,32,32,32,0],"gold":266,"neow_bonus":"THREE_ENEMY_KILL","is_prod":false,"is_daily":false,"chose_seed":false,"campfire_upgraded":4,"win_rate":0,"timestamp":1557811512,"path_taken":["M","?","?","?","M","R","M","R","T","M","E","R","M","?","R","BOSS"],"build_version":"2019-01-23","purchased_purges":0,"victory":false,"max_hp_per_floor":[75,75,75,68,68,68,68,68,68,68,68,68,68,68,68,68],"card_choices":[{"not_picked":["Armaments","Sever Soul"],"picked":"Headbutt","floor":1},{"not_picked":["Fire Breathing","Blood for Blood"],"picked":"Armaments","floor":2},{"not_picked":["Twin Strike","Anger"],"picked":"Combust","floor":5},{"not_picked":["Shrug It Off","Anger"],"picked":"Rupture","floor":7},{"not_picked":["Metallicize","Shrug It Off"],"picked":"Combust","floor":10},{"not_picked":["Heavy Blade","Juggernaut"],"picked":"Rupture","floor":11},{"not_picked":["Searing Blow","Wild Strike"],"picked":"Inflame","floor":13}],"player_experience":457195,"relics_obtained":[{"floor":9,"key":"Art of War"},{"floor":11,"key":"Mercury Hourglass"}],"event_choices":[{"damage_healed":0,"gold_gain":0,"player_choice":"Fled","damage_taken":11,"max_hp_gain":0,"max_hp_loss":0,"event_name":"Scrap Ooze","floor":3,"gold_loss":0},{"damage_healed":0,"gold_gain":0,"player_choice":"Lose Max HP","damage_taken":0,"relics_obtained":["Golden Idol"],"max_hp_gain":0,"max_hp_loss":7,"event_name":"Golden Idol","floor":4,"gold_loss":0},{"damage_healed":0,"gold_gain":0,"player_choice":"Grow","damage_taken":0,"max_hp_gain":0,"max_hp_loss":0,"event_name":"Living Wall","floor":14,"gold_loss":0,"cards_upgraded":["Rupture"]}],"is_beta":false,"boss_relics":[],"items_purged_floors":[],"is_endless":false,"potions_floor_spawned":[2,7,10],"killed_by":"The Guardian","ascension_level":18}