{"gold_per_floor":[144,144,144,73,122,122,220,220,220,318,367,416,514,563,563,888,888,907,224,273,322,371,469,469,518,518,18,18,67,67,165,165,490,490,539,539,864,913,319,319],"floor_reached":40,"playtime":8075,"items_purged":["Defend_B","Strike_B","Strike_B"],"score":546,"play_id":"ec8a2c9b-7700-4f07-b8b1-3d78591a942b","local_time":"20190429133135","daily_mods":["Specialized","Diverse","Midas"],"is_ascension_mode":false,"campfire_choices":[{"floor":6.0,"key":"REST"},{"floor":8.0,"key":"REST"},{"floor":15.0,"key":"REST"},{"floor":24.0,"key":"REST"},{"floor":30.0,"key":"REST"},{"floor":32.0,"key":"REST"}],"neow_cost":"","seed_source_timestamp":0,"circlet_count":0,"master_deck":["Strike_B","Defend_B","Defend_B","Defend_B","Zap","Dualcast","Ghostly Armor","Ghostly Armor","Ghostly Armor","Ghostly Armor","Ghostly Armor","Caltrops","Static Discharge","Darkness","Predator","White Noise","Buffer","Steam","Lockon","Gash","Reaper","Storm","Force Field","Loop","Noxious Fumes","Whirlwind+1","Exhume","Fusion+1","Double Energy","Caltrops","Corpse Explosion","Doom and Gloom","FTL+1","Prepared+1","Thinking Ahead","Multi-Cast"],"special_seed":18015,"relics":["Cracked Core","Golden Idol","Dodecahedron","Kunai","Ice Cream","Bottled Tornado","Inserter","Cables","Question Card","Juzu Bracelet","Letter Opener","Mercury Hourglass","Bag of Preparation","Prayer Wheel","Busted Crown","Du-Vu Doll","Ancient Tea Set"],"potions_floor_usage":[],"damage_taken":[{"damage":0.0,"enemies":"2 Louse","floor":1.0,"turns":3.0},{"damage":0.0,"enemies":"Small Slimes","floor":5.0,"turns":4.0},{"damage":30.0,"enemies":"3 Sentries","floor":7.0,"turns":12.0},{"damage":11.0,"enemies":"Lagavulin","floor":10.0,"turns":7.0},{"damage":1.0,"enemies":"Jaw Worm","floor":11.0,"turns":5.0},{"damage":8.0,"enemies":"Gremlin Gang","floor":12.0,"turns":5.0},{"damage":14.0,"enemies":"Gremlin Nob","floor":13.0,"turns":4.0},{"damage":0.0,"enemies":"Blue Slaver","floor":14.0,"turns":4.0},{"damage":14.0,"enemies":"Hexaghost","floor":16.0,"turns":9.0},{"damage":0.0,"enemies":"2 Thieves","floor":18.0,"turns":4.0},{"damage":12.0,"enemies":"Shell Parasite","floor":20.0,"turns":5.0},{"damage":28.0,"enemies":"Snecko","floor":21.0,"turns":8.0},{"damage":18.0,"enemies":"Shelled Parasite and Fungi","floor":22.0,"turns":8.0},{"damage":19.0,"enemies":"Book of Stabbing","floor":23.0,"turns":6.0},{"damage":27.0,"enemies":"Centurion and Healer","floor":25.0,"turns":10.0},{"damage":10.0,"enemies":"Cultist and Chosen","floor":29.0,"turns":6.0},{"damage":28.0,"enemies":"Gremlin Leader","floor":31.0,"turns":7.0},{"damage":11.0,"enemies":"Champ","floor":33.0,"turns":9.0},{"damage":17.0,"enemies":"3 Darklings","floor":35.0,"turns":3.0},{"damage":2,"enemies":"Mind Bloom Boss Battle","floor":37,"turns":7},{"damage":16,"enemies":"Orb Walker","floor":38,"turns":4},{"damage":60,"enemies":"Giant Head","floor":40,"turns":6}],"seed_played":"4237710228146446790","potions_obtained":[{"floor":11.0,"key":"Strength Potion"},{"floor":13.0,"key":"PowerPotion"},{"floor":14.0,"key":"SpeedPotion"},{"floor":16.0,"key":"Weak Potion"},{"floor":21.0,"key":"Dexterity Potion"},{"floor":25.0,"key":"Poison Potion"},{"floor":31.0,"key":"Regen Potion"},{"floor":35.0,"key":"Energy Potion"},{"floor":37,"key":"SpeedPotion"},{"floor":38,"key":"EssenceOfSteel"}],"is_trial":false,"path_per_floor":["M","?","?","$","M","R","E","R","T","E","M","M","E","M","R","B",null,"M","$","M","M","M","E","R","M","T","$","?","M","R","E","R","B",null,"M","?","?","M","$","E"],"character_chosen":"DEFECT","items_purchased":["Darkness","Cables","Storm","Force Field","Question Card","Mercury Hourglass","Bag of Preparation","Ancient Tea Set","Thinking Ahead","Multi-Cast"],"campfire_rested":6,"item_purchase_floors":[4,19,19,19,19,27,27,39,39,39],"current_hp_per_floor":[75,75,57,57,57,75,45,67,67,56,55,47,33,33,55,41,75,75,75,63,39,25,10,32,13,13,13,13,7,29,13,35,39,75,58,58,60,48,48,0],"gold":319,"neow_bonus":"","is_prod":false,"is_daily":true,"chose_seed":false,"campfire_upgraded":0,"win_rate":0,"timestamp":1556537495,"path_taken":["M","?","?","$","?","R","E","R","T","E","M","?","E","M","R","BOSS","M","$","M","M","M","E","R","M","T","$","?","M","R","E","R","BOSS","M","?","?","M","$","E"],"build_version":"2019-01-23","purchased_purges":3,"victory":false,"max_hp_per_floor":[75,75,75,75,75,75,75,75,75,75,75,75,75,75,75,75,75,75,75,75,75,75,75,75,75,75,75,75,75,75,75,75,75,75,75,75,75,75,75,75],"card_choices":[{"not_picked":["Slice","Havoc"],"picked":"Caltrops","floor":1.0},{"not_picked":["Cloak And Dagger","Armaments"],"picked":"Predator","floor":5.0},{"not_picked":["Catalyst","Machine Learning"],"picked":"White Noise","floor":7.0},{"not_picked":["Pummel","Sucker Punch"],"picked":"Buffer","floor":10.0},{"not_picked":["Clash","Dagger Throw","Flechettes"],"picked":"SKIP","floor":11.0},{"not_picked":["Body Slam","Beam Cell"],"picked":"Steam","floor":12.0},{"not_picked":["Escape Plan","Searing Blow"],"picked":"Lockon","floor":13.0},{"not_picked":["Prepared","Beam Cell"],"picked":"Gash","floor":14.0},{"not_picked":["Barricade","Multi-Cast"],"picked":"Reaper","floor":16.0},{"not_picked":["Armaments","Warcry","Thunderclap"],"picked":"SKIP","floor":18.0},{"not_picked":["Searing Blow","Conserve Battery+1","Rampage"],"picked":"Loop","floor":20.0},{"not_picked":["Venomology","Cloak And Dagger","Second Wind"],"picked":"Noxious Fumes","floor":21.0},{"not_picked":["Beam Cell","Gash+1","Wild Strike"],"picked":"Whirlwind+1","floor":22.0},{"not_picked":["Bludgeon","Heel Hook","Dagger Throw"],"picked":"Exhume","floor":23.0},{"not_picked":["Capacitor+1","Cleave+1","Heavy Blade+1"],"picked":"Fusion+1","floor":25.0},{"not_picked":["Go for the Eyes","Clothesline","Thunderclap"],"picked":"Double Energy","floor":29.0},{"not_picked":["Fission","Slice","Bane+1"],"picked":"Caltrops","floor":31.0},{"not_picked":["Juggernaut","Immolate","Impervious"],"picked":"Corpse Explosion","floor":33.0},{"not_picked":["Dodge and Roll"],"picked":"Doom and Gloom","floor":35.0},{"not_picked":["Beam Cell+1"],"picked":"FTL+1","floor":35.0},{"not_picked":["Sever Soul+1"],"picked":"Prepared+1","floor":37},{"not_picked":["Hemokinesis","Slice+1"],"picked":"SKIP","floor":38},{"not_picked":["Dodge and Roll","Headbutt+1"],"picked":"SKIP","floor":38}],"player_experience":533634,"relics_obtained":[{"floor":7.0,"key":"Dodecahedron"},{"floor":9.0,"key":"Kunai"},{"floor":10.0,"key":"Ice Cream"},{"floor":13.0,"key":"Bottled Tornado"},{"floor":23.0,"key":"Juzu Bracelet"},{"floor":26.0,"key":"Letter Opener"},{"floor":31.0,"key":"Prayer Wheel"},{"floor":37,"key":"Du-Vu Doll"}],"event_choices":[{"damage_healed":0.0,"max_hp_gain":0.0,"max_hp_loss":0.0,"gold_gain":0.0,"cards_transformed":["Strike_B"],"event_name":"Living Wall","player_choice":"Change","floor":2.0,"gold_loss":0.0,"damage_taken":0.0,"cards_obtained":["Static Discharge"]},{"damage_healed":0.0,"max_hp_gain":0.0,"max_hp_loss":0.0,"gold_gain":0.0,"event_name":"Golden Idol","player_choice":"Take Damage","floor":3.0,"gold_loss":0.0,"damage_taken":18.0,"relics_obtained":["Golden Idol"]},{"damage_healed":0.0,"max_hp_gain":0.0,"max_hp_loss":0.0,"gold_gain":0.0,"event_name":"Match and Keep!","player_choice":"0 cards matched","floor":28.0,"gold_loss":0.0,"damage_taken":0.0,"cards_obtained":[]},{"damage_healed":0.0,"max_hp_gain":0.0,"max_hp_loss":0.0,"gold_gain":0.0,"event_name":"Tomb of Lord Red Mask","player_choice":"Ignored","floor":36.0,"gold_loss":0.0,"damage_taken":0.0},{"damage_healed":0,"gold_gain":0,"player_choice":"Fight","damage_taken":0,"max_hp_gain":0,"max_hp_loss":0,"event_name":"MindBloom","floor":37,"gold_loss":0}],"is_beta":false,"boss_relics":[{"not_picked":["Tiny House","Black Star"],"picked":"Inserter"},{"not_picked":["Empty Cage","Velvet Choker"],"picked":"Busted Crown"}],"items_purged_floors":[19,27,39],"is_endless":false,"potions_floor_spawned":[11,13,14,16,21,25,31,35,37,38],"killed_by":"Giant Head","ascension_level":0}