{"gold_per_floor":[114,132,152,122,11,11,10,20,20,20,49,49,81,97,97,97],"floor_reached":16,"playtime":759,"items_purged":["Strike_R"],"score":219,"play_id":"81c5e4ad-0776-4dc3-aeec-f2276ed28034","local_time":"20190425180312","is_ascension_mode":true,"campfire_choices":[{"data":"Rage","floor":6,"key":"SMITH"},{"data":"Body Slam","floor":12,"key":"SMITH"},{"floor":15,"key":"REST"}],"neow_cost":"PERCENT_DAMAGE","seed_source_timestamp":113322845958300,"circlet_count":0,"master_deck":["AscendersBane","Strike_R","Strike_R","Strike_R","Defend_R","Defend_R","Defend_R","Bash","Rage+1","Burning Pact","Dropkick","Body Slam+1","Metallicize","Havoc","Inflame","Barricade","Shrug It Off","Dropkick","Cleave","Feed","Dropkick"],"relics":["Burning Blood","Bronze Scales","Dream Catcher","Self Forming Clay"],"potions_floor_usage":[2,7,13,13],"damage_taken":[{"damage":7,"enemies":"Jaw Worm","floor":1,"turns":4},{"damage":1,"enemies":"Small Slimes","floor":2,"turns":4},{"damage":6,"enemies":"Cultist","floor":3,"turns":4},{"damage":3,"enemies":"Looter","floor":4,"turns":4},{"damage":15,"enemies":"Exordium Thugs","floor":7,"turns":4},{"damage":25,"enemies":"Red Slaver","floor":8,"turns":6},{"damage":0,"enemies":"Lagavulin","floor":11,"turns":7},{"damage":35,"enemies":"Gremlin Nob","floor":13,"turns":5},{"damage":10,"enemies":"Blue Slaver","floor":14,"turns":4},{"damage":35,"enemies":"Slime Boss","floor":16,"turns":3}],"seed_played":"-2034211224929709484","potions_obtained":[{"floor":1,"key":"Fruit Juice"},{"floor":2,"key":"Energy Potion"},{"floor":8,"key":"SpeedPotion"},{"floor":11,"key":"FearPotion"},{"floor":14,"key":"SmokeBomb"}],"is_trial":false,"path_per_floor":["M","M","M","M","$","R","M","M","T","$","E","R","E","M","R","B"],"character_chosen":"IRONCLAD","items_purchased":["Inflame"],"campfire_rested":1,"item_purchase_floors":[5],"current_hp_per_floor":[50,60,60,63,63,63,54,35,35,35,41,41,12,8,33,0],"gold":97,"neow_bonus":"TRANSFORM_TWO_CARDS","is_prod":false,"is_daily":false,"chose_seed":false,"campfire_upgraded":2,"win_rate":0,"timestamp":1556229792,"path_taken":["M","M","M","M","$","R","M","M","T","$","E","R","E","M","R","BOSS"],"build_version":"2019-01-23","purchased_purges":1,"victory":false,"max_hp_per_floor":[80,85,85,85,85,85,85,85,85,85,85,85,85,85,85,85],"card_choices":[{"not_picked":["Whirlwind","Ghostly Armor"],"picked":"Dropkick","floor":1},{"not_picked":["Flex","Warcry"],"picked":"Body Slam","floor":2},{"not_picked":["Havoc","Feel No Pain"],"picked":"Metallicize","floor":3},{"not_picked":["Searing Blow","Ghostly Armor"],"picked":"Havoc","floor":4},{"not_picked":["Shrug It Off","Sword Boomerang"],"picked":"Barricade","floor":7},{"not_picked":["Clash","Carnage"],"picked":"Shrug It Off","floor":8},{"not_picked":["Twin Strike","Flex"],"picked":"Dropkick","floor":11},{"not_picked":["Twin Strike","Blood for Blood"],"picked":"Cleave","floor":13},{"not_picked":["Power Through","Flex"],"picked":"Feed","floor":14},{"not_picked":["Iron Wave","Flex"],"picked":"Dropkick","floor":15}],"player_experience":385648,"relics_obtained":[{"floor":9,"key":"Bronze Scales"},{"floor":11,"key":"Dream Catcher"},{"floor":13,"key":"Self Forming Clay"}],"event_choices":[],"is_beta":false,"boss_relics":[],"items_purged_floors":[5],"is_endless":false,"potions_floor_spawned":[1,2,8,11,14],"killed_by":"Slime Boss","ascension_level":12}