{"gold_per_floor":[116,166,176,193,193,193,222,222,222,239,164,177,230,305,305,379,379,396,38,43,61,61,61,61,61,61,61],"floor_reached":27,"playtime":2213,"items_purged":["Defend_B"],"score":369,"play_id":"94496a23-5972-4d32-bb17-b4f90a62644e","local_time":"20190316181151","is_ascension_mode":true,"campfire_choices":[{"data":"Dualcast","floor":6.0,"key":"SMITH"},{"floor":8.0,"key":"REST"},{"floor":15.0,"key":"REST"},{"floor":25,"key":"REST"}],"neow_cost":"NONE","seed_source_timestamp":0,"circlet_count":0,"master_deck":["AscendersBane","Strike_B","Strike_B+1","Strike_B+1","Defend_B","Defend_B+1","Defend_B","Zap+1","Dualcast+1","Undo","Go for the Eyes","Glacier","Capacitor","Chill","Coolheaded+1","Biased Cognition","Creative AI","Cold Snap","Hologram","Capacitor","Go for the Eyes","Blizzard","Defragment","All For One"],"special_seed":0,"relics":["Cracked Core","Prayer Wheel","Singing Bowl","Smiling Mask","Orrery","War Paint","Whetstone","Pantograph"],"potions_floor_usage":[27,27],"damage_taken":[{"damage":7.0,"enemies":"Jaw Worm","floor":1.0,"turns":3.0},{"damage":1.0,"enemies":"Cultist","floor":3.0,"turns":3.0},{"damage":2.0,"enemies":"Small Slimes","floor":4.0,"turns":4.0},{"damage":22.0,"enemies":"3 Sentries","floor":7.0,"turns":11.0},{"damage":7.0,"enemies":"Exordium Wildlife","floor":10.0,"turns":7.0},{"damage":0.0,"enemies":"Blue Slaver","floor":12.0,"turns":4.0},{"damage":28.0,"enemies":"The Guardian","floor":16.0,"turns":15.0},{"damage":0.0,"enemies":"Chosen","floor":18.0,"turns":8.0},{"damage":17,"enemies":"2 Thieves","floor":20,"turns":5},{"damage":13,"enemies":"Centurion and Healer","floor":21,"turns":13},{"damage":74,"enemies":"Slavers","floor":27,"turns":4}],"seed_played":"1876850678055897623","potions_obtained":[{"floor":3.0,"key":"Fire Potion"},{"floor":10.0,"key":"Explosive Potion"},{"floor":21,"key":"AttackPotion"}],"is_trial":false,"path_per_floor":["M","?","M","M","?","R","E","R","T","M","$","M","T","?","R","B",null,"M","$","M","M","?","?","?","R","T","E"],"character_chosen":"DEFECT","items_purchased":["War Paint","Whetstone","Go for the Eyes"],"campfire_rested":3,"item_purchase_floors":[19,19,19],"current_hp_per_floor":[57,57,56,54,54,54,32,53,53,46,46,48,48,37,58,30,68,70,70,55,44,44,44,44,69,69,0],"gold":61,"neow_bonus":"UPGRADE_CARD","is_prod":false,"is_daily":false,"chose_seed":false,"campfire_upgraded":1,"win_rate":0,"timestamp":1552774311,"path_taken":["M","?","M","?","?","R","E","R","T","M","$","M","?","?","R","BOSS","M","$","M","M","?","?","?","R","T","E"],"build_version":"2019-01-23","purchased_purges":1,"victory":false,"max_hp_per_floor":[71,71,71,71,71,71,71,71,71,71,71,73,73,73,73,73,79,81,81,83,85,85,85,85,85,85,85],"card_choices":[{"not_picked":["Sweeping Beam","Rip and Tear"],"picked":"Undo","floor":1.0},{"not_picked":["Aggregate","Barrage"],"picked":"Go for the Eyes","floor":3.0},{"not_picked":["Leap","Undo"],"picked":"Glacier","floor":4.0},{"not_picked":["Hologram","Streamline"],"picked":"Capacitor","floor":7.0},{"not_picked":["Rebound","Go for the Eyes"],"picked":"Chill","floor":10.0},{"not_picked":["Hologram","Beam Cell"],"picked":"Coolheaded","floor":10.0},{"not_picked":["Leap","Self Repair"],"picked":"Biased Cognition","floor":12.0},{"not_picked":["Steam Power","Melter","Leap"],"picked":"Singing Bowl","floor":12.0},{"not_picked":["Fission","Reboot"],"picked":"Creative AI","floor":16.0},{"not_picked":["Ball Lightning","Gash","Redo"],"picked":"Singing Bowl","floor":17.0},{"not_picked":["Steam","Stack","Double Energy"],"picked":"Singing Bowl","floor":17.0},{"not_picked":["Chaos","Consume"],"picked":"Cold Snap","floor":17.0},{"not_picked":["Gash","Rip and Tear"],"picked":"Hologram","floor":17.0},{"not_picked":["Ball Lightning","Go for the Eyes","Reprogram"],"picked":"Singing Bowl","floor":17.0},{"not_picked":["Rebound","Hologram","Sweeping Beam"],"picked":"Singing Bowl","floor":18.0},{"not_picked":["Gash","Streamline+1"],"picked":"Capacitor","floor":18.0},{"not_picked":["Rebound+1","Auto Shields"],"picked":"Blizzard","floor":20},{"not_picked":["Barrage","Fission","Hologram"],"picked":"Singing Bowl","floor":20},{"not_picked":["Streamline","Heatsinks","Genetic Algorithm+1"],"picked":"Singing Bowl","floor":21},{"not_picked":["Streamline","Cold Snap+1"],"picked":"Defragment","floor":21}],"player_experience":975175,"relics_obtained":[{"floor":7.0,"key":"Prayer Wheel"},{"floor":9.0,"key":"Singing Bowl"},{"floor":13.0,"key":"Smiling Mask"},{"floor":26,"key":"Pantograph"}],"event_choices":[{"damage_healed":0.0,"max_hp_gain":0.0,"max_hp_loss":0.0,"gold_gain":50.0,"event_name":"Golden Shrine","player_choice":"Pray","floor":2.0,"gold_loss":0.0,"damage_taken":0.0},{"cards_removed":["Strike_B"],"damage_healed":0.0,"max_hp_gain":0.0,"max_hp_loss":0.0,"gold_gain":0.0,"event_name":"Living Wall","player_choice":"Forget","floor":5.0,"gold_loss":0.0,"damage_taken":0.0},{"damage_healed":0.0,"max_hp_gain":0.0,"max_hp_loss":0.0,"gold_gain":75.0,"event_name":"World of Goop","player_choice":"Gather Gold","floor":14.0,"gold_loss":0.0,"damage_taken":11.0},{"damage_healed":0,"gold_gain":0,"player_choice":"Ignored","damage_taken":0,"max_hp_gain":0,"max_hp_loss":0,"event_name":"Beggar","floor":22,"gold_loss":0},{"damage_healed":0,"gold_gain":0,"player_choice":"Ignored","damage_taken":0,"max_hp_gain":0,"max_hp_loss":0,"event_name":"The Mausoleum","floor":23,"gold_loss":0},{"damage_healed":0,"gold_gain":0,"player_choice":"1 cards matched","damage_taken":0,"max_hp_gain":0,"max_hp_loss":0,"event_name":"Match and Keep!","floor":24,"gold_loss":0,"cards_obtained":["All For One"]}],"is_beta":false,"boss_relics":[{"not_picked":["Astrolabe","Runic Dome"],"picked":"Orrery"}],"items_purged_floors":[11],"is_endless":false,"potions_floor_spawned":[3,10,12,16,20,21],"killed_by":"Slavers","ascension_level":15}