{"gold_per_floor":[118,130,15,15,25,25,25,44,44,44,64,114,126,144,144,144],"floor_reached":16,"playtime":464,"items_purged":["Defend_R"],"score":179,"play_id":"92f7f3a6-658f-4cd4-ab95-00075576aa95","local_time":"20190512045956","is_ascension_mode":true,"campfire_choices":[{"data":"Bash","floor":10,"key":"SMITH"},{"data":"Heavy Blade","floor":15,"key":"SMITH"}],"neow_cost":"NONE","seed_source_timestamp":0,"circlet_count":0,"master_deck":["AscendersBane","Strike_R","Strike_R","Strike_R","Strike_R","Strike_R","Defend_R","Defend_R+1","Defend_R","Bash+1","Perfected Strike","Spot Weakness+1","Metallicize","Cleave","Shrug It Off","Evolve+1","Seeing Red","Heavy Blade+1"],"special_seed":0,"relics":["Burning Blood","NeowsBlessing","War Paint","Frozen Egg 2"],"potions_floor_usage":[16,16],"damage_taken":[{"damage":0,"enemies":"2 Louse","floor":1,"turns":1},{"damage":0,"enemies":"Jaw Worm","floor":2,"turns":1},{"damage":0,"enemies":"Small Slimes","floor":5,"turns":1},{"damage":23,"enemies":"Gremlin Gang","floor":8,"turns":4},{"damage":11,"enemies":"Exordium Wildlife","floor":11,"turns":4},{"damage":0,"enemies":"Looter","floor":13,"turns":3},{"damage":2,"enemies":"Blue Slaver","floor":14,"turns":5},{"damage":55,"enemies":"Slime Boss","floor":16,"turns":7}],"seed_played":"-7660920170011682721","potions_obtained":[{"floor":2,"key":"Weak Potion"},{"floor":5,"key":"Weak Potion"}],"is_trial":false,"path_per_floor":["M","M","$","?","M","$","?","M","T","R","M","?","M","M","R","B"],"character_chosen":"IRONCLAD","items_purchased":["Metallicize"],"campfire_rested":0,"item_purchase_floors":[3],"current_hp_per_floor":[74,75,75,75,75,75,57,40,40,40,35,35,41,45,45,0],"gold":144,"neow_bonus":"THREE_ENEMY_KILL","is_prod":false,"is_daily":false,"chose_seed":false,"campfire_upgraded":2,"win_rate":0,"timestamp":1557651596,"path_taken":["M","M","$","?","M","$","?","M","T","R","M","?","M","M","R","BOSS"],"build_version":"2019-01-23","purchased_purges":1,"victory":false,"max_hp_per_floor":[75,75,75,75,75,75,75,75,75,75,75,75,75,75,75,75],"card_choices":[{"not_picked":["Clothesline","Heavy Blade"],"picked":"Perfected Strike","floor":1},{"not_picked":["Armaments","Flex"],"picked":"Spot Weakness","floor":2},{"not_picked":["Clothesline","Searing Blow"],"picked":"Cleave","floor":5},{"not_picked":["Twin Strike","Cleave"],"picked":"Shrug It Off","floor":8},{"not_picked":["Shockwave","Pummel"],"picked":"Evolve+1","floor":11},{"not_picked":["Dropkick","Power Through"],"picked":"Seeing Red","floor":13},{"not_picked":["Exhume","Iron Wave"],"picked":"Heavy Blade","floor":14}],"player_experience":442260,"relics_obtained":[{"floor":9,"key":"Frozen Egg 2"}],"event_choices":[{"damage_healed":0,"gold_gain":0,"player_choice":"Ignored","damage_taken":0,"max_hp_gain":0,"max_hp_loss":0,"event_name":"Liars Game","floor":4,"gold_loss":0},{"damage_healed":0,"gold_gain":0,"player_choice":"Success","damage_taken":18,"relics_obtained":["War Paint"],"max_hp_gain":0,"max_hp_loss":0,"event_name":"Scrap Ooze","floor":7,"gold_loss":0},{"damage_healed":0,"gold_gain":50,"player_choice":"Pray","damage_taken":0,"max_hp_gain":0,"max_hp_loss":0,"event_name":"Golden Shrine","floor":12,"gold_loss":0}],"is_beta":false,"boss_relics":[],"items_purged_floors":[3],"is_endless":false,"potions_floor_spawned":[2,5,13,14],"killed_by":"Slime Boss","ascension_level":18}