{"gold_per_floor":[368,381,399,411,336,336,371,371,371,390,390,405,405,440,440,519,519,519,434,246,246,246,246,246,246,246,246,246,246,246,246,246,246,246,246,246,22,22,22,22,22,22,22,22,22,22,22,22,22,22],"floor_reached":51,"playtime":2577,"items_purged":["Strike_B","Strike_B+1"],"score":1396,"play_id":"0fc2b8e0-83d2-4605-8ced-4d96c64a340d","local_time":"20180814175652","is_ascension_mode":true,"campfire_choices":[{"data":"Sunder","floor":6.0,"key":"SMITH"},{"floor":8.0,"key":"REST"},{"data":"Zap","floor":11.0,"key":"SMITH"},{"data":"Go for the Eyes","floor":15.0,"key":"SMITH"},{"data":"Dualcast","floor":23.0,"key":"SMITH"},{"floor":25.0,"key":"REST"},{"data":"Turbo","floor":30.0,"key":"SMITH"},{"data":"Reinforced Body","floor":32.0,"key":"SMITH"},{"data":"Coolheaded","floor":42.0,"key":"SMITH"},{"floor":47.0,"key":"REST"},{"data":"Skim","floor":49.0,"key":"SMITH"}],"neow_cost":"PERCENT_DAMAGE","seed_source_timestamp":48454928240546,"circlet_count":0,"master_deck":["Defend_B","Defend_B","Defend_B","Defend_B","Zap+1","Dualcast+1","AscendersBane","Glacier","Gash","Reinforced Body+1","Electrodynamics","White Noise","Go for the Eyes+1","Sunder+1","All For One+1","Gash+1","Sunder+1","Stack","Compile Driver+1","Turbo+1","Rebound+1","Skim+1","Seek","Gash+1","Gash+1","Coolheaded+1","All For One+1","Rebound+1","Biased Cognition"],"special_seed":0,"relics":["Cracked Core","Whetstone","Centennial Puzzle","Molten Egg 2","Ectoplasm","Juzu Bracelet","Blood Vial","Singing Bowl","Regal Pillow","Lizard Tail","Thread and Needle","Sundial","Oddly Smooth Stone"],"potions_floor_usage":[50,50],"damage_taken":[{"damage":9.0,"enemies":"2 Louse","floor":1.0,"turns":3.0},{"damage":0.0,"enemies":"Small Slimes","floor":2.0,"turns":2.0},{"damage":7.0,"enemies":"Jaw Worm","floor":3.0,"turns":4.0},{"damage":0.0,"enemies":"Large Slime","floor":4.0,"turns":6.0},{"damage":20.0,"enemies":"Lagavulin","floor":7.0,"turns":9.0},{"damage":0.0,"enemies":"2 Fungi Beasts","floor":10.0,"turns":4.0},{"damage":9.0,"enemies":"Red Slaver","floor":12.0,"turns":4.0},{"damage":5.0,"enemies":"Gremlin Nob","floor":14.0,"turns":3.0},{"damage":36.0,"enemies":"Hexaghost","floor":16.0,"turns":10.0},{"damage":1.0,"enemies":"Chosen","floor":18.0,"turns":3.0},{"damage":2.0,"enemies":"Shell Parasite","floor":21.0,"turns":4.0},{"damage":2.0,"enemies":"3 Cultists","floor":22.0,"turns":3.0},{"damage":0.0,"enemies":"Gremlin Leader","floor":24.0,"turns":6.0},{"damage":1.0,"enemies":"Centurion and Healer","floor":27.0,"turns":5.0},{"damage":0.0,"enemies":"Snake Plant","floor":28.0,"turns":2.0},{"damage":2.0,"enemies":"3 Cultists","floor":29.0,"turns":4.0},{"damage":23.0,"enemies":"Slavers","floor":31.0,"turns":3.0},{"damage":47.0,"enemies":"Automaton","floor":33.0,"turns":11.0},{"damage":18.0,"enemies":"Flame Bruiser 1 Orb","floor":35.0,"turns":4.0},{"damage":11.0,"enemies":"Orb Walker","floor":36.0,"turns":2.0},{"damage":16.0,"enemies":"Nemesis","floor":40.0,"turns":5.0},{"damage":5.0,"enemies":"Giant Head","floor":44.0,"turns":5.0},{"damage":0.0,"enemies":"Sphere and 2 Shapes","floor":45.0,"turns":2.0},{"damage":0.0,"enemies":"4 Shapes","floor":46.0,"turns":5.0},{"damage":0.0,"enemies":"Transient","floor":48.0,"turns":5.0},{"damage":57,"enemies":"Donu and Deca","floor":50,"turns":7}],"seed_played":"975833334271093434","potions_obtained":[{"floor":1.0,"key":"EssenceOfSteel"},{"floor":7.0,"key":"Strength Potion"},{"floor":10.0,"key":"Explosive Potion"},{"floor":18.0,"key":"FearPotion"},{"floor":33.0,"key":"AttackPotion"},{"floor":35.0,"key":"Explosive Potion"},{"floor":45.0,"key":"SpeedPotion"}],"is_trial":false,"path_per_floor":["M","M","M","M","?","R","E","R","T","M","R","M","?","E","R","B",null,"M","?","$","M","M","R","E","R","T","M","M","M","R","E","R","B",null,"M","M","$","?","?","E","?","R","T","E","M","M","R","M","R","B"],"character_chosen":"DEFECT","items_purchased":["Sunder+1","Gash+1","Coolheaded"],"campfire_rested":3,"item_purchase_floors":[20,37,37],"current_hp_per_floor":[37,37,30,30,30,30,10,31,31,31,31,22,45,40,40,4,54,53,53,53,51,49,49,49,70,70,70,71,69,69,50,50,5,56,40,33,33,33,33,19,19,19,19,18,20,24,62,66,66,11],"gold":22,"neow_bonus":"TWO_FIFTY_GOLD","is_prod":false,"is_daily":false,"chose_seed":false,"campfire_upgraded":8,"win_rate":0,"timestamp":1534262212,"path_taken":["M","M","M","M","?","R","E","R","T","M","R","M","?","E","R","BOSS","M","?","$","M","M","R","E","R","T","M","M","M","R","E","R","BOSS","M","M","$","?","?","E","?","R","T","E","M","M","R","M","R","BOSS"],"build_version":"2018-08-13v2","purchased_purges":2,"victory":true,"max_hp_per_floor":[71,71,71,71,71,71,71,71,71,71,71,71,71,71,71,71,71,71,71,71,71,71,71,71,71,71,71,71,71,71,73,73,73,73,73,75,75,75,75,75,75,75,75,77,77,79,79,81,81,81],"card_choices":[{"not_picked":["Coolheaded","Compile Driver"],"picked":"Glacier","floor":1.0},{"not_picked":["Leap","Reinforced Body"],"picked":"Gash","floor":2.0},{"not_picked":["Streamline","Gash"],"picked":"Sunder","floor":3.0},{"not_picked":["Cold Snap","Redo"],"picked":"Reinforced Body","floor":4.0},{"not_picked":["Loop","Reprogram"],"picked":"Electrodynamics","floor":7.0},{"not_picked":["Streamline","Coolheaded"],"picked":"White Noise","floor":10.0},{"not_picked":["Barrage","BootSequence"],"picked":"Go for the Eyes","floor":12.0},{"not_picked":["Rebound","Buffer"],"picked":"Sunder","floor":14.0},{"not_picked":["Biased Cognition","Echo Form"],"picked":"All For One+1","floor":16.0},{"not_picked":["Melter+1","Consume"],"picked":"Gash+1","floor":18.0},{"not_picked":["Static Discharge","Heatsinks+1"],"picked":"Stack","floor":21.0},{"not_picked":["Rebound+1","Coolheaded"],"picked":"Compile Driver+1","floor":22.0},{"not_picked":["Streamline+1","Redo","Darkness+1"],"picked":"SKIP","floor":24.0},{"not_picked":["Sweeping Beam+1","White Noise"],"picked":"Turbo","floor":27.0},{"not_picked":["Streamline+1","Undo"],"picked":"Rebound+1","floor":28.0},{"not_picked":["Auto Shields","Amplify"],"picked":"Skim","floor":29.0},{"not_picked":["BootSequence","Steam","Consume"],"picked":"Singing Bowl","floor":31.0},{"not_picked":["Creative AI","Multi-Cast"],"picked":"Seek","floor":33.0},{"not_picked":["Redo","Coolheaded"],"picked":"Gash+1","floor":35.0},{"not_picked":["Streamline+1","Sweeping Beam+1","Cold Snap+1"],"picked":"Singing Bowl","floor":36.0},{"not_picked":["Compile Driver+1","Chill"],"picked":"Rebound+1","floor":40.0},{"not_picked":["Auto Shields","Barrage+1","Compile Driver+1"],"picked":"Singing Bowl","floor":44.0},{"not_picked":["Streamline+1","Steam+1"],"picked":"Biased Cognition","floor":45.0},{"not_picked":["Cold Snap+1","Self Repair+1","Recycle"],"picked":"Singing Bowl","floor":46.0},{"not_picked":["Sunder+1","Auto Shields","Steam"],"picked":"Singing Bowl","floor":48.0}],"player_experience":869072,"relics_obtained":[{"floor":7.0,"key":"Whetstone"},{"floor":9.0,"key":"Centennial Puzzle"},{"floor":14.0,"key":"Molten Egg 2"},{"floor":24.0,"key":"Blood Vial"},{"floor":26.0,"key":"Singing Bowl"},{"floor":31.0,"key":"Regal Pillow"},{"floor":40.0,"key":"Thread and Needle"},{"floor":43.0,"key":"Sundial"},{"floor":44.0,"key":"Oddly Smooth Stone"}],"event_choices":[{"event_name":"The Cleric","player_choice":"Card Removal","floor":5.0,"damage_taken":0.0},{"event_name":"Big Fish","player_choice":"Banana","floor":13.0,"damage_taken":0.0},{"event_name":"Addict","player_choice":"Obtained Relic","floor":19.0,"damage_taken":0.0},{"event_name":"Purifier","player_choice":"One Purge","floor":38.0,"damage_taken":0.0},{"event_name":"Duplicator","player_choice":"One dupe","floor":39.0,"damage_taken":0.0},{"event_name":"Falling","player_choice":"Removed Attack","floor":41.0,"damage_taken":0.0}],"is_beta":true,"boss_relics":[{"not_picked":["Black Star","Velvet Choker"],"picked":"Ectoplasm"},{"not_picked":["Tiny House","Runic Pyramid"],"picked":"Lizard Tail"}],"items_purged_floors":[20,37],"is_endless":false,"potions_floor_spawned":[1,7,10,12,18,21,33,35,45,46],"ascension_level":16}