{"gold_per_floor":[111,111,61,12,12,12,12,47,47,47,61,72,72,86,86,160,160,173,12,23,41,41,41,52,52,52,7,24,57,57],"floor_reached":30,"playtime":911,"items_purged":[],"score":422,"play_id":"3805d1a4-eb44-411b-959e-f0da16e58968","local_time":"20190429175432","is_ascension_mode":true,"campfire_choices":[{"data":"Body Slam","floor":6,"key":"SMITH"},{"floor":10,"key":"REST"},{"data":"Immolate","floor":13,"key":"SMITH"},{"data":"Flame Barrier","floor":15,"key":"SMITH"},{"floor":23,"key":"RECALL"}],"neow_cost":"TEN_PERCENT_HP_LOSS","seed_source_timestamp":458263888240600,"circlet_count":0,"master_deck":["AscendersBane","Strike_R","Strike_R","Strike_R","Strike_R+1","Defend_R","Defend_R","Defend_R+1","Defend_R","Bash","Body Slam+1","Armaments+1","Flame Barrier+1","Immolate+1","Warcry","Barricade","Whirlwind+1","Shrug It Off","Ghostly Armor","Evolve","Body Slam","Feel No Pain","Intimidate","Shrug It Off","Juggernaut"],"relics":["Burning Blood","Calipers","Shuriken","Blue Candle","Fusion Hammer","Singing Bowl","Bird Faced Urn"],"potions_floor_usage":[16,29,30,30],"damage_taken":[{"damage":4,"enemies":"Jaw Worm","floor":1,"turns":4},{"damage":45,"enemies":"Gremlin Nob","floor":8,"turns":5},{"damage":0,"enemies":"2 Louse","floor":11,"turns":3},{"damage":1,"enemies":"Cultist","floor":12,"turns":3},{"damage":0,"enemies":"2 Fungi Beasts","floor":14,"turns":3},{"damage":35,"enemies":"Slime Boss","floor":16,"turns":11},{"damage":0,"enemies":"Chosen","floor":18,"turns":3},{"damage":2,"enemies":"Spheric Guardian","floor":20,"turns":4},{"damage":0,"enemies":"Chosen and Byrds","floor":21,"turns":4},{"damage":10,"enemies":"3 Cultists","floor":24,"turns":5},{"damage":21,"enemies":"Snecko","floor":28,"turns":7},{"damage":45,"enemies":"Slavers","floor":29,"turns":4},{"damage":26,"enemies":"Snake Plant","floor":30,"turns":3}],"seed_played":"-1735990397483990070","potions_obtained":[{"floor":12,"key":"Fire Potion"},{"floor":16,"key":"SteroidPotion"},{"floor":21,"key":"Explosive Potion"},{"floor":28,"key":"Regen Potion"},{"floor":29,"key":"SteroidPotion"}],"is_trial":false,"path_per_floor":["M","?","?","$","?","R","$","E","T","R","M","M","R","M","R","B",null,"M","$","M","M","?","R","M","?","T","$","M","E","M"],"character_chosen":"IRONCLAD","items_purchased":["Armaments","Shrug It Off","Ghostly Armor","Evolve","Shrug It Off"],"campfire_rested":1,"item_purchase_floors":[4,19,19,19,27],"current_hp_per_floor":[68,54,54,54,54,54,54,15,15,35,41,46,46,52,52,23,57,63,63,67,68,68,68,64,64,64,64,49,24,0],"gold":57,"neow_bonus":"ONE_RARE_RELIC","is_prod":false,"is_daily":false,"chose_seed":false,"campfire_upgraded":3,"win_rate":0,"timestamp":1556574872,"path_taken":["M","?","?","$","?","R","$","E","T","R","?","M","R","M","R","BOSS","M","$","M","M","?","R","?","?","T","?","M","E","M"],"build_version":"2019-01-23","purchased_purges":0,"victory":false,"max_hp_per_floor":[68,68,68,68,68,68,68,68,68,68,68,68,68,68,68,68,68,68,68,68,68,68,68,68,68,68,68,68,70,70],"card_choices":[{"not_picked":["Shrug It Off","Clothesline"],"picked":"Body Slam","floor":1},{"not_picked":["Clothesline","Armaments"],"picked":"Flame Barrier","floor":8},{"not_picked":["Heavy Blade","Warcry"],"picked":"Immolate","floor":11},{"not_picked":["Wild Strike","Bloodletting"],"picked":"Warcry","floor":12},{"not_picked":["Sever Soul","Sentinel","Thunderclap"],"picked":"SKIP","floor":14},{"not_picked":["Exhume","Feed"],"picked":"Barricade","floor":16},{"not_picked":["Warcry","Thunderclap"],"picked":"Whirlwind+1","floor":18},{"not_picked":["Carnage","Wild Strike"],"picked":"Body Slam","floor":20},{"not_picked":["Bloodletting","Body Slam"],"picked":"Feel No Pain","floor":21},{"not_picked":["Warcry+1","Bloodletting"],"picked":"Intimidate","floor":24},{"not_picked":["Thunderclap","Perfected Strike"],"picked":"Juggernaut","floor":28},{"not_picked":["Bloodletting","Searing Blow","Evolve"],"picked":"Singing Bowl","floor":29}],"player_experience":407893,"relics_obtained":[{"floor":8,"key":"Shuriken"},{"floor":9,"key":"Blue Candle"},{"floor":26,"key":"Singing Bowl"},{"floor":29,"key":"Bird Faced Urn"}],"event_choices":[{"damage_healed":0,"gold_gain":0,"player_choice":"Entered Light","damage_taken":14,"max_hp_gain":0,"max_hp_loss":0,"event_name":"Shining Light","floor":2,"gold_loss":0,"cards_upgraded":["Strike_R","Defend_R"]},{"cards_removed":["Strike_R"],"damage_healed":0,"gold_gain":0,"player_choice":"Card Removal","damage_taken":0,"max_hp_gain":0,"max_hp_loss":0,"event_name":"The Cleric","floor":3,"gold_loss":50},{"damage_healed":0,"gold_gain":0,"player_choice":"Upgraded","damage_taken":0,"max_hp_gain":0,"max_hp_loss":0,"event_name":"Upgrade Shrine","floor":5,"gold_loss":0,"cards_upgraded":["Armaments"]},{"damage_healed":0,"gold_gain":0,"player_choice":"Ignored","damage_taken":0,"max_hp_gain":0,"max_hp_loss":0,"event_name":"N\u0027loth","floor":22,"gold_loss":0},{"damage_healed":0,"gold_gain":0,"player_choice":"Ignored","damage_taken":0,"max_hp_gain":0,"max_hp_loss":0,"event_name":"Beggar","floor":25,"gold_loss":0}],"is_beta":false,"boss_relics":[{"not_picked":["Busted Crown","Tiny House"],"picked":"Fusion Hammer"}],"items_purged_floors":[],"is_endless":false,"potions_floor_spawned":[12,16,21,24,28,29],"killed_by":"Snake Plant","ascension_level":14}