{"gold_per_floor":[12,12,12,12,12,44,44,77,77,96,96,115,115,125,125,229,229,244,244,254,234,247,247,247],"floor_reached":24,"playtime":1472,"items_purged":[],"score":306,"play_id":"07d74ad5-6ff9-4037-b322-fefbada7b3e6","local_time":"20190216120819","is_ascension_mode":true,"campfire_choices":[{"floor":7.0,"key":"REST"},{"floor":11.0,"key":"REST"},{"floor":13.0,"key":"REST"},{"floor":15.0,"key":"REST"},{"floor":23,"key":"REST"}],"neow_cost":"NO_GOLD","seed_source_timestamp":69364898547000,"circlet_count":0,"master_deck":["AscendersBane","Strike_R+1","Strike_R","Strike_R","Strike_R","Defend_R","Defend_R","Defend_R","Defend_R","Bash","Entrench+1","Battle Trance","Shrug It Off","Iron Wave","Feed","Body Slam+1","RitualDagger","Body Slam"],"special_seed":0,"relics":["Burning Blood","WingedGreaves","StoneCalendar","Pantograph","Blue Candle","Sozu"],"potions_floor_usage":[22],"damage_taken":[{"damage":0.0,"enemies":"Small Slimes","floor":1.0,"turns":3.0},{"damage":36.0,"enemies":"Gremlin Nob","floor":6.0,"turns":5.0},{"damage":64.0,"enemies":"Lagavulin","floor":8.0,"turns":7.0},{"damage":1.0,"enemies":"Jaw Worm","floor":10.0,"turns":5.0},{"damage":4.0,"enemies":"2 Louse","floor":12.0,"turns":4.0},{"damage":29.0,"enemies":"Gremlin Gang","floor":14.0,"turns":7.0},{"damage":12.0,"enemies":"Slime Boss","floor":16.0,"turns":10.0},{"damage":17.0,"enemies":"Spheric Guardian","floor":18.0,"turns":10.0},{"damage":1,"enemies":"3 Byrds","floor":20,"turns":7},{"damage":53,"enemies":"Centurion and Healer","floor":22,"turns":7},{"damage":52,"enemies":"Book of Stabbing","floor":24,"turns":5}],"seed_played":"3441069370765098334","potions_obtained":[{"floor":1.0,"key":"Energy Potion"},{"floor":5.0,"key":"FairyPotion"},{"floor":5.0,"key":"SmokeBomb"},{"floor":10.0,"key":"Dexterity Potion"},{"floor":12.0,"key":"Ancient Potion"},{"floor":14.0,"key":"FearPotion"}],"is_trial":false,"path_per_floor":["M","?","?","?","?","E","R","E","T","M","R","M","R","M","R","B",null,"M","?","M","?","M","R","E"],"character_chosen":"IRONCLAD","items_purchased":[],"campfire_rested":5,"item_purchase_floors":[],"current_hp_per_floor":[78,78,62,62,62,32,56,14,14,19,43,45,69,46,70,74,79,71,65,70,70,23,47,0],"gold":247,"neow_bonus":"ONE_RARE_RELIC","is_prod":false,"is_daily":false,"chose_seed":false,"campfire_upgraded":0,"win_rate":0,"timestamp":1550336899,"path_taken":["M","?","?","?","?","E","R","E","T","M","R","M","R","?","R","BOSS","M","?","M","?","M","R","E"],"build_version":"2019-01-23","purchased_purges":0,"victory":false,"max_hp_per_floor":[80,80,80,80,80,80,80,80,80,80,80,80,80,80,80,80,80,83,83,83,83,83,83,83],"card_choices":[{"not_picked":["Dropkick","Perfected Strike"],"picked":"Entrench","floor":1.0},{"not_picked":["Havoc","Dropkick"],"picked":"Battle Trance","floor":6.0},{"not_picked":["Infernal Blade","Dropkick","Burning Pact"],"picked":"SKIP","floor":8.0},{"not_picked":["Perfected Strike","Intimidate"],"picked":"Shrug It Off","floor":10.0},{"not_picked":["Wild Strike","Reckless Charge","Clothesline"],"picked":"SKIP","floor":12.0},{"not_picked":["Warcry","Evolve"],"picked":"Iron Wave","floor":14.0},{"not_picked":["Double Tap","Dark Embrace"],"picked":"Feed","floor":16.0},{"not_picked":["Shrug It Off+1","Spot Weakness"],"picked":"Body Slam+1","floor":18.0},{"not_picked":["Shrug It Off","Anger"],"picked":"Body Slam","floor":20},{"not_picked":["Anger","Battle Trance+1","Pommel Strike+1"],"picked":"SKIP","floor":22}],"player_experience":885938,"relics_obtained":[{"floor":6.0,"key":"StoneCalendar"},{"floor":8.0,"key":"Pantograph"},{"floor":9.0,"key":"Blue Candle"}],"event_choices":[{"damage_healed":0.0,"max_hp_gain":0.0,"max_hp_loss":0.0,"gold_gain":0.0,"event_name":"The Cleric","player_choice":"Leave","floor":2.0,"gold_loss":0.0,"damage_taken":0.0},{"damage_healed":0.0,"max_hp_gain":0.0,"max_hp_loss":0.0,"gold_gain":0.0,"event_name":"Shining Light","player_choice":"Entered Light","floor":3.0,"gold_loss":0.0,"damage_taken":16.0,"cards_upgraded":["Strike_R","Entrench"]},{"cards_removed":["Strike_R"],"damage_healed":0.0,"max_hp_gain":0.0,"max_hp_loss":0.0,"gold_gain":0.0,"event_name":"Living Wall","player_choice":"Forget","floor":4.0,"gold_loss":0.0,"damage_taken":0.0},{"damage_healed":0.0,"max_hp_gain":0.0,"max_hp_loss":0.0,"gold_gain":0.0,"event_name":"Lab","player_choice":"Got Potions","floor":5.0,"gold_loss":0.0,"damage_taken":0.0},{"damage_healed":0.0,"max_hp_gain":0.0,"max_hp_loss":0.0,"gold_gain":0.0,"event_name":"Nest","player_choice":"Joined the Cult","floor":19.0,"gold_loss":0.0,"damage_taken":6.0,"cards_obtained":["RitualDagger"]},{"damage_healed":0,"gold_gain":0,"player_choice":"Bought 1 Potion","damage_taken":0,"max_hp_gain":0,"max_hp_loss":0,"event_name":"The Woman in Blue","floor":21,"gold_loss":0}],"is_beta":false,"boss_relics":[{"not_picked":["White Beast Statue","Runic Dome"],"picked":"Sozu"}],"items_purged_floors":[],"is_endless":false,"potions_floor_spawned":[1,10,12,14,18,22],"killed_by":"Book of Stabbing","ascension_level":10}