{"gold_per_floor":[114,114,132,132,152,152,177,177,177,177,102,26,60,78,78,78],"floor_reached":16,"playtime":1309,"items_purged":[],"score":172,"play_id":"3d7b3de7-6abc-4c4a-85ca-04bae8b0e953","local_time":"20190430122317","is_ascension_mode":true,"campfire_choices":[{"data":"Cloak And Dagger","floor":6.0,"key":"SMITH"},{"floor":8,"key":"REST"},{"data":"Survivor","floor":10,"key":"SMITH"},{"data":"Dodge and Roll","floor":15,"key":"SMITH"}],"neow_cost":"NONE","seed_source_timestamp":85228827574262,"circlet_count":0,"master_deck":["AscendersBane","Defend_G","Defend_G","Defend_G","Defend_G","Defend_G","Strike_G","Strike_G","Strike_G","Survivor+1","Neutralize+1","Cloak And Dagger+1","Cloak And Dagger+1","Bullet Time","Infinite Blades","Dodge and Roll+1","Blade Dance"],"special_seed":0,"relics":["Ring of the Snake","Odd Mushroom","Mummified Hand","Juzu Bracelet"],"potions_floor_usage":[16,16],"damage_taken":[{"damage":0.0,"enemies":"Cultist","floor":1.0,"turns":5.0},{"damage":1.0,"enemies":"2 Louse","floor":3.0,"turns":3.0},{"damage":3.0,"enemies":"Jaw Worm","floor":5.0,"turns":5.0},{"damage":15,"enemies":"The Mushroom Lair","floor":7,"turns":6},{"damage":9,"enemies":"3 Sentries","floor":13,"turns":10},{"damage":7,"enemies":"3 Louse","floor":14,"turns":4},{"damage":53,"enemies":"The Guardian","floor":16,"turns":19}],"seed_played":"1245658529980639366","potions_obtained":[{"floor":3.0,"key":"Swift Potion"},{"floor":5.0,"key":"SneckoOil"},{"floor":7,"key":"Block Potion"}],"is_trial":false,"path_per_floor":["M","?","M","?","M","R","?","R","T","R","?","$","E","M","R","B"],"character_chosen":"THE_SILENT","items_purchased":["Infinite Blades"],"campfire_rested":1,"item_purchase_floors":[12],"current_hp_per_floor":[59,52,51,51,48,48,33,52,52,52,52,52,43,36,36,0],"gold":78,"neow_bonus":"UPGRADE_CARD","is_prod":false,"is_daily":false,"chose_seed":false,"campfire_upgraded":3,"win_rate":0,"timestamp":1556619797,"path_taken":["M","?","M","?","?","R","?","R","T","R","?","$","E","M","R","BOSS"],"build_version":"2019-01-23","purchased_purges":0,"victory":false,"max_hp_per_floor":[66,66,66,66,66,66,66,66,66,66,66,66,66,66,66,66],"card_choices":[{"not_picked":["Underhanded Strike","Acrobatics"],"picked":"Cloak And Dagger","floor":1.0},{"not_picked":["Underhanded Strike","Acrobatics"],"picked":"Cloak And Dagger","floor":3.0},{"not_picked":["Cloak And Dagger","Bane","Flechettes"],"picked":"SKIP","floor":5.0},{"not_picked":["Acrobatics","Deflect"],"picked":"Bullet Time","floor":7},{"not_picked":["Bouncing Flask","Backflip"],"picked":"Dodge and Roll","floor":13},{"not_picked":["Outmaneuver","Underhanded Strike"],"picked":"Blade Dance","floor":14}],"player_experience":575374,"relics_obtained":[{"floor":7,"key":"Odd Mushroom"},{"floor":9,"key":"Mummified Hand"},{"floor":13,"key":"Juzu Bracelet"}],"event_choices":[{"cards_removed":["Strike_G"],"damage_healed":0.0,"max_hp_gain":0.0,"max_hp_loss":0.0,"gold_gain":0.0,"event_name":"Golden Wing","player_choice":"Card Removal","floor":2.0,"gold_loss":0.0,"damage_taken":7.0},{"damage_healed":0.0,"max_hp_gain":0.0,"max_hp_loss":0.0,"gold_gain":0.0,"event_name":"Living Wall","player_choice":"Grow","floor":4.0,"gold_loss":0.0,"damage_taken":0.0,"cards_upgraded":["Cloak And Dagger"]},{"damage_healed":0,"gold_gain":0,"player_choice":"Fought Mushrooms","damage_taken":0,"max_hp_gain":0,"max_hp_loss":0,"event_name":"Mushrooms","floor":7,"gold_loss":0},{"cards_removed":["Strike_G"],"damage_healed":0,"gold_gain":0,"player_choice":"Card Removal","damage_taken":0,"max_hp_gain":0,"max_hp_loss":0,"event_name":"The Cleric","floor":11,"gold_loss":75}],"is_beta":false,"boss_relics":[],"items_purged_floors":[],"is_endless":false,"potions_floor_spawned":[3,5,7,14],"killed_by":"The Guardian","ascension_level":15}