{"gold_per_floor":[118,130,143,143,124,124,155,29,29,29,204,204,232,232,232,232],"floor_reached":16,"playtime":639,"items_purged":[],"score":162,"play_id":"ddda9ae3-cc65-476c-b5c9-53909e8cd990","local_time":"20190522141605","is_ascension_mode":true,"campfire_choices":[{"data":"Neutralize","floor":6,"key":"SMITH"},{"floor":10,"key":"REST"},{"floor":15,"key":"REST"}],"neow_cost":"PERCENT_DAMAGE","seed_source_timestamp":154588638447200,"circlet_count":0,"master_deck":["AscendersBane","Defend_G","Defend_G","Defend_G","Strike_G","Strike_G","Strike_G","Strike_G","Strike_G","Survivor","Neutralize+1","Backflip","Backflip","Cloak And Dagger","Catalyst","Glass Knife","Well Laid Plans","Slice","Doubt","Deadly Poison"],"relics":["Ring of the Snake","Du-Vu Doll","Blue Candle","Molten Egg 2","Question Card","Sundial"],"potions_floor_usage":[7,16],"damage_taken":[{"damage":1,"enemies":"2 Louse","floor":1,"turns":4},{"damage":0,"enemies":"Cultist","floor":2,"turns":4},{"damage":4,"enemies":"Jaw Worm","floor":3,"turns":5},{"damage":1,"enemies":"Exordium Thugs","floor":5,"turns":4},{"damage":20,"enemies":"Gremlin Nob","floor":7,"turns":6},{"damage":23,"enemies":"Lagavulin","floor":13,"turns":6},{"damage":34,"enemies":"Hexaghost","floor":16,"turns":9}],"seed_played":"-7131171750849639264","potions_obtained":[{"floor":1,"key":"GhostInAJar"},{"floor":13,"key":"SteroidPotion"}],"is_trial":false,"path_per_floor":["M","M","M","?","M","R","E","$","T","R","?","?","E","T","R","B"],"character_chosen":"THE_SILENT","items_purchased":["Well Laid Plans","Slice"],"campfire_rested":2,"item_purchase_floors":[8,8],"current_hp_per_floor":[44,44,40,40,39,39,19,19,19,40,40,33,10,10,31,0],"gold":232,"neow_bonus":"ONE_RARE_RELIC","is_prod":false,"is_daily":false,"chose_seed":false,"campfire_upgraded":1,"win_rate":0,"timestamp":1558559765,"path_taken":["M","M","M","?","?","R","E","$","T","R","?","?","E","?","R","BOSS"],"build_version":"2019-01-23","purchased_purges":0,"victory":false,"max_hp_per_floor":[70,70,70,70,70,70,70,70,70,70,70,70,70,70,70,70],"card_choices":[{"not_picked":["Cloak And Dagger","Poisoned Stab"],"picked":"Backflip","floor":1},{"not_picked":["Outmaneuver","Flechettes"],"picked":"Backflip","floor":2},{"not_picked":["Reflex","Outmaneuver"],"picked":"Cloak And Dagger","floor":3},{"not_picked":["Endless Agony","Skewer"],"picked":"Catalyst","floor":5},{"not_picked":["Blade Dance","Cloak And Dagger"],"picked":"Glass Knife","floor":7},{"not_picked":["Flying Knee+1","Well Laid Plans"],"picked":"Deadly Poison","floor":13}],"player_experience":474676,"relics_obtained":[{"floor":7,"key":"Blue Candle"},{"floor":9,"key":"Molten Egg 2"},{"floor":13,"key":"Question Card"},{"floor":14,"key":"Sundial"}],"event_choices":[{"cards_removed":["Defend_G"],"damage_healed":0,"gold_gain":0,"player_choice":"Purged","damage_taken":0,"max_hp_gain":0,"max_hp_loss":0,"event_name":"Purifier","floor":4,"gold_loss":0},{"damage_healed":0,"gold_gain":175,"player_choice":"AGREE","damage_taken":0,"max_hp_gain":0,"max_hp_loss":0,"event_name":"Liars Game","floor":11,"gold_loss":0,"cards_obtained":["Doubt"]},{"cards_removed":["Defend_G"],"damage_healed":0,"gold_gain":0,"player_choice":"Card Removal","damage_taken":7,"max_hp_gain":0,"max_hp_loss":0,"event_name":"Golden Wing","floor":12,"gold_loss":0}],"is_beta":false,"boss_relics":[],"items_purged_floors":[],"is_endless":false,"potions_floor_spawned":[1,13],"killed_by":"Hexaghost","ascension_level":10}