{"gold_per_floor":[111,128,147,161,215,250,100,100,155,170,189,203,203,221,221,321,321,335,154,172,172],"floor_reached":21,"playtime":1326,"items_purged":["Strike_R","Strike_R"],"score":456,"play_id":"64d9dc64-961f-42d4-b0a3-daac4e60b0c5","local_time":"20190427190810","is_ascension_mode":true,"campfire_choices":[{"data":"Uppercut","floor":8,"key":"SMITH"},{"floor":13,"key":"REST"},{"floor":15,"key":"REST"}],"neow_cost":"TEN_PERCENT_HP_LOSS","seed_source_timestamp":0,"circlet_count":0,"master_deck":["AscendersBane","Strike_R","Strike_R","Strike_R","Defend_R","Defend_R","Defend_R","Defend_R","Bash","Clothesline","Battle Trance","Bloodletting","Searing Blow","Uppercut+1","Rupture","Brutality","Disarm","Clash","Feed","Rupture","Corruption"],"special_seed":0,"relics":["Burning Blood","Bag of Marbles","Tiny Chest","Sozu"],"potions_floor_usage":[6,16],"damage_taken":[{"damage":2,"enemies":"Small Slimes","floor":1,"turns":4},{"damage":0,"enemies":"2 Louse","floor":2,"turns":2},{"damage":10,"enemies":"Jaw Worm","floor":3,"turns":4},{"damage":20,"enemies":"3 Louse","floor":4,"turns":6},{"damage":22,"enemies":"Gremlin Nob","floor":6,"turns":5},{"damage":9,"enemies":"Blue Slaver","floor":10,"turns":4},{"damage":7,"enemies":"Exordium Wildlife","floor":11,"turns":3},{"damage":11,"enemies":"2 Fungi Beasts","floor":12,"turns":4},{"damage":24,"enemies":"Gremlin Gang","floor":14,"turns":6},{"damage":45,"enemies":"Slime Boss","floor":16,"turns":10},{"damage":24,"enemies":"3 Byrds","floor":18,"turns":7},{"damage":15,"enemies":"Spheric Guardian","floor":20,"turns":3},{"damage":39,"enemies":"Chosen and Byrds","floor":21,"turns":4}],"seed_played":"-217307474822468865","potions_obtained":[{"floor":3,"key":"Block Potion"},{"floor":4,"key":"SteroidPotion"},{"floor":10,"key":"Strength Potion"},{"floor":12,"key":"Weak Potion"}],"is_trial":false,"path_per_floor":["M","M","M","M","?","E","$","R","T","M","M","M","R","M","R","B",null,"M","$","M","M"],"character_chosen":"IRONCLAD","items_purchased":["Rupture","Rupture"],"campfire_rested":2,"item_purchase_floors":[7,19],"current_hp_per_floor":[72,72,68,54,54,38,38,38,38,35,34,29,50,32,53,14,58,43,43,34,0],"gold":172,"neow_bonus":"THREE_RARE_CARDS","is_prod":false,"is_daily":false,"chose_seed":false,"campfire_upgraded":1,"win_rate":0,"timestamp":1556406490,"path_taken":["M","M","M","M","?","E","$","R","T","M","M","M","R","M","R","BOSS","M","$","M","M"],"build_version":"2019-01-23","purchased_purges":2,"victory":false,"max_hp_per_floor":[72,72,72,72,72,72,72,72,72,72,72,72,72,72,72,72,72,75,75,75,78],"card_choices":[{"not_picked":["Double Tap","Reaper"],"picked":"Demon Form","floor":0.0},{"not_picked":["Twin Strike","Flex"],"picked":"Clothesline","floor":1},{"not_picked":["Infernal Blade","Havoc"],"picked":"Battle Trance","floor":2},{"not_picked":["Anger","Flex"],"picked":"Bloodletting","floor":3},{"not_picked":["Perfected Strike","Twin Strike"],"picked":"Searing Blow","floor":4},{"not_picked":["Iron Wave","Sentinel"],"picked":"Uppercut","floor":6},{"not_picked":["True Grit","Clothesline"],"picked":"Brutality","floor":10},{"not_picked":["Cleave","Corruption"],"picked":"Disarm","floor":11},{"not_picked":["Body Slam","Rampage"],"picked":"Clash","floor":12},{"not_picked":["Pommel Strike","Fire Breathing","Iron Wave"],"picked":"SKIP","floor":14},{"not_picked":["Bludgeon","Double Tap"],"picked":"Feed","floor":16},{"not_picked":["Clothesline","Anger","Reckless Charge"],"picked":"SKIP","floor":18},{"not_picked":["Twin Strike+1","Second Wind"],"picked":"Corruption","floor":20}],"player_experience":388561,"relics_obtained":[{"floor":6,"key":"Bag of Marbles"},{"floor":9,"key":"Tiny Chest"}],"event_choices":[{"damage_healed":0,"gold_gain":54,"player_choice":"Gained Gold","damage_taken":0,"max_hp_gain":0,"max_hp_loss":0,"event_name":"Golden Wing","floor":5,"gold_loss":0}],"is_beta":false,"boss_relics":[{"not_picked":["White Beast Statue","Velvet Choker"],"picked":"Sozu"}],"items_purged_floors":[7,19],"is_endless":false,"potions_floor_spawned":[3,4,10,12,20],"killed_by":"Chosen and Byrds","ascension_level":12}