{"gold_per_floor":[363,375,425,444,454,454,355,355,355,368,368,396,413,9,9,86,86,102,102,113,113,113,145,145,145,145,145,156,156,166,193,193,266,266,279,16,16,29,29,29,64,64,64,83,83,114,132,0,0,0,0,0,0,0,34,34],"floor_reached":56,"playtime":4168,"items_purged":["Strike_B","Strike_B+1","Strike_B+1"],"score":2121,"play_id":"e08cc8dd-ce2e-4e03-ab1d-6be25818cbdf","local_time":"20181203190258","is_ascension_mode":true,"campfire_choices":[{"data":"Zap","floor":6.0,"key":"SMITH"},{"data":"Beam Cell","floor":8.0,"key":"SMITH"},{"data":"Go for the Eyes","floor":11.0,"key":"SMITH"},{"data":"Defragment","floor":15.0,"key":"SMITH"},{"floor":25.0,"key":"RECALL"},{"data":"Conserve Battery","floor":27.0,"key":"SMITH"},{"data":"Dualcast","floor":32.0,"key":"SMITH"},{"data":"Chill","floor":40.0,"key":"SMITH"},{"data":"Gash","floor":42.0,"key":"SMITH"},{"data":"Capacitor","floor":49.0,"key":"SMITH"},{"floor":53.0,"key":"REST"}],"neow_cost":"TEN_PERCENT_HP_LOSS","seed_source_timestamp":0,"circlet_count":0,"master_deck":["AscendersBane","Strike_B+1","Defend_B+1","Defend_B+1","Defend_B+1","Defend_B+1","Zap+1","Dualcast+1","Conserve Battery+1","FTL","Chill+1","Cold Snap","Beam Cell+1","Go for the Eyes+1","Ball Lightning","Echo Form","Defragment+1","Coolheaded+1","Seek+1","Gash+1","Ghostly+1","Ghostly+1","Ghostly+1","Gash","Auto Shields+1","Compile Driver","Hologram+1","Echo Form","Hologram+1","Finesse+1","Good Instincts+1","Metamorphosis+1","Coolheaded+1","Coolheaded+1","Capacitor+1"],"special_seed":0,"relics":["Ornamental Fan","Bottled Flame","Toxic Egg 2","Sozu","Nloth\u0027s Gift","MutagenicStrength","Pocketwatch","Mummified Hand","The Courier","Runic Dome","Runic Capacitor","Bottled Tornado","Strawberry","Bronze Scales"],"potions_floor_usage":[],"damage_taken":[{"damage":2.0,"enemies":"Jaw Worm","floor":1.0,"turns":4.0},{"damage":0.0,"enemies":"Cultist","floor":2.0,"turns":4.0},{"damage":0.0,"enemies":"2 Louse","floor":4.0,"turns":1.0},{"damage":2.0,"enemies":"Red Slaver","floor":5.0,"turns":3.0},{"damage":0.0,"enemies":"2 Fungi Beasts","floor":10.0,"turns":3.0},{"damage":10.0,"enemies":"Lagavulin","floor":12.0,"turns":8.0},{"damage":0.0,"enemies":"Large Slime","floor":13.0,"turns":4.0},{"damage":38.0,"enemies":"The Guardian","floor":16.0,"turns":9.0},{"damage":18.0,"enemies":"Chosen","floor":18.0,"turns":5.0},{"damage":3.0,"enemies":"Spheric Guardian","floor":20.0,"turns":5.0},{"damage":5.0,"enemies":"Gremlin Leader","floor":23.0,"turns":7.0},{"damage":0.0,"enemies":"Snecko","floor":28.0,"turns":5.0},{"damage":0.0,"enemies":"Centurion and Healer","floor":30.0,"turns":7.0},{"damage":1.0,"enemies":"Slavers","floor":31.0,"turns":8.0},{"damage":0.0,"enemies":"Champ","floor":33.0,"turns":15.0},{"damage":0.0,"enemies":"3 Darklings","floor":35.0,"turns":5.0},{"damage":0.0,"enemies":"3 Shapes","floor":38.0,"turns":6.0},{"damage":0.0,"enemies":"Nemesis","floor":41.0,"turns":7.0},{"damage":0.0,"enemies":"Maw","floor":44.0,"turns":6.0},{"damage":0.0,"enemies":"Reptomancer","floor":46.0,"turns":6.0},{"damage":0.0,"enemies":"Spire Growth","floor":47.0,"turns":4.0},{"damage":26.0,"enemies":"Awakened One","floor":50.0,"turns":12.0},{"damage":3.0,"enemies":"Donu and Deca","floor":51.0,"turns":12.0},{"damage":28.0,"enemies":"Shield and Spear","floor":55.0,"turns":8.0},{"damage":12,"enemies":"The Heart","floor":56,"turns":8}],"seed_played":"-2070298241113061086","potions_obtained":[{"floor":1.0,"key":"SmokeBomb"},{"floor":4.0,"key":"Regen Potion"},{"floor":12.0,"key":"SteroidPotion"}],"is_trial":false,"path_per_floor":["M","M","?","M","M","R","$","R","T","M","R","E","M","$","R","B",null,"M","?","M","?","?","E","?","R","T","R","M","?","M","E","R","B",null,"M","$","?","M","?","R","E","R","T","M","?","E","M","$","R","B","B",null,"R","$","E","B"],"character_chosen":"DEFECT","items_purchased":["Beam Cell","Toxic Egg 2","Defragment","Coolheaded+1","Runic Capacitor","Capacitor"],"campfire_rested":1,"item_purchase_floors":[7,14,14,14,36,48],"current_hp_per_floor":[62,62,56,56,54,54,54,54,54,63,63,53,53,53,53,15,52,34,34,45,45,32,32,32,32,32,32,32,32,32,32,32,32,32,32,32,22,29,29,29,29,29,29,29,29,36,36,36,36,10,7,31,39,39,11,0],"gold":34,"neow_bonus":"TWO_FIFTY_GOLD","is_prod":false,"is_daily":false,"chose_seed":false,"campfire_upgraded":9,"win_rate":0,"timestamp":1543860178,"path_taken":["M","M","?","?","M","R","$","R","T","M","R","E","?","?","R","BOSS","M","?","?","?","?","E","?","R","T","R","M","?","M","E","R","BOSS","M","$","?","M","?","R","E","R","T","M","?","E","M","?","R","BOSS","BOSS","R","$","E","BOSS"],"build_version":"2018-11-15","purchased_purges":3,"victory":false,"max_hp_per_floor":[64,64,64,64,64,64,64,64,64,64,64,64,64,64,64,64,64,64,64,64,64,32,32,32,32,32,32,32,32,32,32,32,32,32,32,32,32,32,32,32,32,32,32,32,32,39,39,39,39,39,39,39,39,39,39,39],"card_choices":[{"not_picked":["Capacitor","Static Discharge"],"picked":"Conserve Battery","floor":1.0},{"not_picked":["Undo","Compile Driver"],"picked":"FTL","floor":2.0},{"not_picked":["Rebound","Compile Driver"],"picked":"Chill","floor":4.0},{"not_picked":["Seek","Hello World"],"picked":"Cold Snap","floor":5.0},{"not_picked":["Melter","Lockon"],"picked":"Go for the Eyes","floor":10.0},{"not_picked":["Sweeping Beam","Redo"],"picked":"Ball Lightning","floor":12.0},{"not_picked":["Turbo","Self Repair"],"picked":"Echo Form","floor":13.0},{"not_picked":["Thunder Strike","Rainbow+1"],"picked":"Seek+1","floor":16.0},{"not_picked":["Beam Cell","Steam Power+1"],"picked":"Self Repair","floor":18.0},{"not_picked":["Redo+1","White Noise+1"],"picked":"Gash","floor":20.0},{"not_picked":["Meteor Strike","Reboot+1"],"picked":"Gash","floor":23.0},{"not_picked":["Compile Driver","Reinforced Body+1"],"picked":"Auto Shields+1","floor":28.0},{"not_picked":["Cold Snap+1","Blizzard"],"picked":"Compile Driver","floor":30.0},{"not_picked":["Turbo+1","Lockon"],"picked":"Hologram+1","floor":31.0},{"not_picked":["Rainbow+1","Hyperbeam"],"picked":"Echo Form","floor":33.0},{"not_picked":["Hello World","Rebound"],"picked":"Hologram+1","floor":35.0},{"not_picked":["Swift Strike","Magnetism"],"picked":"Finesse+1","floor":37.0},{"not_picked":["Apotheosis+1","Enlightenment+1"],"picked":"Good Instincts+1","floor":37.0},{"not_picked":["Enlightenment+1","Magnetism"],"picked":"Metamorphosis+1","floor":37.0},{"not_picked":["Rainbow+1","Self Repair","Ball Lightning+1"],"picked":"SKIP","floor":38.0},{"not_picked":["Barrage+1","Steam+1","Rainbow+1"],"picked":"SKIP","floor":41.0},{"not_picked":["Turbo+1","Redo+1"],"picked":"Coolheaded+1","floor":44.0},{"not_picked":["Ball Lightning","Skim+1"],"picked":"Coolheaded+1","floor":46.0},{"not_picked":["Steam+1","Lockon+1","Rip and Tear"],"picked":"SKIP","floor":47.0},{"not_picked":["Electrodynamics","Ball Lightning+1","Redo+1"],"picked":"SKIP","floor":55.0}],"player_experience":1129522,"relics_obtained":[{"floor":9.0,"key":"Ornamental Fan"},{"floor":12.0,"key":"Bottled Flame"},{"floor":23.0,"key":"Pocketwatch"},{"floor":26.0,"key":"Mummified Hand"},{"floor":31.0,"key":"The Courier"},{"floor":41.0,"key":"Bottled Tornado"},{"floor":46.0,"key":"Strawberry"},{"floor":55.0,"key":"Bronze Scales"}],"event_choices":[{"damage_healed":0.0,"max_hp_gain":0.0,"max_hp_loss":0.0,"gold_gain":50.0,"event_name":"FaceTrader","player_choice":"Touch","floor":3.0,"gold_loss":0.0,"damage_taken":6.0},{"damage_healed":0.0,"max_hp_gain":0.0,"max_hp_loss":0.0,"gold_gain":0.0,"event_name":"N\u0027loth","player_choice":"Traded Relic","floor":19.0,"relics_lost":["Cracked Core"],"gold_loss":0.0,"damage_taken":0.0,"relics_obtained":["Nloth\u0027s Gift"]},{"damage_healed":0.0,"max_hp_gain":0.0,"max_hp_loss":0.0,"gold_gain":0.0,"event_name":"Drug Dealer","player_choice":"Inject Mutagens","floor":21.0,"gold_loss":0.0,"damage_taken":0.0,"relics_obtained":["MutagenicStrength"]},{"damage_healed":0.0,"max_hp_gain":0.0,"max_hp_loss":32.0,"gold_gain":0.0,"event_name":"Ghosts","player_choice":"Became a Ghost","floor":22.0,"gold_loss":0.0,"damage_taken":0.0,"cards_obtained":["Ghostly","Ghostly","Ghostly"]},{"damage_healed":0.0,"max_hp_gain":0.0,"max_hp_loss":0.0,"gold_gain":0.0,"event_name":"Back to Basics","player_choice":"Simplicity","floor":24.0,"gold_loss":0.0,"damage_taken":0.0,"cards_upgraded":["Strike_B","Strike_B","Strike_B","Defend_B","Defend_B","Defend_B","Defend_B"]},{"damage_healed":0.0,"max_hp_gain":0.0,"max_hp_loss":0.0,"gold_gain":0.0,"event_name":"Lab","player_choice":"Got Potions","floor":29.0,"gold_loss":0.0,"damage_taken":0.0},{"damage_healed":0.0,"max_hp_gain":0.0,"max_hp_loss":0.0,"gold_gain":0.0,"event_name":"SensoryStone","player_choice":"Memory 3","floor":37.0,"gold_loss":0.0,"damage_taken":10.0},{"cards_removed":["Self Repair"],"damage_healed":0.0,"max_hp_gain":0.0,"max_hp_loss":0.0,"gold_gain":0.0,"event_name":"Falling","player_choice":"Removed Power","floor":39.0,"gold_loss":0.0,"damage_taken":0.0},{"damage_healed":0.0,"max_hp_gain":0.0,"max_hp_loss":0.0,"gold_gain":0.0,"event_name":"Tomb of Lord Red Mask","player_choice":"Ignored","floor":45.0,"gold_loss":0.0,"damage_taken":0.0}],"is_beta":true,"boss_relics":[{"not_picked":["Astrolabe","Eternal Feather"],"picked":"Sozu"},{"not_picked":["Pandora\u0027s Box","Snecko Eye"],"picked":"Runic Dome"}],"items_purged_floors":[7,36,48],"is_endless":false,"potions_floor_spawned":[1,4,12,13,18,30,31,33,35,41,47,55],"killed_by":"The Heart","ascension_level":20}