{"gold_per_floor":[14,14,32,32,46,75,75,86,86,86,102,102,117,137,137,238,238,253,253,243,262,275,275,275,275,301,314,314,327,327,327,327,422,422,438,438,209,209,229,229],"floor_reached":40,"playtime":2154,"items_purged":["Bash"],"score":744,"play_id":"ecf3353a-8a0c-452a-a6e2-38a4b218cfd7","local_time":"20190425183923","is_ascension_mode":true,"campfire_choices":[{"data":"Barricade","floor":10,"key":"SMITH"},{"data":"Flame Barrier","floor":12,"key":"SMITH"},{"floor":15,"key":"REST"},{"data":"Demon Form","floor":23,"key":"SMITH"},{"floor":25,"key":"REST"},{"floor":28,"key":"REST"},{"data":"Entrench","floor":30,"key":"SMITH"},{"floor":32,"key":"REST"}],"neow_cost":"NO_GOLD","seed_source_timestamp":114096586754600,"circlet_count":0,"master_deck":["AscendersBane","Strike_R","Strike_R","Defend_R","Defend_R","Defend_R","Barricade+1","True Grit+1","Rage+1","Anger","Intimidate","Flame Barrier+1","Demon Form+1","Headbutt","Offering","Rupture","Whirlwind","Shrug It Off","Body Slam","Rage","Entrench+1","Entrench+1","Brutality","Body Slam","Body Slam+1"],"relics":["Burning Blood","Mummified Hand","Pocketwatch","Anchor","Art of War"],"potions_floor_usage":[8,16,18,20,22,27],"damage_taken":[{"damage":10,"enemies":"Small Slimes","floor":1,"turns":3},{"damage":5,"enemies":"Cultist","floor":3,"turns":5},{"damage":2,"enemies":"Jaw Worm","floor":5,"turns":4},{"damage":46,"enemies":"Gremlin Nob","floor":6,"turns":5},{"damage":12,"enemies":"Lots of Slimes","floor":8,"turns":7},{"damage":3,"enemies":"Blue Slaver","floor":11,"turns":5},{"damage":12,"enemies":"Exordium Wildlife","floor":13,"turns":4},{"damage":9,"enemies":"Large Slime","floor":14,"turns":5},{"damage":15,"enemies":"Slime Boss","floor":16,"turns":7},{"damage":21,"enemies":"Shell Parasite","floor":18,"turns":8},{"damage":29,"enemies":"2 Thieves","floor":20,"turns":4},{"damage":7,"enemies":"Snecko","floor":21,"turns":10},{"damage":18,"enemies":"Centurion and Healer","floor":22,"turns":5},{"damage":31,"enemies":"Colosseum Slavers","floor":24,"turns":7},{"damage":31,"enemies":"Chosen and Byrds","floor":27,"turns":7},{"damage":14,"enemies":"Snake Plant","floor":29,"turns":6},{"damage":6,"enemies":"Champ","floor":33,"turns":9},{"damage":2,"enemies":"3 Shapes","floor":35,"turns":6},{"damage":10,"enemies":"3 Darklings","floor":39,"turns":5},{"damage":92,"enemies":"Giant Head","floor":40,"turns":8}],"seed_played":"-450435137282052959","potions_obtained":[{"floor":5,"key":"BloodPotion"},{"floor":6,"key":"Explosive Potion"},{"floor":7,"key":"Dexterity Potion"},{"floor":13,"key":"SkillPotion"},{"floor":16,"key":"Regen Potion"},{"floor":20,"key":"GamblersBrew"},{"floor":21,"key":"BloodPotion"}],"is_trial":false,"path_per_floor":["M","?","M","?","M","E","?","M","T","R","M","R","M","M","R","B",null,"M","?","M","M","M","R","?","R","T","M","R","M","R","?","R","B",null,"M","?","$","?","M","E"],"character_chosen":"IRONCLAD","items_purchased":["Art of War"],"campfire_rested":4,"item_purchase_floors":[37],"current_hp_per_floor":[68,68,69,69,73,33,33,35,35,35,38,38,32,29,53,44,71,71,71,48,47,43,43,18,42,42,17,41,33,33,33,57,57,74,78,78,78,78,74,0],"gold":229,"neow_bonus":"THREE_RARE_CARDS","is_prod":false,"is_daily":false,"chose_seed":false,"campfire_upgraded":4,"win_rate":0,"timestamp":1556231963,"path_taken":["M","?","M","?","?","E","?","M","T","R","M","R","M","?","R","BOSS","M","?","M","M","M","R","?","R","T","M","R","M","R","?","R","BOSS","M","?","$","?","M","E"],"build_version":"2019-01-23","purchased_purges":1,"victory":false,"max_hp_per_floor":[80,80,80,80,80,80,80,80,80,80,80,80,80,80,80,80,80,80,80,80,80,80,80,80,80,80,80,80,80,80,80,80,80,80,80,80,80,80,80,80],"card_choices":[{"not_picked":["Feed","Reaper"],"picked":"Barricade","floor":0},{"not_picked":["Rampage","Thunderclap"],"picked":"True Grit","floor":1},{"not_picked":["Carnage","Uppercut"],"picked":"Rage","floor":3},{"not_picked":["Shrug It Off","Sword Boomerang"],"picked":"Anger","floor":5},{"not_picked":["Clothesline","Flex","Rampage"],"picked":"SKIP","floor":6},{"not_picked":["Iron Wave","Headbutt"],"picked":"Intimidate","floor":8},{"not_picked":["Twin Strike","Clash"],"picked":"Flame Barrier","floor":11},{"not_picked":["Cleave","Uppercut"],"picked":"Demon Form","floor":13},{"not_picked":["Iron Wave","Sword Boomerang"],"picked":"Headbutt","floor":14},{"not_picked":["Immolate","Fiend Fire"],"picked":"Offering","floor":16},{"not_picked":["Flex+1","Pommel Strike+1","Sever Soul"],"picked":"SKIP","floor":18},{"not_picked":["Whirlwind","Shockwave"],"picked":"Shrug It Off","floor":20},{"not_picked":["Flame Barrier+1","Heavy Blade"],"picked":"Body Slam","floor":21},{"not_picked":["Sever Soul","Combust"],"picked":"Rage","floor":22},{"not_picked":["Shrug It Off","Limit Break"],"picked":"Entrench+1","floor":27},{"not_picked":["Body Slam","Iron Wave"],"picked":"Entrench","floor":29},{"not_picked":["Double Tap","Barricade"],"picked":"Brutality","floor":33},{"not_picked":["Reckless Charge","Clothesline"],"picked":"Body Slam","floor":35},{"not_picked":["True Grit","Anger"],"picked":"Body Slam+1","floor":39}],"player_experience":386407,"relics_obtained":[{"floor":6,"key":"Mummified Hand"},{"floor":9,"key":"Pocketwatch"},{"floor":26,"key":"Anchor"}],"event_choices":[{"damage_healed":0,"gold_gain":0,"player_choice":"Grow","damage_taken":0,"max_hp_gain":0,"max_hp_loss":0,"event_name":"Living Wall","floor":2,"gold_loss":0,"cards_upgraded":["True Grit"]},{"damage_healed":0,"gold_gain":0,"player_choice":"Upgraded","damage_taken":0,"max_hp_gain":0,"max_hp_loss":0,"event_name":"Upgrade Shrine","floor":4,"gold_loss":0,"cards_upgraded":["Rage"]},{"damage_healed":0,"gold_gain":0,"player_choice":"Got Potions","damage_taken":0,"max_hp_gain":0,"max_hp_loss":0,"event_name":"Lab","floor":7,"gold_loss":0},{"damage_healed":0,"gold_gain":0,"cards_transformed":["Strike_R","Strike_R"],"player_choice":"Became Test Subject","damage_taken":0,"max_hp_gain":0,"max_hp_loss":0,"event_name":"Drug Dealer","floor":19,"gold_loss":0,"cards_obtained":["Rupture","Whirlwind"]},{"damage_healed":0,"gold_gain":0,"player_choice":"Fight","damage_taken":0,"max_hp_gain":0,"max_hp_loss":0,"event_name":"Colosseum","floor":24,"gold_loss":0},{"damage_healed":0,"gold_gain":0,"player_choice":"Fled From Nobs","damage_taken":0,"max_hp_gain":0,"max_hp_loss":0,"event_name":"Colosseum","floor":24,"gold_loss":0},{"damage_healed":0,"gold_gain":0,"player_choice":"Ignored","damage_taken":0,"max_hp_gain":0,"max_hp_loss":0,"event_name":"Vampires","floor":31,"gold_loss":0},{"cards_removed":["Strike_R"],"damage_healed":0,"gold_gain":0,"player_choice":"Removed Attack","damage_taken":0,"max_hp_gain":0,"max_hp_loss":0,"event_name":"Falling","floor":36,"gold_loss":0},{"cards_removed":["Defend_R"],"damage_healed":0,"gold_gain":0,"player_choice":"Offered Basic","damage_taken":0,"max_hp_gain":0,"max_hp_loss":0,"event_name":"Bonfire Elementals","floor":38,"gold_loss":0}],"is_beta":false,"boss_relics":[{"not_picked":["Snecko Eye","Mark of Pain","Pandora\u0027s Box"]},{"not_picked":["Fusion Hammer","Coffee Dripper","Runic Pyramid"]}],"items_purged_floors":[37],"is_endless":false,"potions_floor_spawned":[5,6,13,16,20,21,24],"killed_by":"Giant Head","ascension_level":12}