{"gold_per_floor":[116,131,131,206,216,216,227,227,227,277,277,295,320,332,332,409,409,425,436,436,446,446,446,64,64,119,119,145,75,101,118,118,189,189,203,219,109,126,146,176,187,218,218,54,54,54,69,87,87,87],"floor_reached":51,"playtime":4226,"items_purged":["Decay"],"score":1232,"play_id":"9f58d0d8-a769-4259-96e7-44543eb66869","local_time":"20190615145800","is_ascension_mode":true,"campfire_choices":[{"data":"Coolheaded","floor":6,"key":"SMITH"},{"data":"Hologram","floor":11,"key":"SMITH"},{"floor":15,"key":"REST"},{"floor":23,"key":"REST"},{"floor":25,"key":"REST"},{"floor":27,"key":"REST"},{"data":"Biased Cognition","floor":32,"key":"SMITH"},{"floor":46,"key":"REST"},{"floor":49,"key":"REST"}],"neow_cost":"NONE","seed_source_timestamp":63662090495900,"circlet_count":0,"master_deck":["AscendersBane","Strike_B+1","Strike_B","Strike_B+1","Defend_B+1","Defend_B","Defend_B","Defend_B","Zap+1","Dualcast","Coolheaded+1","Cold Snap","Hologram+1","Hologram","Ball Lightning","Core Surge","Biased Cognition+1","Cold Snap","Capacitor","RitualDagger","Force Field+1","Defragment+1","Capacitor+1","Defragment+1","Electrodynamics+1","Conserve Battery+1","Leap+1","Reinforced Body","Chill","Heatsinks+1","Consume","Mayhem+1","Redo+1"],"relics":["Cracked Core","Letter Opener","Mummified Hand","Bottled Flame","Runic Pyramid","Frozen Egg 2","Tiny Chest","Happy Flower","Meat on the Bone","Runic Dome","Bag of Preparation","Whetstone","Girya"],"potions_floor_usage":[16,16,21,31,48,50],"damage_taken":[{"damage":0,"enemies":"Small Slimes","floor":1,"turns":3},{"damage":0,"enemies":"2 Louse","floor":2,"turns":2},{"damage":2,"enemies":"Jaw Worm","floor":5,"turns":4},{"damage":0,"enemies":"2 Fungi Beasts","floor":7,"turns":4},{"damage":7,"enemies":"Red Slaver","floor":12,"turns":2},{"damage":9,"enemies":"3 Sentries","floor":13,"turns":6},{"damage":16,"enemies":"3 Louse","floor":14,"turns":3},{"damage":27,"enemies":"Slime Boss","floor":16,"turns":9},{"damage":3,"enemies":"Shell Parasite","floor":18,"turns":4},{"damage":20,"enemies":"2 Thieves","floor":19,"turns":3},{"damage":30,"enemies":"Snake Plant","floor":21,"turns":4},{"damage":0,"enemies":"Gremlin Leader","floor":30,"turns":6},{"damage":0,"enemies":"3 Cultists","floor":31,"turns":6},{"damage":6,"enemies":"Champ","floor":33,"turns":9},{"damage":12,"enemies":"Orb Walker","floor":35,"turns":3},{"damage":6,"enemies":"3 Shapes","floor":36,"turns":2},{"damage":29,"enemies":"Spire Growth","floor":38,"turns":6},{"damage":3,"enemies":"Jaw Worm Horde","floor":39,"turns":4},{"damage":8,"enemies":"Giant Head","floor":40,"turns":9},{"damage":8,"enemies":"4 Shapes","floor":41,"turns":2},{"damage":19,"enemies":"Nemesis","floor":42,"turns":7},{"damage":23,"enemies":"Writhing Mass","floor":47,"turns":3},{"damage":4,"enemies":"Transient","floor":48,"turns":5},{"damage":62,"enemies":"Awakened One","floor":50,"turns":13}],"seed_played":"-3788236546241288963","potions_obtained":[{"floor":2,"key":"FearPotion"},{"floor":7,"key":"Strength Potion"},{"floor":13,"key":"FocusPotion"},{"floor":18,"key":"LiquidBronze"},{"floor":30,"key":"Fire Potion"},{"floor":38,"key":"EssenceOfSteel"},{"floor":39,"key":"Fire Potion"},{"floor":47,"key":"Energy Potion"}],"is_trial":false,"path_per_floor":["M","M","?","?","M","R","M","T","T","?","R","M","E","M","R","B",null,"M","M","?","M","?","R","$","R","T","R","T","$","E","M","R","B",null,"M","M","?","M","M","E","M","E","T","$","$","R","M","M","R","B",null],"character_chosen":"DEFECT","items_purchased":["Frozen Egg 2","Defragment+1","Capacitor+1","Mayhem+1"],"campfire_rested":6,"item_purchase_floors":[24,24,29,44],"current_hp_per_floor":[64,64,69,58,56,56,56,56,56,49,49,42,33,17,39,12,60,57,37,31,1,1,23,23,45,45,67,67,67,67,67,67,61,72,60,54,54,37,46,50,42,35,35,35,35,57,46,42,64,14],"gold":87,"neow_bonus":"UPGRADE_CARD","is_prod":false,"is_daily":false,"chose_seed":false,"campfire_upgraded":3,"win_rate":0,"timestamp":1560625080,"path_taken":["M","M","?","?","M","R","M","?","T","?","R","M","E","?","R","BOSS","M","M","?","M","?","R","?","R","T","R","?","$","E","M","R","BOSS","M","M","?","M","?","E","M","E","T","?","$","R","M","M","R","BOSS"],"build_version":"2019-01-23","purchased_purges":1,"victory":true,"max_hp_per_floor":[71,71,76,76,76,76,76,76,76,76,76,76,76,76,76,76,76,76,76,76,76,76,76,76,76,76,76,76,76,76,76,76,76,76,76,76,76,76,76,76,76,76,76,76,76,76,76,76,76,76],"card_choices":[{"not_picked":["Barrage","Beam Cell"],"picked":"Coolheaded","floor":1},{"not_picked":["Force Field","Hologram"],"picked":"Cold Snap","floor":2},{"not_picked":["Lockon","Chaos","Loop"],"picked":"SKIP","floor":5},{"not_picked":["Redo","Compile Driver"],"picked":"Hologram","floor":7},{"not_picked":["Compile Driver","Sweeping Beam"],"picked":"Hologram","floor":12},{"not_picked":["Reinforced Body","Barrage"],"picked":"Ball Lightning","floor":13},{"not_picked":["Compile Driver","Static Discharge"],"picked":"Core Surge","floor":14},{"not_picked":["Rainbow","Meteor Strike"],"picked":"Biased Cognition","floor":16},{"not_picked":["Barrage","Steam+1"],"picked":"Cold Snap","floor":18},{"not_picked":["Turbo","BootSequence+1"],"picked":"Capacitor","floor":19},{"not_picked":["Blizzard","Steam"],"picked":"Force Field+1","floor":21},{"not_picked":["White Noise","Genetic Algorithm"],"picked":"Defragment+1","floor":30},{"not_picked":["Lockon","Cold Snap","Turbo"],"picked":"SKIP","floor":31},{"not_picked":["Machine Learning+1","All For One"],"picked":"Electrodynamics+1","floor":33},{"not_picked":["Genetic Algorithm","Hologram"],"picked":"Conserve Battery+1","floor":35},{"not_picked":["Capacitor+1","Steam Power"],"picked":"Leap+1","floor":36},{"not_picked":["Undo+1","Leap"],"picked":"Reinforced Body","floor":38},{"not_picked":["Blizzard","Ball Lightning+1","Melter"],"picked":"SKIP","floor":39},{"not_picked":["FTL","Buffer+1"],"picked":"Chill","floor":40},{"not_picked":["Rip and Tear","Turbo+1"],"picked":"Heatsinks+1","floor":41},{"not_picked":["Leap","Cold Snap"],"picked":"Consume","floor":42},{"not_picked":["Self Repair+1","Go for the Eyes"],"picked":"Redo+1","floor":47},{"not_picked":["Ball Lightning","Steam","Leap"],"picked":"SKIP","floor":48}],"player_experience":1147916,"relics_obtained":[{"floor":8,"key":"Letter Opener"},{"floor":9,"key":"Mummified Hand"},{"floor":13,"key":"Bottled Flame"},{"floor":26,"key":"Tiny Chest"},{"floor":28,"key":"Happy Flower"},{"floor":30,"key":"Meat on the Bone"},{"floor":40,"key":"Bag of Preparation"},{"floor":42,"key":"Whetstone"},{"floor":43,"key":"Girya"}],"event_choices":[{"damage_healed":0,"gold_gain":0,"player_choice":"Donut","damage_taken":0,"max_hp_gain":5,"max_hp_loss":0,"event_name":"Big Fish","floor":3,"gold_loss":0},{"damage_healed":0,"gold_gain":75,"player_choice":"Gather Gold","damage_taken":11,"max_hp_gain":0,"max_hp_loss":0,"event_name":"World of Goop","floor":4,"gold_loss":0},{"damage_healed":0,"gold_gain":50,"player_choice":"Touch","damage_taken":7,"max_hp_gain":0,"max_hp_loss":0,"event_name":"FaceTrader","floor":10,"gold_loss":0},{"damage_healed":0,"gold_gain":0,"player_choice":"Joined the Cult","damage_taken":6,"max_hp_gain":0,"max_hp_loss":0,"event_name":"Nest","floor":20,"gold_loss":0,"cards_obtained":["RitualDagger"]},{"damage_healed":0,"gold_gain":0,"player_choice":"Smashed Altar","damage_taken":0,"max_hp_gain":0,"max_hp_loss":0,"event_name":"Forgotten Altar","floor":22,"gold_loss":0,"cards_obtained":["Decay"]},{"cards_removed":["Strike_B"],"damage_healed":0,"gold_gain":0,"player_choice":"Upgrade and Remove","damage_taken":0,"max_hp_gain":0,"max_hp_loss":0,"event_name":"Designer","floor":37,"gold_loss":110,"cards_upgraded":["Defend_B"]}],"is_beta":false,"boss_relics":[{"not_picked":["Calling Bell","Orrery"],"picked":"Runic Pyramid"},{"not_picked":["FrozenCore","Astrolabe"],"picked":"Runic Dome"}],"items_purged_floors":[24],"is_endless":false,"potions_floor_spawned":[2,7,13,14,18,30,38,39,47],"ascension_level":15}