{"gold_per_floor":[113,113,57,20,46,46,90,140,140,140,174,192,230,246,246,337,337,353,366,281,302,145,145,159,159,159,159,175,216,235,250,250,250],"floor_reached":33,"playtime":954,"items_purged":["Strike_R"],"score":637,"play_id":"f1530e81-dd90-4c1b-b600-e70c3c06e1c2","local_time":"20190514192736","is_ascension_mode":true,"campfire_choices":[{"data":"Bash","floor":6,"key":"SMITH"},{"data":"Inflame","floor":10,"key":"SMITH"},{"data":"Disarm","floor":15,"key":"SMITH"},{"data":"Spot Weakness","floor":23,"key":"SMITH"},{"data":"Battle Trance","floor":25,"key":"SMITH"},{"data":"Trip","floor":27,"key":"SMITH"},{"data":"Sword Boomerang","floor":32,"key":"SMITH"}],"neow_cost":"NONE","seed_source_timestamp":406148619841900,"circlet_count":0,"master_deck":["AscendersBane","Strike_R","Strike_R","Defend_R","Defend_R","Defend_R","Bash+1","Inflame+1","Sword Boomerang","Reaper","Sword Boomerang+1","Shrug It Off","Disarm+1","Pummel","Pummel+1","Hemokinesis+1","True Grit+1","Battle Trance+1","Sword Boomerang","Spot Weakness+1","Trip+1","Armaments+1"],"relics":["Burning Blood","NeowsBlessing","Golden Idol","Strawberry","Smiling Mask","Red Skull","Bottled Tornado","Anchor","Astrolabe","Mummified Hand","Ancient Tea Set","Paper Frog"],"potions_floor_usage":[16,28,28,29,31],"damage_taken":[{"damage":0,"enemies":"Jaw Worm","floor":1,"turns":1},{"damage":0,"enemies":"Gremlin Nob","floor":7,"turns":1},{"damage":0,"enemies":"Lagavulin","floor":11,"turns":1},{"damage":6,"enemies":"2 Louse","floor":12,"turns":3},{"damage":37,"enemies":"3 Sentries","floor":13,"turns":7},{"damage":0,"enemies":"Cultist","floor":14,"turns":3},{"damage":33,"enemies":"Hexaghost","floor":16,"turns":9},{"damage":0,"enemies":"Chosen","floor":18,"turns":3},{"damage":28,"enemies":"2 Thieves","floor":19,"turns":5},{"damage":7,"enemies":"Snecko","floor":21,"turns":4},{"damage":6,"enemies":"Centurion and Healer","floor":24,"turns":4},{"damage":10,"enemies":"Sentry and Sphere","floor":28,"turns":5},{"damage":31,"enemies":"Book of Stabbing","floor":29,"turns":5},{"damage":9,"enemies":"Snecko","floor":30,"turns":3},{"damage":2,"enemies":"Snake Plant","floor":31,"turns":1},{"damage":62,"enemies":"Automaton","floor":33,"turns":6}],"seed_played":"2784058250003051651","potions_obtained":[{"floor":13,"key":"Block Potion"},{"floor":14,"key":"Fire Potion"},{"floor":16,"key":"SteroidPotion"},{"floor":28,"key":"EssenceOfSteel"},{"floor":29,"key":"SteroidPotion"}],"is_trial":false,"path_per_floor":["M","?","$","?","T","R","E","?","T","R","E","M","E","M","R","B",null,"M","M","?","M","$","R","M","R","T","R","M","E","M","M","R","B"],"character_chosen":"IRONCLAD","items_purchased":["Sword Boomerang","Trip"],"campfire_rested":0,"item_purchase_floors":[3,22],"current_hp_per_floor":[74,68,68,68,75,75,75,75,75,75,75,75,51,64,64,39,66,72,50,50,50,50,50,50,50,50,50,56,31,46,50,50,0],"gold":250,"neow_bonus":"THREE_ENEMY_KILL","is_prod":false,"is_daily":false,"chose_seed":false,"campfire_upgraded":7,"win_rate":0,"timestamp":1557876456,"path_taken":["M","?","$","?","?","R","E","?","T","R","E","M","E","M","R","BOSS","M","M","?","M","$","R","M","R","T","R","M","E","M","M","R","BOSS"],"build_version":"2019-01-23","purchased_purges":1,"victory":false,"max_hp_per_floor":[75,68,68,68,75,75,75,75,75,75,75,75,75,75,75,75,75,75,75,75,75,75,75,75,75,75,75,75,75,75,75,75,75],"card_choices":[{"not_picked":["Flex","Dropkick"],"picked":"Inflame","floor":1},{"not_picked":["Perfected Strike","Pommel Strike"],"picked":"Reaper","floor":7},{"not_picked":["Uppercut","Armaments"],"picked":"Sword Boomerang","floor":11},{"not_picked":["Body Slam","Uppercut"],"picked":"Shrug It Off","floor":12},{"not_picked":["Seeing Red","Metallicize"],"picked":"Disarm","floor":13},{"not_picked":["Combust","Dropkick"],"picked":"Pummel","floor":14},{"not_picked":["Havoc","Warcry+1"],"picked":"Battle Trance","floor":18},{"not_picked":["Warcry","Twin Strike"],"picked":"Sword Boomerang","floor":19},{"not_picked":["Anger","Flame Barrier"],"picked":"Spot Weakness","floor":21},{"not_picked":["Hemokinesis","Iron Wave+1","Twin Strike"],"picked":"SKIP","floor":24},{"not_picked":["Havoc+1","Perfected Strike","Sever Soul"],"picked":"SKIP","floor":28},{"not_picked":["Anger","Havoc"],"picked":"Armaments+1","floor":29},{"not_picked":["Seeing Red","Headbutt","Perfected Strike"],"picked":"SKIP","floor":30},{"not_picked":["Thunderclap","Body Slam","Reckless Charge"],"picked":"SKIP","floor":31}],"player_experience":461453,"relics_obtained":[{"floor":5,"key":"Strawberry"},{"floor":7,"key":"Smiling Mask"},{"floor":9,"key":"Red Skull"},{"floor":11,"key":"Bottled Tornado"},{"floor":13,"key":"Anchor"},{"floor":26,"key":"Ancient Tea Set"},{"floor":29,"key":"Paper Frog"}],"event_choices":[{"damage_healed":0,"gold_gain":0,"player_choice":"Lose Max HP","damage_taken":0,"relics_obtained":["Golden Idol"],"max_hp_gain":0,"max_hp_loss":7,"event_name":"Golden Idol","floor":2,"gold_loss":0},{"damage_healed":0,"gold_gain":0,"player_choice":"Left Gold","damage_taken":0,"max_hp_gain":0,"max_hp_loss":0,"event_name":"World of Goop","floor":4,"gold_loss":37},{"damage_healed":0,"gold_gain":50,"player_choice":"Pray","damage_taken":0,"max_hp_gain":0,"max_hp_loss":0,"event_name":"Golden Shrine","floor":8,"gold_loss":0},{"damage_healed":0,"gold_gain":0,"player_choice":"Obtained Relic","damage_taken":0,"relics_obtained":["Mummified Hand"],"max_hp_gain":0,"max_hp_loss":0,"event_name":"Addict","floor":20,"gold_loss":85}],"is_beta":false,"boss_relics":[{"not_picked":["Pandora\u0027s Box","Runic Dome"],"picked":"Astrolabe"}],"items_purged_floors":[22],"is_endless":false,"potions_floor_spawned":[13,14,16,19,21,28,29],"killed_by":"Automaton","ascension_level":18}