{"gold_per_floor":[119,119,194,207,62,97,97,128,128,108,108,28,51,76,76,76],"floor_reached":16,"playtime":923,"items_purged":["Strike_G"],"score":226,"play_id":"adf5f856-0be7-48c0-9ac5-fdcdf77af07c","local_time":"20190302184024","is_ascension_mode":true,"campfire_choices":[{"floor":7.0,"key":"REST"},{"floor":11.0,"key":"REST"},{"floor":15.0,"key":"REST"}],"neow_cost":"NONE","seed_source_timestamp":0,"circlet_count":0,"master_deck":["AscendersBane","Defend_G","Defend_G","Defend_G","Defend_G","Defend_G","Strike_G","Strike_G","Strike_G","Strike_G","Survivor","Neutralize","Acrobatics","Terror","Footwork","Envenom","Backstab","Well Laid Plans"],"special_seed":0,"relics":["Ring of the Snake","NeowsBlessing","Golden Idol","Centennial Puzzle","Gremlin Horn","Meat on the Bone"],"potions_floor_usage":[16],"damage_taken":[{"damage":0.0,"enemies":"2 Louse","floor":1.0,"turns":1.0},{"damage":0.0,"enemies":"Small Slimes","floor":4.0,"turns":1.0},{"damage":0.0,"enemies":"Gremlin Nob","floor":6.0,"turns":1.0},{"damage":45.0,"enemies":"3 Sentries","floor":8.0,"turns":17.0},{"damage":0.0,"enemies":"Cultist","floor":13.0,"turns":4.0},{"damage":9.0,"enemies":"Looter","floor":14.0,"turns":4.0},{"damage":65,"enemies":"Slime Boss","floor":16,"turns":10}],"seed_played":"3266975038911423246","potions_obtained":[{"floor":1.0,"key":"Poison Potion"},{"floor":8.0,"key":"FearPotion"},{"floor":10.0,"key":"Explosive Potion"},{"floor":14.0,"key":"AttackPotion"}],"is_trial":false,"path_per_floor":["M","?","?","M","$","E","R","E","T","?","R","$","M","M","R","B"],"character_chosen":"THE_SILENT","items_purchased":["Footwork","Backstab"],"campfire_rested":3,"item_purchase_floors":[5,12],"current_hp_per_floor":[59,43,37,37,37,37,56,11,11,11,30,30,42,45,64,0],"gold":76,"neow_bonus":"THREE_ENEMY_KILL","is_prod":false,"is_daily":false,"chose_seed":false,"campfire_upgraded":0,"win_rate":0,"timestamp":1551570024,"path_taken":["M","?","?","?","$","E","R","E","T","?","R","$","M","M","R","BOSS"],"build_version":"2019-01-23","purchased_purges":1,"victory":false,"max_hp_per_floor":[66,66,66,66,66,66,66,66,66,66,66,66,66,66,66,66],"card_choices":[{"not_picked":["Skewer","Expertise"],"picked":"Acrobatics","floor":1.0},{"not_picked":["Outmaneuver","Flying Knee"],"picked":"Terror","floor":4.0},{"not_picked":["Slice","Flying Knee","Distraction"],"picked":"SKIP","floor":6.0},{"not_picked":["Doppelganger","Reflex"],"picked":"Envenom","floor":8.0},{"not_picked":["Outmaneuver","Dodge and Roll","Setup"],"picked":"SKIP","floor":13.0},{"not_picked":["Caltrops","Sucker Punch"],"picked":"Well Laid Plans","floor":14.0}],"player_experience":950830,"relics_obtained":[{"floor":6.0,"key":"Centennial Puzzle"},{"floor":8.0,"key":"Gremlin Horn"},{"floor":9.0,"key":"Meat on the Bone"}],"event_choices":[{"damage_healed":0.0,"max_hp_gain":0.0,"max_hp_loss":0.0,"gold_gain":0.0,"event_name":"Golden Idol","player_choice":"Take Damage","floor":2.0,"gold_loss":0.0,"damage_taken":16.0,"relics_obtained":["Golden Idol"]},{"damage_healed":0.0,"max_hp_gain":0.0,"max_hp_loss":0.0,"gold_gain":75.0,"event_name":"FaceTrader","player_choice":"Touch","floor":3.0,"gold_loss":0.0,"damage_taken":6.0},{"damage_healed":0.0,"max_hp_gain":0.0,"max_hp_loss":0.0,"gold_gain":0.0,"event_name":"The Woman in Blue","player_choice":"Bought 1 Potion","floor":10.0,"gold_loss":0.0,"damage_taken":0.0}],"is_beta":false,"boss_relics":[],"items_purged_floors":[5],"is_endless":false,"potions_floor_spawned":[1,8,14],"killed_by":"Slime Boss","ascension_level":14}