{"gold_per_floor":[112,44,44,60,80,112,112,139,165,181,106,120,120,146,146,251,251,267,39,50,50,60,60,85,85,110,110,166,179,210,223,223,223],"floor_reached":33,"playtime":11561,"items_purged":["Strike_R"],"score":533,"play_id":"7a37f8c6-722a-4137-a9bc-7e55d609022f","local_time":"20190209084413","is_ascension_mode":true,"campfire_choices":[{"data":"Demon Form","floor":7.0,"key":"SMITH"},{"floor":13.0,"key":"REST"},{"floor":15.0,"key":"REST"},{"data":"True Grit","floor":23.0,"key":"SMITH"},{"floor":27.0,"key":"REST"},{"floor":32.0,"key":"REST"}],"neow_cost":"NONE","seed_source_timestamp":352018864773900,"circlet_count":0,"master_deck":["Strike_R","Strike_R","Strike_R","Defend_R","Defend_R","Defend_R","Defend_R","Bash","Metallicize","Armaments","Power Through","Demon Form+1","True Grit+1","Cleave","Immolate","Inflame","Uppercut","Sword Boomerang+1","Shrug It Off","Offering","Ghostly Armor","Spot Weakness"],"special_seed":0,"relics":["Burning Blood","Boot","Bronze Scales","Orichalcum","Pen Nib","Sozu","Oddly Smooth Stone","Pear","Bag of Preparation","Tiny Chest","Ginger"],"potions_floor_usage":[],"damage_taken":[{"damage":2.0,"enemies":"2 Louse","floor":1.0,"turns":4.0},{"damage":11.0,"enemies":"Cultist","floor":4.0,"turns":6.0},{"damage":0.0,"enemies":"Jaw Worm","floor":5.0,"turns":7.0},{"damage":34.0,"enemies":"Lagavulin","floor":6.0,"turns":13.0},{"damage":37.0,"enemies":"3 Sentries","floor":8.0,"turns":14.0},{"damage":9.0,"enemies":"Lots of Slimes","floor":10.0,"turns":5.0},{"damage":4.0,"enemies":"Blue Slaver","floor":12.0,"turns":5.0},{"damage":11.0,"enemies":"Lagavulin","floor":14.0,"turns":6.0},{"damage":33.0,"enemies":"Hexaghost","floor":16.0,"turns":9.0},{"damage":4.0,"enemies":"3 Byrds","floor":18.0,"turns":2.0},{"damage":6.0,"enemies":"Chosen","floor":20.0,"turns":4.0},{"damage":12.0,"enemies":"Snecko","floor":22.0,"turns":5.0},{"damage":51.0,"enemies":"Gremlin Leader","floor":24.0,"turns":6.0},{"damage":6.0,"enemies":"Book of Stabbing","floor":28.0,"turns":4.0},{"damage":24.0,"enemies":"Snake Plant","floor":29.0,"turns":4.0},{"damage":34.0,"enemies":"Slavers","floor":30.0,"turns":3.0},{"damage":18.0,"enemies":"Centurion and Healer","floor":31.0,"turns":6.0},{"damage":53,"enemies":"Automaton","floor":33,"turns":6}],"seed_played":"-5615548256368849644","potions_obtained":[{"floor":4.0,"key":"SneckoOil"},{"floor":8.0,"key":"Strength Potion"},{"floor":10.0,"key":"Dexterity Potion"},{"floor":16.0,"key":"Regen Potion"}],"is_trial":false,"path_per_floor":["M","$","?","M","M","E","R","E","T","M","$","M","R","E","R","B",null,"M","$","M","$","M","R","E","?","T","R","E","M","E","M","R","B"],"character_chosen":"IRONCLAD","items_purchased":["Metallicize","Oddly Smooth Stone","Uppercut"],"campfire_rested":4,"item_purchase_floors":[2,19,19],"current_hp_per_floor":[84,84,84,79,85,57,57,26,26,23,23,25,51,46,72,45,77,79,79,79,79,73,73,38,38,38,67,67,49,21,14,43,0],"gold":223,"neow_bonus":"TEN_PERCENT_HP_BONUS","is_prod":false,"is_daily":false,"chose_seed":false,"campfire_upgraded":2,"win_rate":0,"timestamp":1549719853,"path_taken":["M","$","?","?","M","E","R","E","T","M","$","M","R","E","R","BOSS","M","$","M","?","M","R","E","?","T","R","E","?","E","M","R","BOSS"],"build_version":"2019-01-23","purchased_purges":1,"victory":false,"max_hp_per_floor":[88,88,88,88,88,88,88,88,88,88,88,88,88,88,88,88,88,88,88,88,88,88,88,98,98,98,98,98,98,98,98,98,98],"card_choices":[{"not_picked":["Warcry","Fire Breathing","Sword Boomerang"],"picked":"SKIP","floor":1.0},{"not_picked":["Heavy Blade","Pommel Strike"],"picked":"Armaments","floor":4.0},{"not_picked":["Sword Boomerang","Blood for Blood"],"picked":"Power Through","floor":5.0},{"not_picked":["Carnage","Sentinel"],"picked":"Demon Form","floor":6.0},{"not_picked":["Hemokinesis","Sword Boomerang"],"picked":"True Grit","floor":8.0},{"not_picked":["Perfected Strike","Body Slam","Clash"],"picked":"SKIP","floor":10.0},{"not_picked":["Perfected Strike","Anger"],"picked":"Cleave","floor":12.0},{"not_picked":["Clothesline","Burning Pact","Thunderclap"],"picked":"SKIP","floor":14.0},{"not_picked":["Berserk","Dark Embrace"],"picked":"Immolate","floor":16.0},{"not_picked":["Reckless Charge","Clash"],"picked":"Inflame","floor":18.0},{"not_picked":["Blood for Blood","Second Wind"],"picked":"Sword Boomerang+1","floor":20.0},{"not_picked":["Feel No Pain","Thunderclap"],"picked":"Shrug It Off","floor":22.0},{"not_picked":["Heavy Blade","Second Wind"],"picked":"Offering","floor":24.0},{"not_picked":["Perfected Strike+1","Entrench+1","Dual Wield"],"picked":"SKIP","floor":28.0},{"not_picked":["Combust+1","Searing Blow+1"],"picked":"Ghostly Armor","floor":29.0},{"not_picked":["Warcry+1","Perfected Strike","Clothesline"],"picked":"SKIP","floor":30.0},{"not_picked":["Shrug It Off","Anger"],"picked":"Spot Weakness","floor":31.0}],"player_experience":842362,"relics_obtained":[{"floor":6.0,"key":"Boot"},{"floor":8.0,"key":"Bronze Scales"},{"floor":9.0,"key":"Orichalcum"},{"floor":14.0,"key":"Pen Nib"},{"floor":24.0,"key":"Pear"},{"floor":26.0,"key":"Bag of Preparation"},{"floor":28.0,"key":"Tiny Chest"},{"floor":30.0,"key":"Ginger"}],"event_choices":[{"damage_healed":0.0,"max_hp_gain":0.0,"max_hp_loss":0.0,"gold_gain":0.0,"event_name":"WeMeetAgain","player_choice":"Ignored","floor":3.0,"gold_loss":0.0,"damage_taken":0.0},{"cards_removed":["Strike_R"],"damage_healed":0.0,"max_hp_gain":0.0,"max_hp_loss":0.0,"gold_gain":0.0,"event_name":"Purifier","player_choice":"Purged","floor":25.0,"gold_loss":0.0,"damage_taken":0.0}],"is_beta":false,"boss_relics":[{"not_picked":["Empty Cage","Astrolabe"],"picked":"Sozu"}],"items_purged_floors":[11],"is_endless":false,"potions_floor_spawned":[4,8,10,16,24,29,31],"killed_by":"Automaton","ascension_level":9}