{"gold_per_floor":[114,134,152,32,32,64,64,90,141,141,154,168,201,211,211,310,310,321,175,187,187,187,187,202,221,221,232,232,232,232,257,257,257],"floor_reached":33,"playtime":1551,"items_purged":["Defend_R"],"score":445,"play_id":"bb216212-d2a0-494c-82ab-16786dce7e0e","local_time":"20190420220516","is_ascension_mode":true,"campfire_choices":[{"floor":7.0,"key":"REST"},{"floor":10.0,"key":"REST"},{"data":"Immolate","floor":15.0,"key":"SMITH"},{"data":"Perfected Strike","floor":23.0,"key":"SMITH"},{"floor":30.0,"key":"REST"},{"floor":32.0,"key":"REST"}],"neow_cost":"NONE","seed_source_timestamp":168439033500,"circlet_count":0,"master_deck":["AscendersBane","Strike_R+1","Strike_R+1","Strike_R+1","Strike_R+1","Strike_R+1","Defend_R+1","Defend_R+1","Defend_R+1","Bash","Perfected Strike+1","Combust","Shrug It Off","Wild Strike","Immolate+1","Shrug It Off+1","Burning Pact","Pommel Strike","Seeing Red","Reaper","Flame Barrier","True Grit+1","RitualDagger","Disarm","Perfected Strike+1","Dual Wield","Flex","Shrug It Off"],"special_seed":0,"relics":["Burning Blood","Sundial","Smiling Mask","War Paint","Dream Catcher","Runic Cube","Blood Vial","Frozen Egg 2","Mummified Hand"],"potions_floor_usage":[33,33],"damage_taken":[{"damage":6.0,"enemies":"Cultist","floor":1.0,"turns":4.0},{"damage":0.0,"enemies":"2 Louse","floor":2.0,"turns":2.0},{"damage":9.0,"enemies":"Jaw Worm","floor":3.0,"turns":3.0},{"damage":56.0,"enemies":"Gremlin Nob","floor":6.0,"turns":5.0},{"damage":37.0,"enemies":"Lagavulin","floor":8.0,"turns":7.0},{"damage":2.0,"enemies":"Large Slime","floor":11.0,"turns":4.0},{"damage":13.0,"enemies":"3 Louse","floor":12.0,"turns":3.0},{"damage":27.0,"enemies":"Gremlin Nob","floor":13.0,"turns":4.0},{"damage":2.0,"enemies":"2 Fungi Beasts","floor":14.0,"turns":2.0},{"damage":10.0,"enemies":"Slime Boss","floor":16.0,"turns":8.0},{"damage":19.0,"enemies":"3 Byrds","floor":18.0,"turns":3.0},{"damage":19.0,"enemies":"Shell Parasite","floor":20.0,"turns":5.0},{"damage":18.0,"enemies":"Cultist and Chosen","floor":24.0,"turns":6.0},{"damage":29.0,"enemies":"Shelled Parasite and Fungi","floor":25.0,"turns":10.0},{"damage":11.0,"enemies":"Sentry and Sphere","floor":27.0,"turns":3.0},{"damage":27.0,"enemies":"Gremlin Leader","floor":31.0,"turns":5.0},{"damage":51,"enemies":"Automaton","floor":33,"turns":6}],"seed_played":"697885398719327731","potions_obtained":[{"floor":8.0,"key":"Poison Potion"},{"floor":11.0,"key":"GamblersBrew"},{"floor":13.0,"key":"SkillPotion"},{"floor":16.0,"key":"Weak Potion"},{"floor":31.0,"key":"GamblersBrew"}],"is_trial":false,"path_per_floor":["M","M","M","$","?","E","R","E","T","R","M","M","E","M","R","B",null,"M","$","M","?","?","R","M","M","T","M","?","?","R","E","R","B"],"character_chosen":"IRONCLAD","items_purchased":["Wild Strike","Blood Vial"],"campfire_rested":4,"item_purchase_floors":[4,19],"current_hp_per_floor":[80,86,83,83,83,33,59,28,28,54,58,51,30,34,34,30,74,61,61,50,50,44,44,34,13,13,10,10,10,36,17,43,0],"gold":257,"neow_bonus":"TEN_PERCENT_HP_BONUS","is_prod":false,"is_daily":false,"chose_seed":false,"campfire_upgraded":2,"win_rate":0,"timestamp":1555812316,"path_taken":["M","M","?","$","?","E","R","E","T","R","M","M","E","M","R","BOSS","M","$","M","?","?","R","M","M","T","M","?","?","R","E","R","BOSS"],"build_version":"2019-01-23","purchased_purges":1,"victory":false,"max_hp_per_floor":[88,88,88,88,88,88,88,88,88,88,88,88,88,88,88,88,88,88,88,88,88,88,88,88,88,88,88,88,88,88,88,88,88],"card_choices":[{"not_picked":["Heavy Blade","Feel No Pain"],"picked":"Perfected Strike","floor":1.0},{"not_picked":["Clash","Clothesline"],"picked":"Combust","floor":2.0},{"not_picked":["Clash","Thunderclap"],"picked":"Shrug It Off","floor":3.0},{"not_picked":["Armaments","Cleave"],"picked":"Immolate","floor":6.0},{"not_picked":["Iron Wave","Searing Blow"],"picked":"Shrug It Off","floor":8.0},{"not_picked":["Iron Wave","Twin Strike","Cleave"],"picked":"SKIP","floor":11.0},{"not_picked":["Flame Barrier","Corruption"],"picked":"Burning Pact","floor":12.0},{"not_picked":["Wild Strike","Armaments"],"picked":"Pommel Strike","floor":13.0},{"not_picked":["Spot Weakness","Impervious"],"picked":"Seeing Red","floor":14.0},{"not_picked":["Barricade","Demon Form"],"picked":"Reaper","floor":16.0},{"not_picked":["Corruption","Anger"],"picked":"Flame Barrier","floor":18.0},{"not_picked":["Flex","Body Slam"],"picked":"True Grit+1","floor":20.0},{"not_picked":["Clash","Body Slam"],"picked":"Disarm","floor":24.0},{"not_picked":["Disarm","Havoc"],"picked":"Perfected Strike","floor":25.0},{"not_picked":["Hemokinesis","Brutality+1"],"picked":"Dual Wield","floor":27.0},{"not_picked":["Heavy Blade","Wild Strike"],"picked":"Flex","floor":30.0},{"not_picked":["Whirlwind","Sever Soul","Dropkick"],"picked":"SKIP","floor":31.0},{"not_picked":["Armaments","Thunderclap"],"picked":"Shrug It Off","floor":32.0}],"player_experience":369714,"relics_obtained":[{"floor":6.0,"key":"Sundial"},{"floor":8.0,"key":"Smiling Mask"},{"floor":9.0,"key":"War Paint"},{"floor":13.0,"key":"Dream Catcher"},{"floor":26.0,"key":"Frozen Egg 2"},{"floor":31.0,"key":"Mummified Hand"}],"event_choices":[{"damage_healed":0.0,"max_hp_gain":0.0,"max_hp_loss":0.0,"gold_gain":0.0,"event_name":"The Cleric","player_choice":"Leave","floor":5.0,"gold_loss":0.0,"damage_taken":0.0},{"damage_healed":0.0,"max_hp_gain":0.0,"max_hp_loss":0.0,"gold_gain":0.0,"event_name":"Beggar","player_choice":"Ignored","floor":21.0,"gold_loss":0.0,"damage_taken":0.0},{"damage_healed":0.0,"max_hp_gain":0.0,"max_hp_loss":0.0,"gold_gain":0.0,"event_name":"Nest","player_choice":"Joined the Cult","floor":22.0,"gold_loss":0.0,"damage_taken":6.0,"cards_obtained":["RitualDagger"]},{"damage_healed":0.0,"max_hp_gain":0.0,"max_hp_loss":0.0,"gold_gain":0.0,"event_name":"Back to Basics","player_choice":"Simplicity","floor":28.0,"gold_loss":0.0,"damage_taken":0.0,"cards_upgraded":["Strike_R","Strike_R","Strike_R","Strike_R","Strike_R","Defend_R","Defend_R"]},{"damage_healed":0.0,"max_hp_gain":0.0,"max_hp_loss":0.0,"gold_gain":0.0,"event_name":"Upgrade Shrine","player_choice":"Upgraded","floor":29.0,"gold_loss":0.0,"damage_taken":0.0,"cards_upgraded":["Perfected Strike"]}],"is_beta":false,"boss_relics":[{"not_picked":["Tiny House","Pandora\u0027s Box"],"picked":"Runic Cube"}],"items_purged_floors":[4],"is_endless":false,"potions_floor_spawned":[8,11,13,14,16,20,31],"killed_by":"Automaton","ascension_level":11}