{"gold_per_floor":[111,61,61,80,93,93,123,12,12,12,23,87,87,87,87,191,191,205,205,304,133,153,153,153,9,33,53,69,103,119,149,149,149],"floor_reached":33,"playtime":9499,"items_purged":["Strike_G","Strike_G"],"score":493,"play_id":"7847b1fe-537f-4ec5-9e05-d8b0360a3019","local_time":"20190429173943","is_ascension_mode":true,"campfire_choices":[{"data":"All Out Attack","floor":6,"key":"SMITH"},{"data":"Neutralize","floor":10,"key":"SMITH"},{"data":"Calculated Gamble","floor":15,"key":"SMITH"},{"data":"Predator","floor":23,"key":"SMITH"},{"data":"Prepared","floor":32,"key":"SMITH"}],"neow_cost":"NONE","seed_source_timestamp":9800523196370,"circlet_count":0,"master_deck":["AscendersBane","Defend_G","Defend_G","Defend_G","Defend_G","Defend_G","Strike_G+1","Survivor","Neutralize+1","All Out Attack+1","Deadly Poison+1","Adrenaline","Backstab+1","Calculated Gamble+1","Storm of Steel","PiercingWail","Caltrops","Predator+1","Infinite Blades","Dash","Acrobatics","Tactician","Prepared+1"],"relics":["Ring of the Snake","NeowsBlessing","Pantograph","Shuriken","Tough Bandages","Black Star","Mummified Hand","MutagenicStrength","Pen Nib","Lantern","Omamori","Meat on the Bone","Whetstone"],"potions_floor_usage":[18,33],"damage_taken":[{"damage":0,"enemies":"2 Louse","floor":1,"turns":1},{"damage":0,"enemies":"Jaw Worm","floor":4,"turns":1},{"damage":0,"enemies":"Cultist","floor":5,"turns":1},{"damage":40,"enemies":"Gremlin Nob","floor":7,"turns":5},{"damage":0,"enemies":"2 Fungi Beasts","floor":11,"turns":1},{"damage":7,"enemies":"3 Sentries","floor":12,"turns":8},{"damage":15,"enemies":"Slime Boss","floor":16,"turns":11},{"damage":4,"enemies":"Spheric Guardian","floor":18,"turns":5},{"damage":1,"enemies":"Shell Parasite","floor":22,"turns":4},{"damage":5,"enemies":"3 Cultists","floor":27,"turns":4},{"damage":13,"enemies":"Centurion and Healer","floor":28,"turns":9},{"damage":0,"enemies":"Book of Stabbing","floor":29,"turns":5},{"damage":7,"enemies":"Snake Plant","floor":30,"turns":3},{"damage":4,"enemies":"Slavers","floor":31,"turns":6},{"damage":60,"enemies":"Automaton","floor":33,"turns":10}],"seed_played":"2468093695124065605","potions_obtained":[{"floor":1,"key":"Ancient Potion"},{"floor":12,"key":"Energy Potion"},{"floor":16,"key":"Weak Potion"},{"floor":18,"key":"SpeedPotion"},{"floor":22,"key":"Weak Potion"},{"floor":30,"key":"GhostInAJar"}],"is_trial":false,"path_per_floor":["M","?","?","M","M","R","E","$","T","R","M","?","?","?","R","B",null,"M","T","?","$","M","R","?","$","T","M","M","E","M","E","R","B"],"character_chosen":"THE_SILENT","items_purchased":["Backstab","Caltrops","Infinite Blades","Dash"],"campfire_rested":0,"item_purchase_floors":[8,21,25,25],"current_hp_per_floor":[63,63,63,63,63,63,23,23,23,23,23,16,39,39,39,49,65,61,61,61,61,60,60,60,60,60,55,42,42,35,31,31,0],"gold":149,"neow_bonus":"THREE_ENEMY_KILL","is_prod":false,"is_daily":false,"chose_seed":false,"campfire_upgraded":5,"win_rate":0,"timestamp":1556552383,"path_taken":["M","?","?","?","M","R","E","$","T","R","M","?","?","?","R","BOSS","M","?","?","$","M","R","?","$","T","?","M","E","M","E","R","BOSS"],"build_version":"2019-01-23","purchased_purges":2,"victory":false,"max_hp_per_floor":[70,70,70,70,70,70,70,70,70,70,70,70,70,70,70,70,70,70,70,70,70,70,70,70,70,70,70,70,70,70,70,70,70],"card_choices":[{"not_picked":["Backflip","Quick Slash"],"picked":"All Out Attack","floor":1},{"not_picked":["Dagger Throw","Heel Hook","Bane"],"picked":"SKIP","floor":4},{"not_picked":["Bane","Dagger Spray"],"picked":"Deadly Poison","floor":5},{"not_picked":["Concentrate","Bane"],"picked":"Adrenaline","floor":7},{"not_picked":["Riddle With Holes","Slice","Skewer"],"picked":"SKIP","floor":11},{"not_picked":["Backstab","Poisoned Stab"],"picked":"Calculated Gamble","floor":12},{"not_picked":["Envenom","Grand Finale"],"picked":"Storm of Steel","floor":16},{"not_picked":["Dodge and Roll","Cloak And Dagger"],"picked":"PiercingWail","floor":18},{"not_picked":["Bane+1","Sucker Punch"],"picked":"Predator","floor":22},{"not_picked":["Finisher","Flechettes"],"picked":"Acrobatics","floor":27},{"not_picked":["Deflect","Slice"],"picked":"Tactician","floor":28},{"not_picked":["Skewer","Catalyst","Slice"],"picked":"SKIP","floor":29},{"not_picked":["Slice","Quick Slash","Catalyst"],"picked":"SKIP","floor":30},{"not_picked":["Deadly Poison","Doppelganger"],"picked":"Prepared","floor":31}],"player_experience":546867,"relics_obtained":[{"floor":7,"key":"Pantograph"},{"floor":9,"key":"Shuriken"},{"floor":12,"key":"Tough Bandages"},{"floor":19,"key":"Mummified Hand"},{"floor":26,"key":"Pen Nib"},{"floor":29,"key":"Lantern"},{"floor":29,"key":"Omamori"},{"floor":31,"key":"Meat on the Bone"},{"floor":31,"key":"Whetstone"}],"event_choices":[{"cards_removed":["Strike_G"],"damage_healed":0,"gold_gain":0,"player_choice":"Card Removal","damage_taken":0,"max_hp_gain":0,"max_hp_loss":0,"event_name":"The Cleric","floor":2,"gold_loss":50},{"cards_removed":["Strike_G"],"damage_healed":0,"gold_gain":0,"player_choice":"Offered Basic","damage_taken":0,"max_hp_gain":0,"max_hp_loss":0,"event_name":"Bonfire Elementals","floor":3,"gold_loss":0},{"damage_healed":0,"gold_gain":0,"player_choice":"Searched \u00271\u0027 times","damage_taken":0,"max_hp_gain":0,"max_hp_loss":0,"event_name":"Dead Adventurer","floor":12,"gold_loss":0},{"damage_healed":23,"gold_gain":0,"player_choice":"Banana","damage_taken":0,"max_hp_gain":0,"max_hp_loss":0,"event_name":"Big Fish","floor":13,"gold_loss":0},{"damage_healed":0,"gold_gain":0,"player_choice":"Upgraded","damage_taken":0,"max_hp_gain":0,"max_hp_loss":0,"event_name":"Upgrade Shrine","floor":14,"gold_loss":0,"cards_upgraded":["Deadly Poison"]},{"damage_healed":0,"gold_gain":99,"player_choice":"Stole From Cult","damage_taken":0,"max_hp_gain":0,"max_hp_loss":0,"event_name":"Nest","floor":20,"gold_loss":0},{"damage_healed":0,"gold_gain":0,"player_choice":"Inject Mutagens","damage_taken":0,"relics_obtained":["MutagenicStrength"],"max_hp_gain":0,"max_hp_loss":0,"event_name":"Drug Dealer","floor":24,"gold_loss":0}],"is_beta":false,"boss_relics":[{"not_picked":["Runic Dome","Cursed Key"],"picked":"Black Star"}],"items_purged_floors":[8,21],"is_endless":false,"potions_floor_spawned":[1,12,16,18,22,30],"killed_by":"Automaton","ascension_level":12}