{"gold_per_floor":[112,127,127,302,315,315,315,11,11,42,54,79,79,79,79,182,232,244,244,244,1,1,1,31,30,57,57],"floor_reached":27,"playtime":3578,"items_purged":["Doubt"],"score":275,"play_id":"565a31ae-b2d0-46c0-8814-28f0e29dd9d1","local_time":"20181125115436","is_ascension_mode":true,"campfire_choices":[{"floor":6,"key":"REST"},{"floor":15,"key":"REST"},{"floor":23,"key":"REST"}],"neow_cost":"PERCENT_DAMAGE","seed_source_timestamp":822809663134290,"circlet_count":0,"master_deck":["Strike_B","Defend_B+1","Defend_B","Defend_B","Defend_B","Zap","Dualcast","Leap","Conserve Battery","Apotheosis","Loop","Hyperbeam","Storm","White Noise","Buffer","Conserve Battery","Conserve Battery+1","Consume+1"],"relics":["Cracked Core","Peace Pipe","Darkstone Periapt","Gambling Chip","Pocketwatch","Bronze Scales","Tiny House","MawBank","Toxic Egg 2","Nilry\u0027s Codex","Happy Flower","Regal Pillow"],"potions_floor_usage":[16,24,27,27],"damage_taken":[{"damage":0,"enemies":"Small Slimes","floor":1,"turns":4},{"damage":3,"enemies":"Jaw Worm","floor":2,"turns":4},{"damage":6,"enemies":"Cultist","floor":5,"turns":5},{"damage":21,"enemies":"3 Sentries","floor":10,"turns":9},{"damage":4,"enemies":"Large Slime","floor":11,"turns":5},{"damage":0,"enemies":"Lagavulin","floor":12,"turns":5},{"damage":2,"enemies":"The Guardian","floor":16,"turns":10},{"damage":12,"enemies":"3 Byrds","floor":18,"turns":3},{"damage":68,"enemies":"Slavers","floor":24,"turns":6},{"damage":0,"enemies":"2 Thieves","floor":25,"turns":5},{"damage":11,"enemies":"3 Cultists","floor":27,"turns":6}],"seed_played":"1504301178949137307","potions_obtained":[{"floor":5,"key":"Swift Potion"},{"floor":12,"key":"AttackPotion"},{"floor":16,"key":"Poison Potion"},{"floor":17,"key":"Swift Potion"}],"is_trial":false,"path_per_floor":["M","M","?","?","M","R","?","$","T","E","M","E","?","?","R","B",null,"M","?","?","$","?","R","E","M","T","M"],"character_chosen":"DEFECT","items_purchased":["Apotheosis","Loop","Toxic Egg 2"],"campfire_rested":3,"item_purchase_floors":[8,8,21],"current_hp_per_floor":[54,51,51,51,45,67,67,67,67,46,42,42,24,17,39,37,80,68,68,68,68,52,76,8,8,8,0],"gold":57,"neow_bonus":"REMOVE_TWO","is_prod":false,"is_daily":false,"chose_seed":false,"campfire_upgraded":0,"win_rate":0,"timestamp":1543164876,"path_taken":["M","M","?","?","M","R","?","$","T","E","?","E","?","?","R","BOSS","M","?","?","$","?","R","E","?","T","M"],"build_version":"2018-11-15","purchased_purges":1,"victory":false,"max_hp_per_floor":[75,75,75,75,75,75,75,75,75,75,75,75,75,75,75,75,80,80,80,80,80,80,80,80,80,80,80],"card_choices":[{"not_picked":["Streamline","Redo"],"picked":"Leap","floor":1},{"not_picked":["Streamline","Cold Snap","Reprogram"],"picked":"SKIP","floor":2},{"not_picked":["Gash","Go for the Eyes"],"picked":"Conserve Battery","floor":5},{"not_picked":["Cold Snap","Streamline"],"picked":"Hyperbeam","floor":10},{"not_picked":["Redo","BootSequence"],"picked":"Storm","floor":11},{"not_picked":["Reprogram","Beam Cell"],"picked":"White Noise","floor":12},{"not_picked":["Multi-Cast","Meteor Strike"],"picked":"Buffer","floor":16},{"not_picked":["Barrage","Turbo"],"picked":"Conserve Battery","floor":18},{"not_picked":["Rebound+1","Skim+1"],"picked":"Conserve Battery+1","floor":24},{"not_picked":["Turbo+1","Hello World"],"picked":"Consume+1","floor":25}],"player_experience":325840,"relics_obtained":[{"floor":9,"key":"Darkstone Periapt"},{"floor":10,"key":"Gambling Chip"},{"floor":12,"key":"Pocketwatch"},{"floor":22,"key":"Nilry\u0027s Codex"},{"floor":24,"key":"Happy Flower"},{"floor":26,"key":"Regal Pillow"}],"event_choices":[{"damage_healed":0,"gold_gain":0,"player_choice":"Box","damage_taken":0,"relics_obtained":["Peace Pipe"],"max_hp_gain":0,"max_hp_loss":0,"event_name":"Big Fish","floor":3,"gold_loss":0,"cards_obtained":["Regret"]},{"damage_healed":0,"gold_gain":175,"player_choice":"AGREE","damage_taken":0,"max_hp_gain":0,"max_hp_loss":0,"event_name":"Liars Game","floor":4,"gold_loss":0,"cards_obtained":["Doubt"]},{"cards_removed":["Regret"],"damage_healed":0,"gold_gain":0,"player_choice":"Card Removal","damage_taken":0,"max_hp_gain":0,"max_hp_loss":0,"event_name":"Wheel of Change","floor":7,"gold_loss":0},{"damage_healed":0,"gold_gain":0,"player_choice":"Success","damage_taken":18,"relics_obtained":["Bronze Scales"],"max_hp_gain":0,"max_hp_loss":0,"event_name":"Scrap Ooze","floor":13,"gold_loss":0},{"cards_removed":["Strike_B"],"damage_healed":0,"gold_gain":0,"player_choice":"Card Removal","damage_taken":7,"max_hp_gain":0,"max_hp_loss":0,"event_name":"Golden Wing","floor":14,"gold_loss":0},{"damage_healed":0,"gold_gain":0,"player_choice":"Ignored","damage_taken":0,"max_hp_gain":0,"max_hp_loss":0,"event_name":"Vampires","floor":19,"gold_loss":0},{"damage_healed":0,"gold_gain":0,"player_choice":"Opened","damage_taken":0,"relics_obtained":["MawBank"],"max_hp_gain":0,"max_hp_loss":0,"event_name":"The Mausoleum","floor":20,"gold_loss":0},{"damage_healed":0,"gold_gain":0,"player_choice":"Obtained Book","damage_taken":16,"max_hp_gain":0,"max_hp_loss":0,"event_name":"Cursed Tome","floor":22,"gold_loss":0}],"is_beta":false,"boss_relics":[{"not_picked":["Cursed Key","Runic Pyramid"],"picked":"Tiny House"}],"items_purged_floors":[8],"is_endless":false,"potions_floor_spawned":[5,12,16],"killed_by":"3 Cultists","ascension_level":1}