{"gold_per_floor":[113,83,13,31,31,59,59,59,59,79,108,108,41,73,73,170,170,182,182,198,54,54,88,100,128,140,152,183,209,235,36,36,131,131,141,241,241,295,307,307,342,342,342,371,33,49,79,97,97,97,97,97,24,55,55],"floor_reached":56,"playtime":12916,"items_purged":["Strike_G","Defend_G"],"score":1879,"play_id":"82f0f714-041a-4398-8c39-7a5316470ad9","local_time":"20190126173222","is_ascension_mode":true,"campfire_choices":[{"floor":7.0,"key":"REST"},{"floor":12.0,"key":"REST"},{"data":"Footwork","floor":15.0,"key":"SMITH"},{"floor":24.0,"key":"REST"},{"floor":27.0,"key":"REST"},{"floor":32.0,"key":"REST"},{"floor":40.0,"key":"REST"},{"floor":42.0,"key":"REST"},{"floor":49.0,"key":"RECALL"},{"floor":52.0,"key":"REST"}],"neow_cost":"PERCENT_DAMAGE","seed_source_timestamp":3866110310400912,"circlet_count":0,"master_deck":["AscendersBane","Defend_G","Defend_G","Defend_G+1","Defend_G+1","Strike_G","Strike_G","Strike_G","Strike_G","Survivor","Neutralize","All Out Attack","Footwork+1","Noxious Fumes","Backflip","Caltrops","Footwork+1","A Thousand Cuts","Blur","Dash+1","Footwork","PiercingWail","Cloak And Dagger+1","Cloak And Dagger","Noxious Fumes","Cloak And Dagger","Bouncing Flask","A Thousand Cuts","Cloak And Dagger+1","Malaise","Terror","Escape Plan","Escape Plan","Malaise","Footwork"],"special_seed":0,"relics":["Ring of the Snake","Gambling Chip","PreservedInsect","Mummified Hand","Incense Burner","Smiling Mask","Ornamental Fan","Fusion Hammer","Nilry\u0027s Codex","MawBank","Ice Cream","Lizard Tail","Ginger","WingedGreaves","Dream Catcher","Oddly Smooth Stone","Vajra","Lee\u0027s Waffle","Blue Candle","Du-Vu Doll"],"potions_floor_usage":[55,55],"damage_taken":[{"damage":0.0,"enemies":"Small Slimes","floor":1.0,"turns":6.0},{"damage":0.0,"enemies":"Cultist","floor":4.0,"turns":6.0},{"damage":16.0,"enemies":"Lagavulin","floor":6.0,"turns":10.0},{"damage":0.0,"enemies":"2 Louse","floor":10.0,"turns":3.0},{"damage":22.0,"enemies":"3 Sentries","floor":11.0,"turns":6.0},{"damage":4.0,"enemies":"Lagavulin","floor":14.0,"turns":7.0},{"damage":18.0,"enemies":"Hexaghost","floor":16.0,"turns":13.0},{"damage":0.0,"enemies":"Shell Parasite","floor":18.0,"turns":7.0},{"damage":0.0,"enemies":"Spheric Guardian","floor":20.0,"turns":5.0},{"damage":2.0,"enemies":"Gremlin Leader","floor":23.0,"turns":7.0},{"damage":34.0,"enemies":"Cultist and Chosen","floor":25.0,"turns":9.0},{"damage":0.0,"enemies":"Snake Plant","floor":28.0,"turns":4.0},{"damage":0.0,"enemies":"Centurion and Healer","floor":29.0,"turns":8.0},{"damage":0.0,"enemies":"Cultist and Chosen","floor":30.0,"turns":6.0},{"damage":14.0,"enemies":"Collector","floor":33.0,"turns":12.0},{"damage":9.0,"enemies":"Orb Walker","floor":35.0,"turns":4.0},{"damage":0.0,"enemies":"Mind Bloom Boss Battle","floor":36.0,"turns":7.0},{"damage":25.0,"enemies":"2 Orb Walkers","floor":38.0,"turns":6.0},{"damage":0.0,"enemies":"3 Darklings","floor":39.0,"turns":3.0},{"damage":18.0,"enemies":"Giant Head","floor":41.0,"turns":9.0},{"damage":18.0,"enemies":"Reptomancer","floor":44.0,"turns":6.0},{"damage":0.0,"enemies":"4 Shapes","floor":46.0,"turns":4.0},{"damage":21.0,"enemies":"Nemesis","floor":47.0,"turns":7.0},{"damage":1.0,"enemies":"Spire Growth","floor":48.0,"turns":6.0},{"damage":15.0,"enemies":"Time Eater","floor":50.0,"turns":12.0},{"damage":6,"enemies":"Shield and Spear","floor":54,"turns":5},{"damage":26,"enemies":"The Heart","floor":55,"turns":11}],"seed_played":"-1169342279777463958","potions_obtained":[{"floor":2.0,"key":"Ancient Potion"},{"floor":2.0,"key":"Energy Potion"},{"floor":4.0,"key":"Regen Potion"},{"floor":6.0,"key":"Ancient Potion"},{"floor":11.0,"key":"Regen Potion"},{"floor":18.0,"key":"SpeedPotion"},{"floor":28.0,"key":"Explosive Potion"},{"floor":29.0,"key":"AttackPotion"},{"floor":30.0,"key":"Regen Potion"},{"floor":44.0,"key":"EssenceOfSteel"},{"floor":46.0,"key":"SneckoOil"},{"floor":48.0,"key":"LiquidBronze"}],"is_trial":false,"path_per_floor":["M","?","$","M","?","E","R","$","T","M","E","R","?","E","R","B",null,"M","?","M","$","?","E","R","M","T","R","M","M","M","$","R","B",null,"M","?","?","?","M","R","E","R","T","E","$","M","E","M","R","B",null,"R","$","E","B",null],"character_chosen":"THE_SILENT","items_purchased":["Footwork","Footwork","PiercingWail","Noxious Fumes","Cloak And Dagger","Bouncing Flask","Vajra","Lee\u0027s Waffle","Footwork"],"campfire_rested":8,"item_purchase_floors":[3,21,21,31,31,31,45,45,53],"current_hp_per_floor":[45,45,45,45,31,30,51,51,51,51,29,50,50,61,61,43,63,63,63,63,63,47,45,66,32,32,53,53,53,53,53,70,56,67,58,58,58,33,33,54,48,69,69,51,77,77,56,55,55,40,68,77,77,71,45],"gold":55,"neow_bonus":"ONE_RARE_RELIC","is_prod":false,"is_daily":false,"chose_seed":false,"campfire_upgraded":1,"win_rate":0,"timestamp":1548541942,"path_taken":["M","?","$","?","?","E","R","$","T","M","E","R","?","E","R","BOSS","M","?","?","?","?","E","R","M","T","R","M","M","M","$","R","BOSS","M","?","?","?","?","R","E","R","T","E","$","M","E","?","R","BOSS","R","$","E","BOSS"],"build_version":"2019-01-23","purchased_purges":2,"victory":true,"max_hp_per_floor":[70,70,70,70,70,70,70,70,70,70,70,70,70,70,70,70,70,70,70,70,70,70,70,70,70,70,70,70,70,70,70,70,70,70,70,70,70,70,70,70,70,70,70,70,77,77,77,77,77,77,77,77,77,77,77],"card_choices":[{"not_picked":["Underhanded Strike","Dagger Throw"],"picked":"All Out Attack","floor":1.0},{"not_picked":["Accuracy","Distraction"],"picked":"Noxious Fumes","floor":4.0},{"not_picked":["Deadly Poison","Outmaneuver"],"picked":"Backflip","floor":6.0},{"not_picked":["Outmaneuver","Night Terror"],"picked":"Caltrops","floor":10.0},{"not_picked":["Endless Agony","Prepared"],"picked":"Footwork","floor":11.0},{"not_picked":["Dagger Spray","Dagger Throw","Reflex"],"picked":"SKIP","floor":14.0},{"not_picked":["Wraith Form v2","Bullet Time"],"picked":"A Thousand Cuts","floor":16.0},{"not_picked":["Outmaneuver","Masterful Stab"],"picked":"Blur","floor":18.0},{"not_picked":["Poisoned Stab","Well Laid Plans"],"picked":"Dash+1","floor":20.0},{"not_picked":["Outmaneuver","Quick Slash","Expertise"],"picked":"SKIP","floor":23.0},{"not_picked":["Dagger Spray","Tactician","Eviscerate"],"picked":"SKIP","floor":25.0},{"not_picked":["Bane","Poisoned Stab"],"picked":"Cloak And Dagger+1","floor":28.0},{"not_picked":["Bane","Catalyst+1","Dagger Spray+1"],"picked":"SKIP","floor":29.0},{"not_picked":["Outmaneuver","Deflect"],"picked":"Cloak And Dagger","floor":30.0},{"not_picked":["Grand Finale","Malaise"],"picked":"A Thousand Cuts","floor":33.0},{"not_picked":["Dagger Throw","Flechettes+1"],"picked":"Cloak And Dagger+1","floor":35.0},{"not_picked":["Escape Plan","Flying Knee+1"],"picked":"Malaise","floor":39.0},{"not_picked":["Flying Knee+1","Endless Agony","Acrobatics"],"picked":"SKIP","floor":41.0},{"not_picked":["Slice","Well Laid Plans+1"],"picked":"Terror","floor":42.0},{"not_picked":["Quick Slash","Dodge and Roll","Dagger Throw+1"],"picked":"SKIP","floor":44.0},{"not_picked":["Well Laid Plans","Quick Slash"],"picked":"Escape Plan","floor":46.0},{"not_picked":["Expertise","Dodge and Roll+1"],"picked":"Escape Plan","floor":47.0},{"not_picked":["Predator","Outmaneuver","Dagger Throw"],"picked":"SKIP","floor":48.0},{"not_picked":["Cloak And Dagger","Blade Dance"],"picked":"Malaise","floor":52.0},{"not_picked":["Flying Knee","Acrobatics","Deadly Poison"],"picked":"SKIP","floor":54}],"player_experience":772450,"relics_obtained":[{"floor":6.0,"key":"PreservedInsect"},{"floor":9.0,"key":"Mummified Hand"},{"floor":11.0,"key":"Incense Burner"},{"floor":14.0,"key":"Ornamental Fan"},{"floor":22.0,"key":"Nilry\u0027s Codex"},{"floor":23.0,"key":"MawBank"},{"floor":26.0,"key":"Ice Cream"},{"floor":36.0,"key":"Ginger"},{"floor":38.0,"key":"WingedGreaves"},{"floor":41.0,"key":"Dream Catcher"},{"floor":44.0,"key":"Oddly Smooth Stone"},{"floor":47.0,"key":"Blue Candle"},{"floor":54,"key":"Du-Vu Doll"}],"event_choices":[{"damage_healed":0.0,"max_hp_gain":0.0,"max_hp_loss":0.0,"gold_gain":0.0,"event_name":"The Woman in Blue","player_choice":"Bought 2 Potions","floor":2.0,"gold_loss":0.0,"damage_taken":0.0},{"damage_healed":0.0,"max_hp_gain":0.0,"max_hp_loss":0.0,"gold_gain":0.0,"event_name":"Shining Light","player_choice":"Entered Light","floor":5.0,"gold_loss":0.0,"damage_taken":14.0,"cards_upgraded":["Defend_G","Defend_G"]},{"damage_healed":0.0,"max_hp_gain":0.0,"max_hp_loss":0.0,"gold_gain":0.0,"event_name":"WeMeetAgain","player_choice":"Paid Gold","floor":13.0,"gold_loss":67.0,"damage_taken":0.0,"relics_obtained":["Smiling Mask"]},{"damage_healed":0.0,"max_hp_gain":0.0,"max_hp_loss":0.0,"gold_gain":0.0,"event_name":"Accursed Blacksmith","player_choice":"Forge","floor":19.0,"gold_loss":0.0,"damage_taken":0.0,"cards_upgraded":["Footwork"]},{"damage_healed":0.0,"max_hp_gain":0.0,"max_hp_loss":0.0,"gold_gain":0.0,"event_name":"Cursed Tome","player_choice":"Obtained Book","floor":22.0,"gold_loss":0.0,"damage_taken":16.0},{"damage_healed":0.0,"max_hp_gain":0.0,"max_hp_loss":0.0,"gold_gain":0.0,"event_name":"MindBloom","player_choice":"Fight","floor":36.0,"gold_loss":0.0,"damage_taken":0.0},{"damage_healed":0.0,"max_hp_gain":0.0,"max_hp_loss":0.0,"gold_gain":0.0,"event_name":"Tomb of Lord Red Mask","player_choice":"Ignored","floor":37.0,"gold_loss":0.0,"damage_taken":0.0},{"damage_healed":0.0,"max_hp_gain":0.0,"max_hp_loss":0.0,"gold_gain":0.0,"event_name":"Mysterious Sphere","player_choice":"Fight","floor":38.0,"gold_loss":0.0,"damage_taken":0.0}],"is_beta":false,"boss_relics":[{"not_picked":["Ring of the Serpent","Pandora\u0027s Box"],"picked":"Fusion Hammer"},{"not_picked":["HoveringKite","Astrolabe"],"picked":"Lizard Tail"}],"items_purged_floors":[21,31],"is_endless":false,"potions_floor_spawned":[4,6,11,18,28,29,30,39,44,46,48],"ascension_level":12}