{"gold_per_floor":[114,114,124,124,49,92,108,108,108,108,108,126,150,176,176,176],"floor_reached":16,"playtime":1073,"items_purged":["Strike_G"],"score":170,"play_id":"91d69bf5-f90d-442c-bbb5-19ec96bea2ef","local_time":"20190615095138","is_ascension_mode":true,"campfire_choices":[{"data":"Crippling Poison","floor":8,"key":"SMITH"},{"data":"Backflip","floor":10,"key":"SMITH"},{"floor":15,"key":"REST"}],"neow_cost":"NONE","seed_source_timestamp":230124851508830,"circlet_count":0,"master_deck":["AscendersBane","Defend_G","Defend_G","Defend_G","Defend_G","Strike_G","Strike_G","Strike_G","Strike_G","Survivor","Neutralize+1","Backflip+1","Crippling Poison+1","Underhanded Strike","Well Laid Plans","Escape Plan","PiercingWail"],"relics":["Ring of the Snake","Pear","Golden Idol","Dream Catcher","Omamori","Odd Mushroom"],"potions_floor_usage":[6,14,16],"damage_taken":[{"damage":2,"enemies":"2 Louse","floor":1,"turns":4},{"damage":0,"enemies":"Small Slimes","floor":3,"turns":4},{"damage":28,"enemies":"3 Sentries","floor":6,"turns":16},{"damage":2,"enemies":"Jaw Worm","floor":7,"turns":7},{"damage":2,"enemies":"Blue Slaver","floor":12,"turns":4},{"damage":0,"enemies":"Looter","floor":13,"turns":3},{"damage":7,"enemies":"The Mushroom Lair","floor":14,"turns":3},{"damage":36,"enemies":"Hexaghost","floor":16,"turns":14}],"seed_played":"-99388670893941217","potions_obtained":[{"floor":3,"key":"AttackPotion"},{"floor":7,"key":"AttackPotion"},{"floor":12,"key":"AttackPotion"}],"is_trial":false,"path_per_floor":["M","?","M","?","$","E","M","R","T","R","?","M","M","?","R","B"],"character_chosen":"THE_SILENT","items_purchased":[],"campfire_rested":1,"item_purchase_floors":[],"current_hp_per_floor":[57,55,55,55,55,27,25,25,25,25,18,16,16,9,30,0],"gold":176,"neow_bonus":"UPGRADE_CARD","is_prod":false,"is_daily":false,"chose_seed":false,"campfire_upgraded":2,"win_rate":0,"timestamp":1560563498,"path_taken":["M","?","M","?","$","E","M","R","T","R","?","M","M","?","R","BOSS"],"build_version":"2019-01-23","purchased_purges":1,"victory":false,"max_hp_per_floor":[66,76,76,70,70,70,70,70,70,70,70,70,70,70,70,70],"card_choices":[{"not_picked":["Tactician","Infinite Blades"],"picked":"Backflip","floor":1},{"not_picked":["Well Laid Plans","Flying Knee"],"picked":"Crippling Poison","floor":3},{"not_picked":["Unload","Bane","Predator"],"picked":"SKIP","floor":6},{"not_picked":["Outmaneuver","Flying Knee"],"picked":"Underhanded Strike","floor":7},{"not_picked":["Slice","Acrobatics"],"picked":"Well Laid Plans","floor":12},{"not_picked":["Envenom","Quick Slash","Underhanded Strike"],"picked":"SKIP","floor":13},{"not_picked":["Dagger Throw","Masterful Stab"],"picked":"Escape Plan","floor":14},{"not_picked":["Underhanded Strike","Deflect"],"picked":"PiercingWail","floor":15}],"player_experience":838001,"relics_obtained":[{"floor":6,"key":"Dream Catcher"},{"floor":9,"key":"Omamori"},{"floor":14,"key":"Odd Mushroom"}],"event_choices":[{"damage_healed":0,"gold_gain":0,"player_choice":"Success","damage_taken":12,"relics_obtained":["Pear"],"max_hp_gain":0,"max_hp_loss":0,"event_name":"Scrap Ooze","floor":2,"gold_loss":0},{"damage_healed":0,"gold_gain":0,"player_choice":"Lose Max HP","damage_taken":0,"relics_obtained":["Golden Idol"],"max_hp_gain":0,"max_hp_loss":6,"event_name":"Golden Idol","floor":4,"gold_loss":0},{"cards_removed":["Defend_G"],"damage_healed":0,"gold_gain":0,"player_choice":"Card Removal","damage_taken":7,"max_hp_gain":0,"max_hp_loss":0,"event_name":"Golden Wing","floor":11,"gold_loss":0},{"damage_healed":0,"gold_gain":0,"player_choice":"Fought Mushrooms","damage_taken":0,"max_hp_gain":0,"max_hp_loss":0,"event_name":"Mushrooms","floor":14,"gold_loss":0}],"is_beta":false,"boss_relics":[],"items_purged_floors":[5],"is_endless":false,"potions_floor_spawned":[3,7,12],"killed_by":"Hexaghost","ascension_level":14}