{"gold_per_floor":[114,39,39,54,54,54,69,69,94,109,139,154,169,184,184,284,284,299,99,114,114,129,159,174,174,174,189,214,229,229,229,229,329,329,344,344,359,374,389,389,404,404,404,8,38,53,103,118,118,118],"floor_reached":51,"playtime":4030,"items_purged":["Force Field","Sunder"],"score":930,"play_id":"a7568e6e-b6a7-4fc9-a37a-4f974f9da199","local_time":"20190417120635","daily_mods":["Insanity","Uncertain Future","Lethality"],"is_ascension_mode":false,"campfire_choices":[{"data":"Skim","floor":6.0,"key":"SMITH"},{"data":"Coolheaded","floor":8.0,"key":"SMITH"},{"data":"Scrape","floor":15.0,"key":"SMITH"},{"data":"Fission","floor":25.0,"key":"SMITH"},{"floor":30.0,"key":"REST"},{"data":"Redo","floor":32.0,"key":"SMITH"},{"floor":40.0,"key":"REST"},{"floor":42.0,"key":"REST"},{"floor":49.0,"key":"REST"}],"neow_cost":"","seed_source_timestamp":0,"circlet_count":0,"master_deck":["Melter","Streamline","Sweeping Beam","Redo+1","Leap","Go for the Eyes","Cold Snap","Recycle","Compile Driver","Cold Snap","Beam Cell","Cold Snap","Barrage","Steam","Steam Power","Turbo","White Noise","Undo","Barrage","Scrape","Chill","Conserve Battery","Darkness","Compile Driver","Cold Snap","Gash","Conserve Battery","Beam Cell","Chill","Barrage","Reprogram","Compile Driver","Gash","Blizzard","Conserve Battery","Beam Cell","Gash","Barrage","Hologram","Hologram","Barrage","Skim+1","Gash","Conserve Battery","Sweeping Beam","Skim","Scrape+1","Coolheaded+1","All For One","Steam Power","Stack","Fission+1","Coolheaded+1","Go for the Eyes+1","Blizzard","Gash","Steam Power","Hyperbeam","Creative AI+1","Doubt","Writhe","Regret","Stack+1","Capacitor+1","Parasite","Hologram+1","Stack","Gash","White Noise+1"],"special_seed":18003,"relics":["Cracked Core","Potion Belt","Singing Bowl","Runic Pyramid","Medical Kit","Letter Opener","Du-Vu Doll","Red Mask","Calling Bell","Blood Vial","Mummified Hand","Nunchaku","Pantograph","Ornamental Fan","Anchor","Centennial Puzzle"],"potions_floor_usage":[50,50],"damage_taken":[{"damage":0.0,"enemies":"Small Slimes","floor":1.0,"turns":2.0},{"damage":0.0,"enemies":"Cultist","floor":4.0,"turns":2.0},{"damage":0.0,"enemies":"2 Louse","floor":7.0,"turns":1.0},{"damage":0.0,"enemies":"2 Fungi Beasts","floor":10.0,"turns":1.0},{"damage":9.0,"enemies":"Gremlin Nob","floor":11.0,"turns":3.0},{"damage":0.0,"enemies":"Looter","floor":12.0,"turns":1.0},{"damage":0.0,"enemies":"Red Slaver","floor":13.0,"turns":1.0},{"damage":0.0,"enemies":"Lots of Slimes","floor":14.0,"turns":1.0},{"damage":0.0,"enemies":"Slime Boss","floor":16.0,"turns":6.0},{"damage":7.0,"enemies":"Chosen","floor":18.0,"turns":2.0},{"damage":0.0,"enemies":"Spheric Guardian","floor":20.0,"turns":2.0},{"damage":10.0,"enemies":"Shelled Parasite and Fungi","floor":22.0,"turns":2.0},{"damage":0.0,"enemies":"Gremlin Leader","floor":23.0,"turns":6.0},{"damage":0.0,"enemies":"Snecko","floor":24.0,"turns":3.0},{"damage":7.0,"enemies":"Snake Plant","floor":27.0,"turns":4.0},{"damage":0.0,"enemies":"Masked Bandits","floor":28.0,"turns":3.0},{"damage":15.0,"enemies":"Shelled Parasite and Fungi","floor":29.0,"turns":3.0},{"damage":39.0,"enemies":"Champ","floor":33.0,"turns":8.0},{"damage":55.0,"enemies":"3 Shapes","floor":35.0,"turns":5.0},{"damage":13.0,"enemies":"Orb Walker","floor":37.0,"turns":2.0},{"damage":0.0,"enemies":"Writhing Mass","floor":38.0,"turns":4.0},{"damage":8.0,"enemies":"Transient","floor":39.0,"turns":5.0},{"damage":17.0,"enemies":"Maw","floor":41.0,"turns":5.0},{"damage":0.0,"enemies":"Nemesis","floor":45.0,"turns":5.0},{"damage":0.0,"enemies":"Writhing Mass","floor":46.0,"turns":4.0},{"damage":0.0,"enemies":"Sphere and 2 Shapes","floor":48.0,"turns":2.0},{"damage":6,"enemies":"Awakened One","floor":50,"turns":9}],"seed_played":"-3469368517939405198","potions_obtained":[{"floor":1.0,"key":"Energy Potion"},{"floor":7.0,"key":"Dexterity Potion"},{"floor":11.0,"key":"EssenceOfSteel"},{"floor":14.0,"key":"SmokeBomb"},{"floor":22.0,"key":"Weak Potion"},{"floor":23.0,"key":"SkillPotion"},{"floor":24.0,"key":"Ancient Potion"},{"floor":33.0,"key":"Strength Potion"},{"floor":35.0,"key":"Weak Potion"},{"floor":38.0,"key":"Regen Potion"}],"is_trial":false,"path_per_floor":["M","$","?","M","$","R","M","R","T","M","E","M","M","M","R","B",null,"M","$","M","?","M","E","M","R","T","M","?","M","R","?","R","B",null,"M","?","M","M","M","R","M","R","T","$","E","M","T","M","R","B",null],"character_chosen":"DEFECT","items_purchased":["Medical Kit","Ornamental Fan","Gash"],"campfire_rested":4,"item_purchase_floors":[19,44,44],"current_hp_per_floor":[75,75,75,75,75,75,75,75,75,75,68,68,68,68,68,68,77,70,70,72,57,47,47,47,47,47,40,42,29,55,55,55,16,88,33,33,22,26,20,47,32,59,59,59,61,65,65,69,94,88],"gold":118,"neow_bonus":"","is_prod":false,"is_daily":true,"chose_seed":false,"campfire_upgraded":5,"win_rate":0,"timestamp":1555495595,"path_taken":["M","$","?","M","?","R","M","R","T","M","E","?","M","M","R","BOSS","M","$","M","?","M","E","M","R","T","M","?","M","R","?","R","BOSS","M","?","M","M","M","R","M","R","T","$","E","?","?","M","R","BOSS"],"build_version":"2019-01-23","purchased_purges":2,"victory":true,"max_hp_per_floor":[75,75,75,75,75,75,75,75,75,75,77,77,77,77,77,77,77,77,77,79,84,84,84,84,84,84,84,86,88,88,88,88,88,88,88,88,88,90,90,90,90,90,90,90,90,92,92,94,94,94],"card_choices":[{"not_picked":["Sweeping Beam","Barrage"],"picked":"Scrape","floor":1.0},{"not_picked":["Steam Power","Doom and Gloom"],"picked":"Coolheaded","floor":4.0},{"not_picked":["Loop","Ball Lightning","Steam"],"picked":"SKIP","floor":7.0},{"not_picked":["Ball Lightning","Static Discharge","Chaos"],"picked":"SKIP","floor":10.0},{"not_picked":["Redo","Barrage","Chaos"],"picked":"Singing Bowl","floor":11.0},{"not_picked":["Ball Lightning","Steam"],"picked":"All For One","floor":12.0},{"not_picked":["Static Discharge","Compile Driver"],"picked":"Steam Power","floor":13.0},{"not_picked":["Redo","Barrage"],"picked":"Stack","floor":14.0},{"not_picked":["Seek","Meteor Strike"],"picked":"Fission","floor":16.0},{"not_picked":["Tempest+1","Sunder"],"picked":"Coolheaded+1","floor":18.0},{"not_picked":["Steam","Redo","Turbo"],"picked":"Singing Bowl","floor":20.0},{"not_picked":["Chill","Force Field"],"picked":"Go for the Eyes+1","floor":22.0},{"not_picked":["Recycle","Leap"],"picked":"Blizzard","floor":23.0},{"not_picked":["Doom and Gloom","Sweeping Beam"],"picked":"Gash","floor":24.0},{"not_picked":["Leap","Ball Lightning"],"picked":"Steam Power","floor":27.0},{"not_picked":["Ball Lightning+1","Turbo","Go for the Eyes"],"picked":"Singing Bowl","floor":28.0},{"not_picked":["Beam Cell","Melter","Hyperbeam"],"picked":"Singing Bowl","floor":29.0},{"not_picked":["Electrodynamics","Echo Form"],"picked":"Creative AI","floor":33.0},{"not_picked":["Hologram+1","Cold Snap+1"],"picked":"Stack+1","floor":35.0},{"not_picked":["Aggregate+1","Cold Snap"],"picked":"Capacitor+1","floor":37.0},{"not_picked":["Compile Driver","Darkness+1","Reprogram+1"],"picked":"Singing Bowl","floor":38.0},{"not_picked":["Darkness+1","Auto Shields+1"],"picked":"Hologram+1","floor":39.0},{"not_picked":["Consume","Force Field"],"picked":"Stack","floor":41.0},{"not_picked":["Reinforced Body","Thunder Strike"],"picked":"White Noise+1","floor":45.0},{"not_picked":["Conserve Battery","BootSequence+1","Rebound"],"picked":"Singing Bowl","floor":46.0},{"not_picked":["Sweeping Beam+1","Steam+1","Conserve Battery+1"],"picked":"Singing Bowl","floor":48.0}],"player_experience":460088,"relics_obtained":[{"floor":9.0,"key":"Potion Belt"},{"floor":11.0,"key":"Singing Bowl"},{"floor":23.0,"key":"Letter Opener"},{"floor":26.0,"key":"Du-Vu Doll"},{"floor":28.0,"key":"Red Mask"},{"floor":34.0,"key":"Blood Vial"},{"floor":34.0,"key":"Mummified Hand"},{"floor":34.0,"key":"Nunchaku"},{"floor":43.0,"key":"Pantograph"},{"floor":45.0,"key":"Anchor"},{"floor":47.0,"key":"Centennial Puzzle"}],"event_choices":[{"cards_removed":["Storm"],"damage_healed":0.0,"max_hp_gain":0.0,"max_hp_loss":0.0,"gold_gain":0.0,"event_name":"Bonfire Elementals","player_choice":"Offered Uncommon","floor":3.0,"gold_loss":0.0,"damage_taken":0.0},{"damage_healed":0.0,"max_hp_gain":5.0,"max_hp_loss":0.0,"gold_gain":0.0,"event_name":"Forgotten Altar","player_choice":"Shed Blood","floor":21.0,"gold_loss":0.0,"damage_taken":20.0},{"damage_healed":0.0,"max_hp_gain":0.0,"max_hp_loss":0.0,"gold_gain":0.0,"event_name":"Masked Bandits","player_choice":"Fought Bandits","floor":28.0,"gold_loss":0.0,"damage_taken":0.0},{"damage_healed":0.0,"max_hp_gain":0.0,"max_hp_loss":0.0,"gold_gain":0.0,"cards_transformed":["Double Energy"],"event_name":"Transmorgrifier","player_choice":"Transformed","floor":31.0,"gold_loss":0.0,"damage_taken":0.0,"cards_obtained":["Hyperbeam"]},{"damage_healed":0.0,"max_hp_gain":0.0,"max_hp_loss":0.0,"gold_gain":0.0,"event_name":"Upgrade Shrine","player_choice":"Upgraded","floor":36.0,"gold_loss":0.0,"damage_taken":0.0,"cards_upgraded":["Creative AI"]}],"is_beta":false,"boss_relics":[{"not_picked":["Philosopher\u0027s Stone","Fusion Hammer"],"picked":"Runic Pyramid"},{"not_picked":["Snecko Eye","Runic Dome"],"picked":"Calling Bell"}],"items_purged_floors":[2,44],"is_endless":false,"potions_floor_spawned":[1,7,11,14,22,23,24,33,35,38],"ascension_level":0}