{"gold_per_floor":[113,113,125,143,15,15,35,35,58,68,82,145,145,176,176,278,278,296,296,221,38,49,49,59,59,59,70,70,81,97,16,16,112,112,127,127,138,152,0,19,53,53,53,63,63,76,76,88,88,88],"floor_reached":50,"playtime":3627,"items_purged":["Pain"],"score":503,"play_id":"ec0e9a88-4fda-4c8c-8689-689d379d5c40","local_time":"20181222190906","is_ascension_mode":false,"campfire_choices":[{"data":"Hologram","floor":6.0,"key":"SMITH"},{"data":"Conserve Battery","floor":8.0,"key":"SMITH"},{"floor":15.0,"key":"REST"},{"data":"Capacitor","floor":23,"key":"SMITH"},{"data":"Rebound","floor":25,"key":"SMITH"},{"data":"Zap","floor":28,"key":"SMITH"},{"floor":32,"key":"REST"},{"data":"Loop","floor":42,"key":"SMITH"},{"floor":45,"key":"REST"},{"data":"Go for the Eyes","floor":47,"key":"SMITH"},{"data":"Dualcast","floor":49,"key":"SMITH"}],"neow_cost":"PERCENT_DAMAGE","seed_source_timestamp":0,"circlet_count":0,"master_deck":["Strike_B","Strike_B","Strike_B","Strike_B","Defend_B","Defend_B","Defend_B","Defend_B","Zap+1","Dualcast+1","Bandage Up","Trip","Conserve Battery+1","BootSequence","Hologram+1","Loop+1","Self Repair","Capacitor+1","Go for the Eyes+1","Seek+1","Skim+1","Mayhem","Rebound+1","Conserve Battery+1","Conserve Battery+1","Enlightenment+1","Ball Lightning","All For One","Go for the Eyes+1","Sunder+1","Tempest+1","Gash+1","Go for the Eyes+1","Coolheaded+1","Beam Cell"],"special_seed":0,"relics":["Cracked Core","WarpedTongs","Art of War","Dream Catcher","Bird Faced Urn","Toxic Egg 2","Cursed Key","White Beast Statue","Red Mask","Letter Opener"],"potions_floor_usage":[27,30,33,33,40,41,44,50,50,50],"damage_taken":[{"damage":10.0,"enemies":"Small Slimes","floor":1.0,"turns":2.0},{"damage":3.0,"enemies":"Cultist","floor":3.0,"turns":3.0},{"damage":2.0,"enemies":"2 Louse","floor":4.0,"turns":2.0},{"damage":2.0,"enemies":"2 Fungi Beasts","floor":7.0,"turns":4.0},{"damage":0.0,"enemies":"Large Slime","floor":10.0,"turns":5.0},{"damage":12.0,"enemies":"Blue Slaver","floor":11.0,"turns":4.0},{"damage":24.0,"enemies":"Gremlin Nob","floor":12.0,"turns":5.0},{"damage":11.0,"enemies":"3 Sentries","floor":14.0,"turns":9.0},{"damage":32.0,"enemies":"Hexaghost","floor":16.0,"turns":15.0},{"damage":24,"enemies":"3 Byrds","floor":18,"turns":7},{"damage":15,"enemies":"2 Thieves","floor":20,"turns":5},{"damage":17,"enemies":"Sentry and Sphere","floor":22,"turns":7},{"damage":13,"enemies":"Shelled Parasite and Fungi","floor":24,"turns":8},{"damage":14,"enemies":"Chosen and Byrds","floor":27,"turns":7},{"damage":10,"enemies":"Centurion and Healer","floor":29,"turns":7},{"damage":32,"enemies":"Cultist and Chosen","floor":30,"turns":9},{"damage":28,"enemies":"Champ","floor":33,"turns":11},{"damage":11,"enemies":"Orb Walker","floor":35,"turns":4},{"damage":25,"enemies":"3 Shapes","floor":37,"turns":6},{"damage":20,"enemies":"Spire Growth","floor":38,"turns":5},{"damage":43,"enemies":"Sphere and 2 Shapes","floor":40,"turns":8},{"damage":25,"enemies":"Nemesis","floor":41,"turns":9},{"damage":19,"enemies":"Transient","floor":44,"turns":5},{"damage":8,"enemies":"Writhing Mass","floor":46,"turns":7},{"damage":20,"enemies":"Spire Growth","floor":48,"turns":5},{"damage":74,"enemies":"Awakened One","floor":50,"turns":15}],"seed_played":"-547575751768783774","potions_obtained":[{"floor":3.0,"key":"EntropicBrew"},{"floor":10.0,"key":"Poison Potion"},{"floor":11.0,"key":"SkillPotion"},{"floor":16.0,"key":"Dexterity Potion"},{"floor":24,"key":"Poison Potion"},{"floor":27,"key":"SkillPotion"},{"floor":30,"key":"Poison Potion"},{"floor":35,"key":"Dexterity Potion"},{"floor":37,"key":"SpeedPotion"},{"floor":38,"key":"LiquidBronze"},{"floor":40,"key":"LiquidBronze"},{"floor":41,"key":"Fire Potion"},{"floor":44,"key":"FearPotion"},{"floor":48,"key":"SkillPotion"}],"is_trial":false,"path_per_floor":["M","?","M","M","$","R","M","R","T","M","M","?","?","E","R","B",null,"M","?","M","$","M","R","M","R","T","M","R","M","M","$","R","B",null,"M","?","M","M","?","M","E","R","T","M","R","M","R","M","R","B"],"character_chosen":"DEFECT","items_purchased":["Hologram","Mayhem","Enlightenment+1"],"campfire_rested":3,"item_purchase_floors":[5,21,31],"current_hp_per_floor":[48,48,49,47,47,47,51,51,51,55,47,23,5,14,36,24,75,60,46,44,44,46,46,43,43,43,47,47,47,36,36,60,56,80,79,79,69,62,62,41,31,31,31,24,48,64,64,61,61,0],"gold":88,"neow_bonus":"RANDOM_COLORLESS_2","is_prod":false,"is_daily":false,"chose_seed":false,"campfire_upgraded":8,"win_rate":0.0,"timestamp":1545534546,"path_taken":["M","?","M","M","$","R","M","R","T","M","?","?","?","E","R","BOSS","M","?","M","$","M","R","M","R","T","M","R","M","M","$","R","BOSS","M","?","?","M","?","M","E","R","T","M","R","M","R","M","R","BOSS"],"build_version":"2018-12-20","purchased_purges":1,"victory":false,"max_hp_per_floor":[75,75,75,75,75,75,75,75,75,75,75,75,75,75,75,75,75,75,80,80,80,80,80,80,80,80,80,80,80,80,80,80,80,80,80,80,80,80,80,80,80,80,80,80,80,80,80,80,80,80],"card_choices":[{"not_picked":["Turbo","Compile Driver"],"picked":"Conserve Battery","floor":1.0},{"not_picked":["Coolheaded","Auto Shields","Skim"],"picked":"SKIP","floor":3.0},{"not_picked":["Compile Driver","Streamline"],"picked":"BootSequence","floor":4.0},{"not_picked":["Darkness","Rebound","Ball Lightning"],"picked":"SKIP","floor":7.0},{"not_picked":["Steam Power","Beam Cell"],"picked":"Loop","floor":10.0},{"not_picked":["Skim","Leap","Sweeping Beam"],"picked":"SKIP","floor":11.0},{"not_picked":["Chaos","Fission"],"picked":"Self Repair","floor":12.0},{"not_picked":["Turbo","Amplify"],"picked":"Capacitor","floor":14.0},{"not_picked":["Barrage","Sweeping Beam"],"picked":"Go for the Eyes","floor":15.0},{"not_picked":["Machine Learning","Fission+1"],"picked":"Seek+1","floor":16.0},{"not_picked":["Gash","Compile Driver","Ball Lightning"],"picked":"SKIP","floor":18},{"not_picked":["Turbo+1","Redo+1"],"picked":"Skim+1","floor":20},{"not_picked":["Go for the Eyes","Cold Snap"],"picked":"Rebound","floor":22},{"not_picked":["Beam Cell","Steam+1","Compile Driver"],"picked":"SKIP","floor":24},{"not_picked":["Aggregate+1","Static Discharge"],"picked":"Conserve Battery+1","floor":27},{"not_picked":["Glacier+1","Stack+1"],"picked":"Conserve Battery+1","floor":29},{"not_picked":["Steam Power+1","Beam Cell","Streamline"],"picked":"SKIP","floor":30},{"not_picked":["Cold Snap","Lockon"],"picked":"Ball Lightning","floor":32},{"not_picked":["Rainbow+1","Thunder Strike"],"picked":"All For One","floor":33},{"not_picked":["Consume+1","Compile Driver+1","Auto Shields+1"],"picked":"SKIP","floor":35},{"not_picked":["Chill+1","Genetic Algorithm+1"],"picked":"Go for the Eyes+1","floor":37},{"not_picked":["Stack+1","Lockon+1","Hello World+1"],"picked":"SKIP","floor":38},{"not_picked":["Redo+1","Sweeping Beam+1"],"picked":"Sunder+1","floor":40},{"not_picked":["Ball Lightning","Conserve Battery+1"],"picked":"Tempest+1","floor":41},{"not_picked":["BootSequence+1","Conserve Battery+1"],"picked":"Gash+1","floor":44},{"not_picked":["Hologram+1","Barrage+1"],"picked":"Go for the Eyes+1","floor":45},{"not_picked":["Self Repair","Leap+1"],"picked":"Coolheaded+1","floor":46},{"not_picked":["Barrage+1","Seek+1"],"picked":"Beam Cell","floor":48}],"player_experience":272511,"relics_obtained":[{"floor":9.0,"key":"Art of War"},{"floor":12.0,"key":"Dream Catcher"},{"floor":14.0,"key":"Toxic Egg 2"},{"floor":41,"key":"Letter Opener"}],"event_choices":[{"damage_healed":0.0,"max_hp_gain":0.0,"max_hp_loss":0.0,"gold_gain":0.0,"event_name":"Accursed Blacksmith","player_choice":"Rummage","floor":2.0,"gold_loss":0.0,"damage_taken":0.0,"relics_obtained":["WarpedTongs"],"cards_obtained":["Pain"]},{"damage_healed":0.0,"max_hp_gain":0.0,"max_hp_loss":0.0,"gold_gain":0.0,"event_name":"Dead Adventurer","player_choice":"Searched \u00272\u0027 times","floor":12.0,"gold_loss":0.0,"damage_taken":0.0},{"damage_healed":0.0,"max_hp_gain":0.0,"max_hp_loss":0.0,"gold_gain":0.0,"event_name":"Scrap Ooze","player_choice":"Success","floor":13.0,"gold_loss":0.0,"damage_taken":18.0,"relics_obtained":["Bird Faced Urn"]},{"damage_healed":0,"gold_gain":0,"player_choice":"Shed Blood","damage_taken":19,"max_hp_gain":5,"max_hp_loss":0,"event_name":"Forgotten Altar","floor":19,"gold_loss":0},{"damage_healed":0,"gold_gain":0,"player_choice":"0 cards matched","damage_taken":0,"max_hp_gain":0,"max_hp_loss":0,"event_name":"Match and Keep!","floor":36,"gold_loss":0,"cards_obtained":[]},{"damage_healed":0,"gold_gain":0,"player_choice":"Paid","damage_taken":0,"relics_obtained":["Red Mask"],"max_hp_gain":0,"max_hp_loss":0,"event_name":"Tomb of Lord Red Mask","floor":39,"gold_loss":152}],"is_beta":false,"boss_relics":[{"not_picked":["Coffee Dripper","Astrolabe"],"picked":"Cursed Key"},{"not_picked":["Velvet Choker","Sozu"],"picked":"White Beast Statue"}],"items_purged_floors":[5],"is_endless":false,"potions_floor_spawned":[3,10,11,16,24,27,30,35,37,38,40,41,44,46,48],"killed_by":"Awakened One","ascension_level":0}