{"gold_per_floor":[209,8,8,28,46,46,76,76,76,86,86,113,126,141,141,246,246,259,259,289,300,316,316,326,326,326,326,354,104,132,150,150,150],"floor_reached":33,"playtime":3421,"items_purged":["Writhe"],"score":327,"play_id":"f9940cce-d7f1-4420-819b-a94e0a13f752","local_time":"20181212193112","is_ascension_mode":true,"campfire_choices":[{"floor":6,"key":"RECALL"},{"data":"Shrug It Off","floor":8,"key":"SMITH"},{"floor":11,"key":"REST"},{"data":"Double Tap","floor":15,"key":"SMITH"},{"floor":23,"key":"REST"},{"data":"Inflame","floor":25,"key":"SMITH"},{"data":"Impervious","floor":27,"key":"SMITH"},{"floor":32,"key":"REST"}],"neow_cost":"NONE","seed_source_timestamp":2319471129611354,"circlet_count":0,"master_deck":["Strike_R","Strike_R","Strike_R","Strike_R","Strike_R","Defend_R","Defend_R","Defend_R","Defend_R+1","Bash","Shrug It Off+1","Shrug It Off+1","Pommel Strike","Inflame+1","Double Tap+1","Impervious+1","Warcry+1","Power Through+1","Ghostly Armor+1","Shockwave+1"],"relics":["Burning Blood","Bag of Marbles","Mercury Hourglass","Smiling Mask","The Courier","Strawberry","Black Star","MutagenicStrength","Tiny Chest","Frozen Egg 2","War Paint","PreservedInsect","Paper Frog","Toxic Egg 2","Bottled Lightning"],"potions_floor_usage":[7,16,28,28,30,33],"damage_taken":[{"damage":6,"enemies":"Cultist","floor":1,"turns":4},{"damage":0,"enemies":"Small Slimes","floor":4,"turns":2},{"damage":0,"enemies":"Jaw Worm","floor":5,"turns":4},{"damage":18,"enemies":"Lagavulin","floor":7,"turns":8},{"damage":16,"enemies":"Exordium Thugs","floor":10,"turns":5},{"damage":26,"enemies":"3 Sentries","floor":12,"turns":7},{"damage":0,"enemies":"Red Slaver","floor":13,"turns":6},{"damage":10,"enemies":"Exordium Wildlife","floor":14,"turns":4},{"damage":57,"enemies":"Hexaghost","floor":16,"turns":12},{"damage":33,"enemies":"3 Byrds","floor":18,"turns":6},{"damage":9,"enemies":"Chosen","floor":21,"turns":5},{"damage":27,"enemies":"3 Cultists","floor":22,"turns":7},{"damage":5,"enemies":"Snake Plant","floor":24,"turns":6},{"damage":43,"enemies":"Gremlin Leader","floor":28,"turns":8},{"damage":15,"enemies":"Slavers","floor":30,"turns":6},{"damage":8,"enemies":"Snecko","floor":31,"turns":9},{"damage":43,"enemies":"Champ","floor":33,"turns":11}],"seed_played":"-3199277824051457568","potions_obtained":[{"floor":1,"key":"GamblersBrew"},{"floor":4,"key":"LiquidBronze"},{"floor":5,"key":"EssenceOfSteel"},{"floor":16,"key":"Explosive Potion"},{"floor":18,"key":"GamblersBrew"},{"floor":24,"key":"Explosive Potion"},{"floor":28,"key":"Dexterity Potion"}],"is_trial":false,"path_per_floor":["M","$","?","M","M","R","E","R","T","M","R","E","M","M","R","B",null,"M","?","?","M","M","R","M","R","T","R","E","$","E","M","R","B"],"character_chosen":"IRONCLAD","items_purchased":["Bag of Marbles","Shrug It Off","Paper Frog"],"campfire_rested":3,"item_purchase_floors":[2,2,29],"current_hp_per_floor":[80,80,62,68,74,74,62,62,62,52,76,63,69,65,65,14,87,60,60,60,57,36,62,63,63,63,63,26,26,17,15,41,0],"gold":150,"neow_bonus":"HUNDRED_GOLD","is_prod":false,"is_daily":false,"chose_seed":false,"campfire_upgraded":4,"win_rate":0,"timestamp":1544661072,"path_taken":["M","$","?","M","M","R","E","R","T","M","R","E","M","M","R","BOSS","M","?","?","M","M","R","M","R","T","R","E","$","E","M","R","BOSS"],"build_version":"2018-12-06","purchased_purges":1,"victory":false,"max_hp_per_floor":[80,80,80,80,80,80,80,80,80,80,80,87,87,87,87,87,87,87,87,87,87,87,87,87,87,87,87,87,87,87,87,87,87],"card_choices":[{"not_picked":["Hemokinesis","Headbutt"],"picked":"Shrug It Off","floor":1},{"not_picked":["Searing Blow","Evolve","Carnage"],"picked":"SKIP","floor":4},{"not_picked":["Power Through","Iron Wave"],"picked":"Pommel Strike","floor":5},{"not_picked":["Seeing Red","Bloodletting","Armaments"],"picked":"SKIP","floor":7},{"not_picked":["Havoc","Perfected Strike","Infernal Blade"],"picked":"SKIP","floor":10},{"not_picked":["Anger","Armaments"],"picked":"Inflame","floor":12},{"not_picked":["Clothesline","Combust","Hemokinesis"],"picked":"SKIP","floor":13},{"not_picked":["Headbutt","Twin Strike"],"picked":"Double Tap","floor":14},{"not_picked":["Berserk","Juggernaut"],"picked":"Impervious","floor":16},{"not_picked":["Thunderclap+1","Clothesline"],"picked":"Warcry+1","floor":18},{"not_picked":["Flex","Sword Boomerang+1"],"picked":"Power Through+1","floor":21},{"not_picked":["Sword Boomerang","Clash","Clothesline"],"picked":"SKIP","floor":22},{"not_picked":["Rage","Anger+1","Flex"],"picked":"SKIP","floor":24},{"not_picked":["Corruption+1","Twin Strike"],"picked":"Ghostly Armor+1","floor":28},{"not_picked":["Sword Boomerang","Pommel Strike+1"],"picked":"Shockwave","floor":30},{"not_picked":["Sever Soul","True Grit+1","Rampage"],"picked":"SKIP","floor":31}],"player_experience":393325,"relics_obtained":[{"floor":7,"key":"Smiling Mask"},{"floor":9,"key":"The Courier"},{"floor":12,"key":"Strawberry"},{"floor":26,"key":"Frozen Egg 2"},{"floor":28,"key":"War Paint"},{"floor":28,"key":"PreservedInsect"},{"floor":30,"key":"Toxic Egg 2"},{"floor":30,"key":"Bottled Lightning"}],"event_choices":[{"damage_healed":0,"gold_gain":0,"player_choice":"Success","damage_taken":18,"relics_obtained":["Mercury Hourglass"],"max_hp_gain":0,"max_hp_loss":0,"event_name":"Scrap Ooze","floor":3,"gold_loss":0},{"damage_healed":0,"gold_gain":0,"player_choice":"Inject Mutagens","damage_taken":0,"relics_obtained":["MutagenicStrength"],"max_hp_gain":0,"max_hp_loss":0,"event_name":"Drug Dealer","floor":19,"gold_loss":0},{"damage_healed":0,"gold_gain":0,"player_choice":"Opened","damage_taken":0,"relics_obtained":["Tiny Chest"],"max_hp_gain":0,"max_hp_loss":0,"event_name":"The Mausoleum","floor":20,"gold_loss":0,"cards_obtained":["Writhe"]}],"is_beta":false,"boss_relics":[{"not_picked":["White Beast Statue","Eternal Feather"],"picked":"Black Star"}],"items_purged_floors":[29],"is_endless":false,"potions_floor_spawned":[1,4,5,16,18,24,28],"killed_by":"Champ","ascension_level":2}