{"gold_per_floor":[119,119,37,112,127,127,57,57,136,150,73,73,100,112,112,189,189,201,116,26,26,38,38,64,83,83,83,83,93,105,124,124,197,197,210,222,222,22,122,138,138,38,38,38,38],"floor_reached":45,"playtime":5189,"items_purged":["Strike_G","Strike_G"],"score":775,"play_id":"06ad8597-efcb-4eef-a195-1fbc8d62944c","local_time":"20190602112706","is_ascension_mode":true,"campfire_choices":[{"floor":6.0,"key":"REST"},{"data":"Noxious Fumes","floor":8.0,"key":"SMITH"},{"data":"Catalyst","floor":12.0,"key":"SMITH"},{"floor":15.0,"key":"REST"},{"floor":23.0,"key":"REST"},{"floor":28.0,"key":"REST"},{"floor":32.0,"key":"REST"},{"floor":41,"key":"REST"},{"data":"Envenom","floor":44,"key":"SMITH"}],"neow_cost":"NONE","seed_source_timestamp":1095638362925000,"circlet_count":0,"master_deck":["AscendersBane","Defend_G","Defend_G","Defend_G","Defend_G","Strike_G+1","Strike_G","Survivor","Neutralize","Cloak And Dagger","Flash of Steel","Noxious Fumes+1","Catalyst+1","Footwork","Well Laid Plans","After Image+1","Cloak And Dagger","Deadly Poison","Cloak And Dagger","Catalyst+1","Envenom+1","Backflip","Dash","PiercingWail"],"special_seed":0,"relics":["Ring of the Snake","Lantern","Meat on the Bone","Ancient Tea Set","White Beast Statue","Girya","Ice Cream","Anchor","Eternal Feather","Gambling Chip","The Specimen"],"potions_floor_usage":[39,40,40,45],"damage_taken":[{"damage":0.0,"enemies":"Small Slimes","floor":1.0,"turns":3.0},{"damage":2.0,"enemies":"Jaw Worm","floor":5.0,"turns":5.0},{"damage":0.0,"enemies":"2 Louse","floor":10.0,"turns":2.0},{"damage":29.0,"enemies":"Gremlin Nob","floor":13.0,"turns":5.0},{"damage":22.0,"enemies":"Lots of Slimes","floor":14.0,"turns":3.0},{"damage":14.0,"enemies":"Hexaghost","floor":16.0,"turns":11.0},{"damage":13.0,"enemies":"Shell Parasite","floor":18.0,"turns":7.0},{"damage":8.0,"enemies":"Spheric Guardian","floor":22.0,"turns":7.0},{"damage":42.0,"enemies":"Book of Stabbing","floor":24.0,"turns":8.0},{"damage":14.0,"enemies":"Shelled Parasite and Fungi","floor":25.0,"turns":5.0},{"damage":2.0,"enemies":"3 Cultists","floor":29.0,"turns":6.0},{"damage":11.0,"enemies":"Chosen and Byrds","floor":30.0,"turns":6.0},{"damage":8.0,"enemies":"Snake Plant","floor":31.0,"turns":6.0},{"damage":47.0,"enemies":"Collector","floor":33.0,"turns":11.0},{"damage":0.0,"enemies":"Orb Walker","floor":35.0,"turns":3.0},{"damage":39.0,"enemies":"3 Darklings","floor":36.0,"turns":8.0},{"damage":0,"enemies":"Mind Bloom Boss Battle","floor":39,"turns":6},{"damage":54,"enemies":"Jaw Worm Horde","floor":40,"turns":9},{"damage":69,"enemies":"Reptomancer","floor":45,"turns":5}],"seed_played":"-5990898793211099110","potions_obtained":[{"floor":14.0,"key":"Weak Potion"},{"floor":16.0,"key":"Strength Potion"},{"floor":18.0,"key":"Energy Potion"},{"floor":22.0,"key":"EssenceOfSteel"},{"floor":24.0,"key":"GamblersBrew"},{"floor":25.0,"key":"Fruit Juice"},{"floor":29.0,"key":"EssenceOfSteel"},{"floor":33.0,"key":"Fire Potion"},{"floor":35.0,"key":"AttackPotion"},{"floor":36.0,"key":"Strength Potion"},{"floor":39,"key":"Regen Potion"},{"floor":40,"key":"AttackPotion"}],"is_trial":false,"path_per_floor":["M","?","$","?","M","R","$","R","T","M","$","R","E","M","R","B",null,"M","?","?","$","M","R","E","M","T","?","R","M","M","M","R","B",null,"M","M","?","$","?","M","R","$","T","R","E"],"character_chosen":"THE_SILENT","items_purchased":["Flash of Steel","Catalyst","Well Laid Plans","Dash","PiercingWail"],"campfire_rested":6,"item_purchase_floors":[3,7,11,38,38],"current_hp_per_floor":[59,52,52,41,39,58,58,58,58,58,58,58,41,31,50,36,59,46,46,46,46,38,57,27,30,30,30,51,49,38,42,63,28,60,60,33,33,33,45,18,54,54,54,66,0],"gold":38,"neow_bonus":"RANDOM_COMMON_RELIC","is_prod":false,"is_daily":false,"chose_seed":false,"campfire_upgraded":3,"win_rate":0,"timestamp":1559489226,"path_taken":["M","?","$","?","M","R","$","R","T","M","?","R","E","M","R","BOSS","M","?","?","$","?","R","E","M","T","?","R","M","M","?","R","BOSS","M","?","?","$","?","M","R","$","T","R","E"],"build_version":"2019-01-23","purchased_purges":2,"victory":false,"max_hp_per_floor":[66,66,66,66,66,66,66,66,66,66,66,66,66,66,66,66,66,66,66,66,66,66,66,66,71,71,71,71,71,71,71,71,71,71,71,71,71,71,71,71,71,71,71,71,71],"card_choices":[{"not_picked":["Dodge and Roll","Sucker Punch"],"picked":"Cloak And Dagger","floor":1.0},{"not_picked":["Sucker Punch","Underhanded Strike"],"picked":"Noxious Fumes","floor":5.0},{"not_picked":["Blade Dance","Cloak And Dagger"],"picked":"Footwork","floor":10.0},{"not_picked":["Dagger Throw","Reflex","Deflect"],"picked":"SKIP","floor":13.0},{"not_picked":["Quick Slash","Backflip"],"picked":"After Image","floor":14.0},{"not_picked":["Underhanded Strike","Dodge and Roll"],"picked":"Cloak And Dagger","floor":18.0},{"not_picked":["Blade Dance","Dagger Throw"],"picked":"Deadly Poison","floor":22.0},{"not_picked":["Terror","Endless Agony","Flying Knee"],"picked":"SKIP","floor":24.0},{"not_picked":["Masterful Stab","Quick Slash","Deflect"],"picked":"SKIP","floor":25.0},{"not_picked":["Finisher","Flying Knee"],"picked":"Cloak And Dagger","floor":29.0},{"not_picked":["Flying Knee","Blade Dance","Bane"],"picked":"SKIP","floor":30.0},{"not_picked":["Prepared","Dagger Throw"],"picked":"Catalyst+1","floor":31.0},{"not_picked":["Malaise","A Thousand Cuts"],"picked":"Envenom","floor":33.0},{"not_picked":["Skewer+1","Acrobatics","Flying Knee"],"picked":"SKIP","floor":35.0},{"not_picked":["Poisoned Stab","Deflect"],"picked":"Backflip","floor":36.0},{"not_picked":["Deflect","Eviscerate","Sucker Punch"],"picked":"SKIP","floor":40}],"player_experience":1124971,"relics_obtained":[{"floor":9.0,"key":"Meat on the Bone"},{"floor":13.0,"key":"Ancient Tea Set"},{"floor":24.0,"key":"Ice Cream"},{"floor":26.0,"key":"Anchor"},{"floor":39,"key":"Gambling Chip"},{"floor":43,"key":"The Specimen"}],"event_choices":[{"cards_removed":["Defend_G"],"damage_healed":0.0,"max_hp_gain":0.0,"max_hp_loss":0.0,"gold_gain":0.0,"event_name":"Golden Wing","player_choice":"Card Removal","floor":2.0,"gold_loss":0.0,"damage_taken":7.0},{"damage_healed":0.0,"max_hp_gain":0.0,"max_hp_loss":0.0,"gold_gain":75.0,"event_name":"World of Goop","player_choice":"Gather Gold","floor":4.0,"gold_loss":0.0,"damage_taken":11.0},{"damage_healed":0.0,"max_hp_gain":0.0,"max_hp_loss":0.0,"gold_gain":0.0,"event_name":"Addict","player_choice":"Obtained Relic","floor":19.0,"gold_loss":85.0,"damage_taken":0.0,"relics_obtained":["Girya"]},{"cards_removed":["Strike_G"],"damage_healed":0.0,"max_hp_gain":0.0,"max_hp_loss":0.0,"gold_gain":0.0,"event_name":"Designer","player_choice":"Upgrade and Remove","floor":20.0,"gold_loss":90.0,"damage_taken":0.0,"cards_upgraded":["Strike_G"]},{"damage_healed":0.0,"max_hp_gain":0.0,"max_hp_loss":0.0,"gold_gain":0.0,"event_name":"Upgrade Shrine","player_choice":"Upgraded","floor":27.0,"gold_loss":0.0,"damage_taken":0.0,"cards_upgraded":["After Image"]},{"damage_healed":0,"gold_gain":0,"player_choice":"Ignored","damage_taken":0,"max_hp_gain":0,"max_hp_loss":0,"event_name":"Mysterious Sphere","floor":37,"gold_loss":0},{"damage_healed":0,"gold_gain":0,"player_choice":"Fight","damage_taken":0,"max_hp_gain":0,"max_hp_loss":0,"event_name":"MindBloom","floor":39,"gold_loss":0}],"is_beta":false,"boss_relics":[{"not_picked":["Coffee Dripper","Calling Bell"],"picked":"White Beast Statue"},{"not_picked":["Black Star","Snecko Eye"],"picked":"Eternal Feather"}],"items_purged_floors":[38,42],"is_endless":false,"potions_floor_spawned":[14,16,18,22,24,25,29,30,31,33,35,36,39,40],"killed_by":"Reptomancer","ascension_level":14}