{"gold_per_floor":[14,27,40,40,40,40,60,60,60,72,87,414,441,456,456,535,535,554,569,569,569,4,33,33,45,45,77,24,24,54,64,64,138,138,149,129,15,315,329,329,358,358,439,471,516,534,558,568,568,568,568],"floor_reached":52,"playtime":3161,"items_purged":["Strike_B"],"score":2090,"play_id":"f223cee4-e82d-4ebe-9c8d-ac7ad8cfda08","local_time":"20181011090030","is_ascension_mode":true,"campfire_choices":[{"data":"Zap","floor":6.0,"key":"SMITH"},{"data":"Leap","floor":8.0,"key":"SMITH"},{"data":"Dualcast","floor":15.0,"key":"SMITH"},{"data":"Sunder","floor":24.0,"key":"SMITH"},{"data":"Beam Cell","floor":29.0,"key":"SMITH"},{"data":"Beam Cell","floor":32.0,"key":"SMITH"},{"data":"Defend_B","floor":40.0,"key":"SMITH"},{"data":"Defend_B","floor":42.0,"key":"SMITH"},{"data":"Defend_B","floor":49.0,"key":"SMITH"}],"neow_cost":"NO_GOLD","seed_source_timestamp":17470980287789,"circlet_count":0,"master_deck":["Strike_B","Strike_B","Defend_B+1","Defend_B","Defend_B+1","Defend_B+1","Zap+1","Dualcast+1","AscendersBane","Cold Snap","Gash","Leap+1","Genetic Algorithm+1","Gash","Gash","Gash","Reboot+1","Hologram+1","Fission+1","Beam Cell+1","Sunder+1","RitualDagger","Skim+1","Conserve Battery+1","White Noise+1","Coolheaded+1","Compile Driver","Beam Cell+1","Conserve Battery+1","All For One","Blind+1","Gash+1","BootSequence+1","Stack+1","Beam Cell+1","Stack+1"],"special_seed":0,"relics":["Cracked Core","Bird Faced Urn","Toxic Egg 2","Bottled Lightning","Old Coin","Cables","Runic Dome","Thread and Needle","Frozen Egg 2","Anchor","Blue Candle","Gambling Chip","Inserter","Gremlin Horn","Tiny Chest","Orichalcum","StoneCalendar","Oddly Smooth Stone"],"potions_floor_usage":[],"damage_taken":[{"damage":3.0,"enemies":"Small Slimes","floor":1.0,"turns":4.0},{"damage":0.0,"enemies":"Cultist","floor":2.0,"turns":3.0},{"damage":12.0,"enemies":"Jaw Worm","floor":3.0,"turns":3.0},{"damage":0.0,"enemies":"Blue Slaver","floor":7.0,"turns":4.0},{"damage":2.0,"enemies":"2 Fungi Beasts","floor":10.0,"turns":3.0},{"damage":0.0,"enemies":"Gremlin Gang","floor":11.0,"turns":5.0},{"damage":11.0,"enemies":"Lagavulin","floor":12.0,"turns":7.0},{"damage":2.0,"enemies":"3 Sentries","floor":13.0,"turns":6.0},{"damage":3.0,"enemies":"Blue Slaver","floor":14.0,"turns":2.0},{"damage":15.0,"enemies":"Hexaghost","floor":16.0,"turns":7.0},{"damage":2.0,"enemies":"2 Thieves","floor":18.0,"turns":4.0},{"damage":7.0,"enemies":"3 Byrds","floor":19.0,"turns":6.0},{"damage":0.0,"enemies":"Gremlin Leader","floor":23.0,"turns":4.0},{"damage":0.0,"enemies":"Centurion and Healer","floor":25.0,"turns":6.0},{"damage":7.0,"enemies":"Book of Stabbing","floor":27.0,"turns":3.0},{"damage":17.0,"enemies":"Slavers","floor":30.0,"turns":4.0},{"damage":0.0,"enemies":"Snecko","floor":31.0,"turns":3.0},{"damage":16.0,"enemies":"Champ","floor":33.0,"turns":9.0},{"damage":0.0,"enemies":"Orb Walker","floor":35.0,"turns":3.0},{"damage":0.0,"enemies":"3 Darklings","floor":39.0,"turns":2.0},{"damage":3.0,"enemies":"Giant Head","floor":41.0,"turns":4.0},{"damage":0.0,"enemies":"2 Orb Walkers","floor":44.0,"turns":3.0},{"damage":0.0,"enemies":"Mysterious Sphere","floor":45.0,"turns":2.0},{"damage":3.0,"enemies":"Transient","floor":46.0,"turns":6.0},{"damage":0.0,"enemies":"Reptomancer","floor":48.0,"turns":5.0},{"damage":23.0,"enemies":"Time Eater","floor":50.0,"turns":7.0},{"damage":19,"enemies":"Awakened One","floor":51,"turns":11}],"seed_played":"54718361959367732","potions_obtained":[{"floor":1.0,"key":"FocusPotion"},{"floor":7.0,"key":"AttackPotion"},{"floor":14.0,"key":"FearPotion"},{"floor":16.0,"key":"AttackPotion"},{"floor":23.0,"key":"PowerPotion"},{"floor":27.0,"key":"Energy Potion"},{"floor":30.0,"key":"FearPotion"},{"floor":31.0,"key":"Fire Potion"},{"floor":36.0,"key":"Swift Potion"},{"floor":44.0,"key":"SkillPotion"},{"floor":46.0,"key":"Swift Potion"}],"is_trial":false,"path_per_floor":["M","M","M","?","?","R","M","R","T","M","M","E","?","M","R","B",null,"M","M","?","?","$","E","R","M","T","E","$","R","E","M","R","B",null,"M","?","$","?","M","R","E","R","T","E","?","M","T","M","R","B","B"],"character_chosen":"DEFECT","items_purchased":["Skim+1","Conserve Battery+1","Thread and Needle","Compile Driver","Blind+1"],"campfire_rested":0,"item_purchase_floors":[22,22,22,28,37],"current_hp_per_floor":[61,61,49,49,44,44,44,44,44,42,42,31,29,26,26,11,56,54,47,47,41,41,41,41,41,41,38,38,38,23,25,25,11,56,58,58,58,58,60,60,59,59,59,61,63,62,62,64,64,43,24],"gold":568,"neow_bonus":"ONE_RARE_RELIC","is_prod":false,"is_daily":false,"chose_seed":false,"campfire_upgraded":9,"win_rate":0,"timestamp":1539241230,"path_taken":["M","M","M","?","?","R","M","R","T","?","M","E","?","M","R","BOSS","M","M","?","?","$","E","R","M","T","E","$","R","E","?","R","BOSS","M","?","$","?","M","R","E","R","T","E","?","M","?","M","R","BOSS","BOSS"],"build_version":"2018-10-10","purchased_purges":1,"victory":true,"max_hp_per_floor":[71,71,71,71,71,71,71,71,71,71,71,71,71,71,71,71,71,71,71,71,71,71,71,71,71,71,71,71,71,71,71,71,71,71,71,71,71,71,71,71,71,71,71,71,71,71,71,71,71,71,71],"card_choices":[{"not_picked":["Blizzard","Chill"],"picked":"Cold Snap","floor":1.0},{"not_picked":["Conserve Battery","Stack"],"picked":"Gash","floor":2.0},{"not_picked":["Steam Power","Barrage"],"picked":"Leap","floor":3.0},{"not_picked":["Sweeping Beam","Rebound"],"picked":"Genetic Algorithm+1","floor":7.0},{"not_picked":["Consume+1","Hello World"],"picked":"Gash","floor":10.0},{"not_picked":["Cold Snap","Coolheaded+1"],"picked":"Gash","floor":11.0},{"not_picked":["Auto Shields+1","Ball Lightning"],"picked":"Gash","floor":12.0},{"not_picked":["Darkness+1","Force Field+1"],"picked":"Reboot+1","floor":13.0},{"not_picked":["Ball Lightning","Cold Snap"],"picked":"Hologram+1","floor":14.0},{"not_picked":["Multi-Cast+1","Rainbow+1"],"picked":"Fission+1","floor":16.0},{"not_picked":["Chaos+1","White Noise+1"],"picked":"Beam Cell","floor":18.0},{"not_picked":["Lockon","Self Repair"],"picked":"Sunder","floor":19.0},{"not_picked":["Redo+1","Undo+1","Rebound"],"picked":"SKIP","floor":23.0},{"not_picked":["Sunder","Recycle+1"],"picked":"White Noise+1","floor":25.0},{"not_picked":["Ball Lightning","Capacitor+1"],"picked":"Coolheaded+1","floor":27.0},{"not_picked":["Capacitor+1","Reprogram+1"],"picked":"Beam Cell","floor":30.0},{"not_picked":["Barrage","Double Energy+1"],"picked":"Conserve Battery+1","floor":31.0},{"not_picked":["Thunder Strike","Hyperbeam"],"picked":"All For One","floor":33.0},{"not_picked":["Steam+1","Melter","Force Field+1"],"picked":"SKIP","floor":35.0},{"not_picked":["Stack+1","Compile Driver+1"],"picked":"Gash+1","floor":39.0},{"not_picked":["Streamline","Beam Cell"],"picked":"BootSequence+1","floor":41.0},{"not_picked":["Streamline","Ball Lightning","Cold Snap"],"picked":"SKIP","floor":44.0},{"not_picked":["Static Discharge+1","Reprogram+1"],"picked":"Stack+1","floor":45.0},{"not_picked":["Melter","Multi-Cast+1"],"picked":"Beam Cell+1","floor":46.0},{"not_picked":["Steam+1","Streamline"],"picked":"Stack+1","floor":48.0}],"player_experience":1012347,"relics_obtained":[{"floor":9.0,"key":"Bottled Lightning"},{"floor":12.0,"key":"Old Coin"},{"floor":13.0,"key":"Cables"},{"floor":23.0,"key":"Frozen Egg 2"},{"floor":26.0,"key":"Anchor"},{"floor":27.0,"key":"Blue Candle"},{"floor":30.0,"key":"Gambling Chip"},{"floor":41.0,"key":"Gremlin Horn"},{"floor":43.0,"key":"Tiny Chest"},{"floor":44.0,"key":"Orichalcum"},{"floor":45.0,"key":"StoneCalendar"},{"floor":47.0,"key":"Oddly Smooth Stone"}],"event_choices":[{"event_name":"Purifier","player_choice":"One Purge","floor":4.0,"damage_taken":0.0},{"event_name":"Scrap Ooze","player_choice":"success","floor":5.0,"damage_taken":5.0},{"event_name":"Dead Adventurer","player_choice":"Searched \u00272\u0027 times","floor":13.0,"damage_taken":0.0},{"event_name":"Vampires","player_choice":"Ignored","floor":20.0,"damage_taken":0.0},{"event_name":"Nest","player_choice":"Joined the Cult","floor":21.0,"damage_taken":0.0},{"event_name":"The Woman in Blue","player_choice":"Bought 1 Potion","floor":36.0,"damage_taken":0.0},{"event_name":"Wheel of Change","player_choice":"Gold","floor":38.0,"damage_taken":0.0},{"event_name":"Mysterious Sphere","player_choice":"Fight","floor":45.0,"damage_taken":0.0}],"is_beta":true,"boss_relics":[{"not_picked":["Eternal Feather","Velvet Choker"],"picked":"Runic Dome"},{"not_picked":["Black Star","Snecko Eye"],"picked":"Inserter"}],"items_purged_floors":[22],"is_endless":false,"potions_floor_spawned":[1,7,14,16,23,27,30,31,44,45,46],"ascension_level":20}