{"gold_per_floor":[119,119,62,76,88,88,119,119,170,195,195,208,208,241,241,331,331,344,344,394,408,161,161,192,192,192,192,212,237,251,290,290,383,383,397,397,154,179,512,512,547,547,598,625,636,636,661,661,661,661,661,661,661,108,137,137],"floor_reached":57,"playtime":4398,"items_purged":["Regret","Strike_B+1"],"score":3063,"play_id":"03eef9a8-629f-4ea6-a99d-9c4f1890dcd9","local_time":"20190213120809","is_ascension_mode":true,"campfire_choices":[{"data":"Zap","floor":6.0,"key":"SMITH"},{"data":"Beam Cell","floor":8.0,"key":"SMITH"},{"data":"Hologram","floor":15.0,"key":"SMITH"},{"data":"Sunder","floor":23.0,"key":"SMITH"},{"floor":27.0,"key":"RECALL"},{"data":"Ghostly","floor":32.0,"key":"SMITH"},{"data":"Go for the Eyes","floor":40.0,"key":"SMITH"},{"data":"Ghostly","floor":46.0,"key":"SMITH"},{"data":"Ghostly","floor":49.0,"key":"SMITH"},{"data":"Steam","floor":53.0,"key":"SMITH"}],"neow_cost":"NONE","seed_source_timestamp":164067422222638,"circlet_count":0,"master_deck":["AscendersBane","Strike_B+1","Defend_B+1","Defend_B+1","Defend_B+1","Defend_B+1","Zap+1","Dualcast","All For One","Ball Lightning","Beam Cell+1","Steam+1","Gash","Hologram+1","Electrodynamics","All For One","Writhe","Clumsy","Sunder+1","Ghostly+1","Ghostly+1","Ghostly+1","Skim+1","Seek+1","BootSequence+1","Turbo+1","Recycle+1","Go for the Eyes+1","Writhe","Good Instincts+1","Coolheaded+1","Gash","Echo Form","Stack+1"],"special_seed":0,"relics":["Cracked Core","War Paint","Strawberry","Pocketwatch","Singing Bowl","Calling Bell","Dream Catcher","Gremlin Horn","Du-Vu Doll","Pen Nib","Toxic Egg 2","Mercury Hourglass","Regal Pillow","Nuclear Battery","Boot","Orichalcum","Unceasing Top","OrangePellets","Bronze Scales","Oddly Smooth Stone","Symbiotic Virus"],"potions_floor_usage":[56],"damage_taken":[{"damage":0.0,"enemies":"Small Slimes","floor":1.0,"turns":2.0},{"damage":0.0,"enemies":"Jaw Worm","floor":4.0,"turns":3.0},{"damage":0.0,"enemies":"Cultist","floor":5.0,"turns":3.0},{"damage":25.0,"enemies":"3 Sentries","floor":7.0,"turns":6.0},{"damage":5.0,"enemies":"Gremlin Nob","floor":10.0,"turns":3.0},{"damage":3.0,"enemies":"Looter","floor":12.0,"turns":2.0},{"damage":1.0,"enemies":"Lagavulin","floor":14.0,"turns":3.0},{"damage":15.0,"enemies":"Hexaghost","floor":16.0,"turns":9.0},{"damage":6.0,"enemies":"Chosen","floor":18.0,"turns":3.0},{"damage":5.0,"enemies":"Spheric Guardian","floor":21.0,"turns":4.0},{"damage":8.0,"enemies":"Book of Stabbing","floor":24.0,"turns":5.0},{"damage":0.0,"enemies":"Centurion and Healer","floor":28.0,"turns":3.0},{"damage":0.0,"enemies":"Sentry and Sphere","floor":29.0,"turns":4.0},{"damage":2.0,"enemies":"Cultist and Chosen","floor":30.0,"turns":4.0},{"damage":0.0,"enemies":"Slavers","floor":31.0,"turns":3.0},{"damage":13.0,"enemies":"Automaton","floor":33.0,"turns":5.0},{"damage":0.0,"enemies":"Orb Walker","floor":35.0,"turns":1.0},{"damage":0.0,"enemies":"3 Darklings","floor":38.0,"turns":2.0},{"damage":0.0,"enemies":"Giant Head","floor":41.0,"turns":4.0},{"damage":0.0,"enemies":"Reptomancer","floor":44.0,"turns":4.0},{"damage":0.0,"enemies":"Spire Growth","floor":45.0,"turns":3.0},{"damage":0.0,"enemies":"Giant Head","floor":47.0,"turns":3.0},{"damage":14.0,"enemies":"Awakened One","floor":50.0,"turns":9.0},{"damage":19.0,"enemies":"Time Eater","floor":51.0,"turns":9.0},{"damage":0.0,"enemies":"Shield and Spear","floor":55.0,"turns":5.0},{"damage":27,"enemies":"The Heart","floor":56,"turns":10}],"seed_played":"3560366186714514808","potions_obtained":[{"floor":5.0,"key":"Explosive Potion"},{"floor":10.0,"key":"Strength Potion"},{"floor":14.0,"key":"Poison Potion"},{"floor":21.0,"key":"SteroidPotion"},{"floor":28.0,"key":"GamblersBrew"},{"floor":33.0,"key":"FocusPotion"},{"floor":35.0,"key":"Energy Potion"},{"floor":48.0,"key":"PowerPotion"}],"is_trial":false,"path_per_floor":["M","?","$","M","M","R","E","R","T","E","?","M","?","E","R","B",null,"M","?","?","M","$","R","E","?","T","R","M","M","M","E","R","B",null,"M","?","$","M","?","R","E","?","T","E","M","R","E","?","R","B","B",null,"R","$","E","B",null],"character_chosen":"DEFECT","items_purchased":["Ball Lightning","Pen Nib","Good Instincts+1","Coolheaded+1","OrangePellets","Bronze Scales","Oddly Smooth Stone"],"campfire_rested":0,"item_purchase_floors":[3,22,37,37,54,54,54],"current_hp_per_floor":[64,64,64,64,64,64,39,39,46,41,41,38,38,37,37,22,59,53,35,35,30,30,30,22,22,22,22,22,22,22,24,24,13,34,34,34,34,34,34,34,34,34,34,36,36,36,38,38,38,24,5,35,35,35,37,10],"gold":137,"neow_bonus":"REMOVE_CARD","is_prod":false,"is_daily":false,"chose_seed":false,"campfire_upgraded":9,"win_rate":0,"timestamp":1550056089,"path_taken":["M","?","$","M","M","R","E","R","T","E","?","M","?","E","R","BOSS","M","?","?","?","$","R","E","?","T","R","M","M","M","E","R","BOSS","M","?","$","?","?","R","E","?","T","E","M","R","E","?","R","BOSS","BOSS","R","$","E","BOSS"],"build_version":"2019-02-06","purchased_purges":2,"victory":true,"max_hp_per_floor":[71,71,71,71,71,71,71,71,78,78,71,71,71,71,71,71,71,71,35,35,35,35,35,35,35,35,35,35,35,37,39,39,41,41,41,41,41,41,41,41,41,41,41,43,43,43,45,45,45,45,45,45,45,45,47,47],"card_choices":[{"not_picked":["Stack","Undo","Sweeping Beam"],"picked":"SKIP","floor":1.0},{"not_picked":["Redo","Chaos"],"picked":"Beam Cell","floor":4.0},{"not_picked":["Rip and Tear","Consume","Barrage"],"picked":"SKIP","floor":5.0},{"not_picked":["Reinforced Body","Chill"],"picked":"Steam","floor":7.0},{"not_picked":["FTL","Ball Lightning"],"picked":"Gash","floor":10.0},{"not_picked":["Reinforced Body","Meteor Strike"],"picked":"Hologram","floor":12.0},{"not_picked":["Force Field","FTL"],"picked":"Electrodynamics","floor":14.0},{"not_picked":["Biased Cognition","Meteor Strike"],"picked":"All For One","floor":16.0},{"not_picked":["Fusion","Capacitor+1"],"picked":"Sunder","floor":18.0},{"not_picked":["Rebound","Ball Lightning"],"picked":"Beam Cell","floor":21.0},{"not_picked":["Reinforced Body","Ball Lightning"],"picked":"Skim","floor":24.0},{"not_picked":["Stack+1","Redo+1"],"picked":"Seek+1","floor":28.0},{"not_picked":["Stack+1","Compile Driver+1"],"picked":"BootSequence+1","floor":29.0},{"not_picked":["Barrage","Beam Cell","Undo+1"],"picked":"Singing Bowl","floor":30.0},{"not_picked":["Fusion+1","Cold Snap","Ball Lightning"],"picked":"Singing Bowl","floor":31.0},{"not_picked":["Core Surge","Meteor Strike","Machine Learning"],"picked":"Singing Bowl","floor":33.0},{"not_picked":["Blizzard+1","Ball Lightning"],"picked":"Turbo+1","floor":35.0},{"not_picked":["Hologram+1","Steam Power+1"],"picked":"Gash","floor":38.0},{"not_picked":["Aggregate+1","Go for the Eyes+1"],"picked":"Echo Form","floor":41.0},{"not_picked":["Stack+1","Scrape","Barrage+1"],"picked":"Singing Bowl","floor":44.0},{"not_picked":["Leap+1","Glacier+1"],"picked":"Stack+1","floor":45.0},{"not_picked":["Reprogram+1","Storm","Lockon"],"picked":"Singing Bowl","floor":47.0},{"not_picked":["Aggregate+1","Reprogram+1","Skim+1"],"picked":"Singing Bowl","floor":55.0}],"player_experience":1211260,"relics_obtained":[{"floor":7.0,"key":"War Paint"},{"floor":9.0,"key":"Strawberry"},{"floor":10.0,"key":"Pocketwatch"},{"floor":14.0,"key":"Singing Bowl"},{"floor":17.0,"key":"Dream Catcher"},{"floor":17.0,"key":"Gremlin Horn"},{"floor":17.0,"key":"Du-Vu Doll"},{"floor":24.0,"key":"Toxic Egg 2"},{"floor":26.0,"key":"Mercury Hourglass"},{"floor":31.0,"key":"Regal Pillow"},{"floor":41.0,"key":"Boot"},{"floor":44.0,"key":"Orichalcum"},{"floor":47.0,"key":"Unceasing Top"},{"floor":55.0,"key":"Symbiotic Virus"}],"event_choices":[{"damage_healed":0.0,"max_hp_gain":0.0,"max_hp_loss":0.0,"gold_gain":0.0,"cards_transformed":["Strike_B"],"event_name":"Living Wall","player_choice":"Change","floor":2.0,"gold_loss":0.0,"damage_taken":0.0,"cards_obtained":["All For One"]},{"damage_healed":0.0,"max_hp_gain":0.0,"max_hp_loss":7.0,"gold_gain":0.0,"event_name":"Golden Idol","player_choice":"Lose Max HP","floor":11.0,"gold_loss":0.0,"damage_taken":0.0,"relics_obtained":["Golden Idol"]},{"damage_healed":0.0,"max_hp_gain":0.0,"max_hp_loss":0.0,"gold_gain":0.0,"event_name":"Scrap Ooze","player_choice":"Fled","floor":13.0,"gold_loss":0.0,"damage_taken":0.0},{"damage_healed":0.0,"max_hp_gain":0.0,"max_hp_loss":36.0,"gold_gain":0.0,"event_name":"Ghosts","player_choice":"Became a Ghost","floor":19.0,"gold_loss":0.0,"damage_taken":0.0,"cards_obtained":["Ghostly","Ghostly","Ghostly"]},{"damage_healed":0.0,"max_hp_gain":0.0,"max_hp_loss":0.0,"gold_gain":100.0,"event_name":"The Joust","player_choice":"Bet on Murderer","floor":20.0,"gold_loss":50.0,"damage_taken":0.0},{"damage_healed":0.0,"max_hp_gain":0.0,"max_hp_loss":0.0,"gold_gain":0.0,"event_name":"Back to Basics","player_choice":"Simplicity","floor":25.0,"gold_loss":0.0,"damage_taken":0.0,"cards_upgraded":["Strike_B","Strike_B","Defend_B","Defend_B"]},{"damage_healed":0.0,"max_hp_gain":0.0,"max_hp_loss":0.0,"gold_gain":0.0,"event_name":"Match and Keep!","player_choice":"3 cards matched","floor":36.0,"gold_loss":0.0,"damage_taken":0.0,"cards_obtained":["Recycle","Go for the Eyes","Writhe"]},{"damage_healed":0.0,"max_hp_gain":0.0,"max_hp_loss":0.0,"gold_gain":333.0,"event_name":"The Moai Head","player_choice":"Gave Idol","floor":39.0,"relics_lost":["Golden Idol"],"gold_loss":0.0,"damage_taken":0.0},{"cards_removed":["Beam Cell"],"damage_healed":0.0,"max_hp_gain":0.0,"max_hp_loss":0.0,"gold_gain":0.0,"event_name":"Falling","player_choice":"Removed Attack","floor":42.0,"gold_loss":0.0,"damage_taken":0.0},{"damage_healed":0.0,"max_hp_gain":0.0,"max_hp_loss":0.0,"gold_gain":0.0,"event_name":"Lab","player_choice":"Got Potions","floor":48.0,"gold_loss":0.0,"damage_taken":0.0}],"is_beta":true,"boss_relics":[{"not_picked":["Velvet Choker","Orrery"],"picked":"Calling Bell"},{"not_picked":["Eternal Feather","Astrolabe"],"picked":"Nuclear Battery"}],"items_purged_floors":[22,37],"is_endless":false,"potions_floor_spawned":[5,10,14,21,28,29,33,35,38],"ascension_level":20}