{"gold_per_floor":[99,99,24,24,24,24,0,0,0,0,0,0,0,0,0,0,0,0,0,0,0],"floor_reached":21,"playtime":1499,"items_purged":["Strike_G"],"score":304,"play_id":"2843fdda-0410-4930-8faf-2f32afe8507c","local_time":"20190411231844","is_ascension_mode":true,"campfire_choices":[{"floor":8.0,"key":"REST"},{"data":"Noxious Fumes","floor":15.0,"key":"SMITH"}],"neow_cost":"NONE","seed_source_timestamp":223736871083700,"circlet_count":0,"master_deck":["AscendersBane","Defend_G","Defend_G","Defend_G+1","Defend_G+1","Defend_G","Strike_G","Strike_G","Strike_G","Strike_G","Survivor","Neutralize+1","PiercingWail","Cloak And Dagger","Blur","Backstab","Noxious Fumes+1","Cloak And Dagger","A Thousand Cuts","Escape Plan"],"special_seed":0,"relics":["Ectoplasm","Darkstone Periapt","War Paint","WristBlade"],"potions_floor_usage":[20],"damage_taken":[{"damage":0.0,"enemies":"2 Louse","floor":1.0,"turns":3.0},{"damage":0.0,"enemies":"Cultist","floor":2.0,"turns":5.0},{"damage":0.0,"enemies":"Jaw Worm","floor":4.0,"turns":6.0},{"damage":20.0,"enemies":"3 Sentries","floor":6.0,"turns":12.0},{"damage":3.0,"enemies":"Looter","floor":7.0,"turns":4.0},{"damage":0.0,"enemies":"Exordium Wildlife","floor":11.0,"turns":11.0},{"damage":1.0,"enemies":"Large Slime","floor":12.0,"turns":7.0},{"damage":43.0,"enemies":"Hexaghost","floor":16.0,"turns":15.0},{"damage":6.0,"enemies":"Chosen","floor":18.0,"turns":5.0},{"damage":23.0,"enemies":"2 Thieves","floor":19.0,"turns":4.0},{"damage":14,"enemies":"Colosseum Slavers","floor":20,"turns":5},{"damage":11,"enemies":"Cultist and Chosen","floor":21,"turns":4}],"seed_played":"4306288533188210117","potions_obtained":[{"floor":1.0,"key":"Explosive Potion"},{"floor":2.0,"key":"SkillPotion"},{"floor":12.0,"key":"Energy Potion"},{"floor":19.0,"key":"PowerPotion"}],"is_trial":false,"path_per_floor":["M","M","$","M","?","E","M","R","T","$","M","M","?","$","R","B",null,"M","M","?","M"],"character_chosen":"THE_SILENT","items_purchased":[],"campfire_rested":1,"item_purchase_floors":[],"current_hp_per_floor":[59,59,59,59,59,39,36,55,55,55,55,54,54,54,54,11,52,46,23,9,0],"gold":0,"neow_bonus":"BOSS_RELIC","is_prod":false,"is_daily":false,"chose_seed":false,"campfire_upgraded":1,"win_rate":0,"timestamp":1555039124,"path_taken":["M","M","$","M","?","E","M","R","T","$","?","M","?","?","R","BOSS","M","M","?","M"],"build_version":"2019-01-23","purchased_purges":1,"victory":false,"max_hp_per_floor":[66,66,66,66,66,66,66,66,66,66,66,66,66,66,66,66,66,66,66,66,66],"card_choices":[{"not_picked":["Skewer","Riddle With Holes"],"picked":"PiercingWail","floor":1.0},{"not_picked":["Catalyst","Bane"],"picked":"Cloak And Dagger","floor":2.0},{"not_picked":["Finisher","Flying Knee","Dagger Throw"],"picked":"SKIP","floor":4.0},{"not_picked":["All Out Attack","Riddle With Holes"],"picked":"Blur","floor":6.0},{"not_picked":["Poisoned Stab","Cloak And Dagger"],"picked":"Backstab","floor":7.0},{"not_picked":["Crippling Poison","Choke"],"picked":"Noxious Fumes","floor":11.0},{"not_picked":["Tactician","Sucker Punch"],"picked":"Cloak And Dagger","floor":12.0},{"not_picked":["Venomology","Doppelganger"],"picked":"A Thousand Cuts","floor":16.0},{"not_picked":["Acrobatics","Masterful Stab"],"picked":"Escape Plan","floor":18.0},{"not_picked":["Poisoned Stab","Blade Dance","Sucker Punch"],"picked":"SKIP","floor":19.0}],"player_experience":996223,"relics_obtained":[{"floor":6.0,"key":"Darkstone Periapt"},{"floor":9.0,"key":"War Paint"}],"event_choices":[{"damage_healed":0.0,"max_hp_gain":0.0,"max_hp_loss":0.0,"gold_gain":0.0,"event_name":"Upgrade Shrine","player_choice":"Upgraded","floor":5.0,"gold_loss":0.0,"damage_taken":0.0,"cards_upgraded":["Neutralize"]},{"damage_healed":0.0,"max_hp_gain":0.0,"max_hp_loss":0.0,"gold_gain":0.0,"event_name":"The Cleric","player_choice":"Leave","floor":13.0,"gold_loss":0.0,"damage_taken":0.0},{"damage_healed":0,"gold_gain":0,"player_choice":"Fight","damage_taken":0,"max_hp_gain":0,"max_hp_loss":0,"event_name":"Colosseum","floor":20,"gold_loss":0},{"damage_healed":0,"gold_gain":0,"player_choice":"Fled From Nobs","damage_taken":0,"max_hp_gain":0,"max_hp_loss":0,"event_name":"Colosseum","floor":20,"gold_loss":0}],"is_beta":false,"boss_relics":[{"not_picked":["Sozu","Eternal Feather"],"picked":"WristBlade"}],"items_purged_floors":[3],"is_endless":false,"potions_floor_spawned":[1,2,12,19],"killed_by":"Cultist and Chosen","ascension_level":14}