{"gold_per_floor":[119,129,129,4,17,17,45,45,45,60,60,85,85,96,96,199,199,219,237,162,181,181,181],"floor_reached":23,"playtime":1727,"items_purged":["Strike_R"],"score":236,"play_id":"7999f309-e915-44b6-800c-fb05c0d63689","local_time":"20190608151822","is_ascension_mode":true,"campfire_choices":[{"data":"Feed","floor":11,"key":"SMITH"},{"floor":13,"key":"REST"},{"data":"Madness","floor":15,"key":"SMITH"}],"neow_cost":"NONE","seed_source_timestamp":2115955340599808,"circlet_count":0,"master_deck":["Strike_R","Strike_R","Strike_R","Defend_R","Defend_R","Defend_R","Defend_R","Bash","Feed+1","Ghostly Armor","Madness+1","Headbutt","Shrug It Off","True Grit","Shrug It Off","Pommel Strike","Inflame","Inflame","Double Tap","Evolve","RitualDagger"],"relics":["Black Blood","Sundial","Pen Nib","Dodecahedron","Blood Vial"],"potions_floor_usage":[12,23,23,23],"damage_taken":[{"damage":0,"enemies":"Small Slimes","floor":1,"turns":3},{"damage":1,"enemies":"Cultist","floor":2,"turns":3},{"damage":7,"enemies":"Jaw Worm","floor":5,"turns":5},{"damage":55,"enemies":"Lagavulin","floor":7,"turns":15},{"damage":0,"enemies":"Looter","floor":10,"turns":4},{"damage":28,"enemies":"Gremlin Nob","floor":12,"turns":4},{"damage":0,"enemies":"3 Louse","floor":14,"turns":4},{"damage":41,"enemies":"The Guardian","floor":16,"turns":12},{"damage":28,"enemies":"Shell Parasite","floor":18,"turns":6},{"damage":18,"enemies":"Spheric Guardian","floor":19,"turns":4},{"damage":42,"enemies":"Snake Plant","floor":21,"turns":4},{"damage":45,"enemies":"Slavers","floor":23,"turns":4}],"seed_played":"-8291834449818698176","potions_obtained":[{"floor":1,"key":"SpeedPotion"},{"floor":5,"key":"LiquidBronze"},{"floor":7,"key":"AttackPotion"},{"floor":19,"key":"Fire Potion"}],"is_trial":false,"path_per_floor":["M","M","?","$","M","$","E","?","T","M","R","E","R","M","R","B",null,"M","M","$","M","?","E"],"character_chosen":"IRONCLAD","items_purchased":["Headbutt","Shrug It Off","True Grit"],"campfire_rested":1,"item_purchase_floors":[4,4,4],"current_hp_per_floor":[83,86,86,86,88,88,39,27,27,33,33,15,42,54,54,21,97,83,77,77,47,41,0],"gold":181,"neow_bonus":"TRANSFORM_CARD","is_prod":false,"is_daily":false,"chose_seed":false,"campfire_upgraded":2,"win_rate":0,"timestamp":1559978302,"path_taken":["M","M","?","$","M","?","E","?","T","M","R","E","R","M","R","BOSS","M","M","$","M","?","E"],"build_version":"2019-01-23","purchased_purges":1,"victory":false,"max_hp_per_floor":[83,86,86,86,89,89,89,89,89,89,89,93,93,97,97,97,97,101,101,101,101,101,101],"card_choices":[{"not_picked":["Flex","Headbutt"],"picked":"Ghostly Armor","floor":1},{"not_picked":["Flex","Armaments","Wild Strike"],"picked":"SKIP","floor":2},{"not_picked":["Thunderclap","Power Through"],"picked":"Shrug It Off","floor":5},{"not_picked":["Dark Embrace","Anger","Rampage"],"picked":"SKIP","floor":7},{"not_picked":["Body Slam","Armaments"],"picked":"Pommel Strike","floor":10},{"not_picked":["Intimidate","Havoc"],"picked":"Inflame","floor":12},{"not_picked":["Rage","Burning Pact"],"picked":"Inflame","floor":14},{"not_picked":["Dark Embrace","Barricade"],"picked":"Double Tap","floor":16},{"not_picked":["Havoc+1","Thunderclap"],"picked":"Evolve","floor":18},{"not_picked":["Anger","Burning Pact","Iron Wave"],"picked":"SKIP","floor":19},{"not_picked":["Wild Strike","Metallicize+1","Perfected Strike"],"picked":"SKIP","floor":21}],"player_experience":161733,"relics_obtained":[{"floor":7,"key":"Sundial"},{"floor":9,"key":"Dodecahedron"},{"floor":12,"key":"Blood Vial"}],"event_choices":[{"damage_healed":0,"gold_gain":0,"player_choice":"1 cards matched","damage_taken":0,"max_hp_gain":0,"max_hp_loss":0,"event_name":"Match and Keep!","floor":3,"gold_loss":0,"cards_obtained":["Madness"]},{"damage_healed":0,"gold_gain":0,"player_choice":"Success","damage_taken":12,"relics_obtained":["Pen Nib"],"max_hp_gain":0,"max_hp_loss":0,"event_name":"Scrap Ooze","floor":8,"gold_loss":0},{"damage_healed":0,"gold_gain":0,"player_choice":"Joined the Cult","damage_taken":6,"max_hp_gain":0,"max_hp_loss":0,"event_name":"Nest","floor":22,"gold_loss":0,"cards_obtained":["RitualDagger"]}],"is_beta":false,"boss_relics":[{"not_picked":["Calling Bell","Eternal Feather"],"picked":"Black Blood"}],"items_purged_floors":[20],"is_endless":false,"potions_floor_spawned":[1,5,7,19],"killed_by":"Slavers","ascension_level":1}