{"gold_per_floor":[116,128,32,49,64,64,75,75,75,89,106,106,125,150,150,252,252,252,252,252,252,252,252,252],"floor_reached":24,"playtime":1995,"items_purged":[],"score":291,"play_id":"27b3a9e6-36da-48be-b5b9-2a8d55e23cf9","local_time":"20180913210927","is_ascension_mode":true,"campfire_choices":[{"floor":6,"key":"REST"},{"floor":8,"key":"REST"},{"floor":12,"key":"REST"},{"floor":15,"key":"REST"},{"floor":23,"key":"REST"}],"neow_cost":"PERCENT_DAMAGE","seed_source_timestamp":91817775040743,"circlet_count":0,"master_deck":["Defend_G","Defend_G","Defend_G","Defend_G","Defend_G","Survivor","Neutralize","PiercingWail","Deflect","Deflect","Caltrops","Acrobatics","Dash","Finisher","Infinite Blades","Dagger Spray","Deflect","Adrenaline","Backflip","Bite","Bite","Bite","Bite","Bite","Dodge and Roll","Dodge and Roll+1"],"relics":["Ring of the Snake","Girya","Bottled Flame","Snake Skull","Ectoplasm","Red Mask"],"potions_floor_usage":[5,11,16,21],"damage_taken":[{"damage":0,"enemies":"Cultist","floor":1,"turns":4},{"damage":2,"enemies":"2 Louse","floor":2,"turns":3},{"damage":0,"enemies":"Jaw Worm","floor":4,"turns":4},{"damage":12,"enemies":"Gremlin Gang","floor":5,"turns":8},{"damage":15,"enemies":"2 Fungi Beasts","floor":7,"turns":6},{"damage":27,"enemies":"Exordium Thugs","floor":10,"turns":8},{"damage":11,"enemies":"Large Slime","floor":11,"turns":8},{"damage":1,"enemies":"2 Fungi Beasts","floor":13,"turns":4},{"damage":43,"enemies":"Slime Boss","floor":16,"turns":14},{"damage":18,"enemies":"Chosen","floor":18,"turns":6},{"damage":14,"enemies":"Spheric Guardian","floor":21,"turns":4},{"damage":33,"enemies":"Masked Bandits","floor":22,"turns":6},{"damage":41,"enemies":"Book of Stabbing","floor":24,"turns":7}],"seed_played":"5747513231684170746","potions_obtained":[{"floor":2,"key":"Weak Potion"},{"floor":7,"key":"GhostInAJar"},{"floor":13,"key":"FearPotion"},{"floor":18,"key":"Weak Potion"}],"is_trial":false,"path_per_floor":["M","M","$","M","M","R","M","R","T","M","M","R","M","T","R","B",null,"M","?","?","M","?","R"],"character_chosen":"THE_SILENT","items_purchased":["Deflect","Caltrops"],"campfire_rested":5,"item_purchase_floors":[3,3],"current_hp_per_floor":[45,43,43,43,31,52,37,58,58,31,20,41,40,40,61,18,57,39,26,26,26,9,24,0],"gold":252,"neow_bonus":"ONE_RARE_RELIC","is_prod":false,"is_daily":false,"chose_seed":false,"campfire_upgraded":0,"win_rate":0,"timestamp":1536887367,"path_taken":["M","M","?","M","M","R","M","R","T","?","M","R","M","?","R","BOSS","M","?","?","M","?","R","E"],"build_version":"2018-09-06","purchased_purges":0,"victory":false,"max_hp_per_floor":[70,70,70,70,70,70,70,70,70,70,70,70,70,70,70,70,70,70,75,52,52,52,52,52],"card_choices":[{"not_picked":["Acrobatics","Underhanded Strike"],"picked":"PiercingWail","floor":1},{"not_picked":["Flechettes","Endless Agony"],"picked":"Deflect","floor":2},{"not_picked":["Underhanded Strike","Deadly Poison"],"picked":"Acrobatics","floor":4},{"not_picked":["Bane","Underhanded Strike"],"picked":"Dash","floor":5},{"not_picked":["Acrobatics","Choke"],"picked":"Finisher","floor":7},{"not_picked":["Sucker Punch","Concentrate"],"picked":"Infinite Blades","floor":10},{"not_picked":["Dodge and Roll","Calculated Gamble"],"picked":"Dagger Spray","floor":11},{"not_picked":["Outmaneuver","Night Terror"],"picked":"Deflect","floor":13},{"not_picked":["Corpse Explosion","Grand Finale"],"picked":"Adrenaline","floor":16},{"not_picked":["Deadly Poison","Blade Dance"],"picked":"Backflip","floor":18},{"not_picked":["Quick Slash","Wraith Form v2"],"picked":"Dodge and Roll","floor":21},{"not_picked":["Slice+1","Cloak And Dagger"],"picked":"Dodge and Roll+1","floor":22}],"player_experience":178546,"relics_obtained":[{"floor":9,"key":"Bottled Flame"},{"floor":14,"key":"Snake Skull"},{"floor":22,"key":"Red Mask"}],"event_choices":[{"event_name":"Forgotten Altar","player_choice":"Shed Blood","floor":19,"damage_taken":0},{"event_name":"Vampires","player_choice":"Became a vampire","floor":20,"damage_taken":0},{"event_name":"Masked Bandits","player_choice":"Fought Bandits","floor":22,"damage_taken":0}],"is_beta":false,"boss_relics":[{"not_picked":["Philosopher\u0027s Stone","Coffee Dripper"],"picked":"Ectoplasm"}],"items_purged_floors":[],"is_endless":false,"potions_floor_spawned":[2,7,13,18],"killed_by":"Book of Stabbing","ascension_level":8}