{"gold_per_floor":[13,25,41,59,59,59,92,92,92,107,137,137,166,46,46,46],"floor_reached":16,"playtime":610,"items_purged":["Defend_R"],"score":211,"play_id":"2e7befb9-56ca-415c-abc2-31a3efb0e335","local_time":"20190420224234","is_ascension_mode":true,"campfire_choices":[{"data":"Bash","floor":6,"key":"SMITH"},{"data":"Carnage","floor":12,"key":"SMITH"},{"floor":15,"key":"REST"}],"neow_cost":"NO_GOLD","seed_source_timestamp":3476247592600,"circlet_count":0,"master_deck":["AscendersBane","Strike_R","Strike_R","Strike_R","Strike_R","Strike_R","Defend_R","Defend_R","Defend_R","Bash+1","Seeing Red","Carnage+1","Shrug It Off","Dropkick","Limit Break","Sword Boomerang","Shrug It Off"],"relics":["Burning Blood","Potion Belt","Lantern","Bottled Lightning","Ginger"],"potions_floor_usage":[4,7,11,13,16],"damage_taken":[{"damage":4,"enemies":"Jaw Worm","floor":1,"turns":4},{"damage":11,"enemies":"Cultist","floor":2,"turns":4},{"damage":0,"enemies":"2 Louse","floor":3,"turns":2},{"damage":19,"enemies":"Large Slime","floor":4,"turns":6},{"damage":40,"enemies":"Lagavulin","floor":7,"turns":5},{"damage":6,"enemies":"Looter","floor":10,"turns":2},{"damage":12,"enemies":"3 Sentries","floor":11,"turns":8},{"damage":29,"enemies":"Lagavulin","floor":13,"turns":5},{"damage":58,"enemies":"Hexaghost","floor":16,"turns":9}],"seed_played":"8792735536421916284","potions_obtained":[{"floor":1,"key":"PowerPotion"},{"floor":2,"key":"Energy Potion"},{"floor":4,"key":"Regen Potion"},{"floor":10,"key":"PowerPotion"},{"floor":13,"key":"FearPotion"}],"is_trial":false,"path_per_floor":["M","M","M","M","?","R","E","?","T","M","E","R","E","$","R","B"],"character_chosen":"IRONCLAD","items_purchased":["Shrug It Off"],"campfire_rested":1,"item_purchase_floors":[14],"current_hp_per_floor":[90,85,91,78,78,78,58,58,58,58,52,52,29,29,57,0],"gold":46,"neow_bonus":"TWENTY_PERCENT_HP_BONUS","is_prod":false,"is_daily":false,"chose_seed":false,"campfire_upgraded":2,"win_rate":0,"timestamp":1555814554,"path_taken":["M","M","M","M","?","R","E","?","T","?","E","R","E","?","R","BOSS"],"build_version":"2019-01-23","purchased_purges":1,"victory":false,"max_hp_per_floor":[96,96,96,96,96,96,96,96,96,96,96,96,96,96,96,96],"card_choices":[{"not_picked":["Burning Pact","Corruption"],"picked":"Seeing Red","floor":1},{"not_picked":["Twin Strike","Dual Wield"],"picked":"Carnage","floor":2},{"not_picked":["Dual Wield","Warcry"],"picked":"Shrug It Off","floor":3},{"not_picked":["Feel No Pain","Perfected Strike"],"picked":"Dropkick","floor":4},{"not_picked":["Wild Strike","Bloodletting"],"picked":"Limit Break","floor":7},{"not_picked":["Perfected Strike","Body Slam"],"picked":"Sword Boomerang","floor":10},{"not_picked":["True Grit","Fire Breathing","Havoc"],"picked":"SKIP","floor":11},{"not_picked":["Sword Boomerang","True Grit","Bludgeon"],"picked":"SKIP","floor":13}],"player_experience":372851,"relics_obtained":[{"floor":7,"key":"Potion Belt"},{"floor":9,"key":"Lantern"},{"floor":11,"key":"Bottled Lightning"},{"floor":13,"key":"Ginger"}],"event_choices":[{"damage_healed":0,"gold_gain":0,"player_choice":"Ignored","damage_taken":0,"max_hp_gain":0,"max_hp_loss":0,"event_name":"Liars Game","floor":5,"gold_loss":0},{"damage_healed":0,"gold_gain":0,"player_choice":"Bought 0 Potions","damage_taken":0,"max_hp_gain":0,"max_hp_loss":0,"event_name":"The Woman in Blue","floor":8,"gold_loss":0}],"is_beta":false,"boss_relics":[],"items_purged_floors":[14],"is_endless":false,"potions_floor_spawned":[1,2,4,10,13],"killed_by":"Hexaghost","ascension_level":11}