{"gold_per_floor":[116,116,133,153,170,170,190,190,190,190,190,216,216,228,228,306,306,316,127,147,22,22,48,48,80,129,54,54,54,82,95,95,170,170,182,182,182,26,42,42,60,94,94,109,109,136,136,136,136,136],"floor_reached":51,"playtime":2331,"items_purged":["Zap","Dualcast","Writhe"],"score":1616,"play_id":"0b6c401d-fdde-4e42-acdc-74b9f44eaf65","local_time":"20180814211009","is_ascension_mode":true,"campfire_choices":[{"data":"Hyperbeam","floor":6.0,"key":"SMITH"},{"data":"Beam Cell","floor":8.0,"key":"SMITH"},{"data":"Steam Power","floor":10.0,"key":"SMITH"},{"floor":13.0,"key":"REST"},{"data":"Steam Power","floor":15.0,"key":"SMITH"},{"data":"Sunder","floor":24.0,"key":"SMITH"},{"data":"Skim","floor":28.0,"key":"SMITH"},{"data":"Ghostly","floor":32.0,"key":"SMITH"},{"data":"Seek","floor":45.0,"key":"SMITH"},{"data":"Ghostly","floor":47.0,"key":"SMITH"},{"data":"Ghostly","floor":49.0,"key":"SMITH"}],"neow_cost":"TEN_PERCENT_HP_LOSS","seed_source_timestamp":0,"circlet_count":0,"master_deck":["Strike_B+1","Strike_B","Strike_B+1","Defend_B","Defend_B","Defend_B+1","Defend_B","AscendersBane","Hyperbeam+1","Conserve Battery","Beam Cell+1","Gash","Steam Power+1","Self Repair+1","Steam Power+1","Seek+1","Sunder+1","Ghostly","Ghostly+1","Ghostly","Ghostly+1","Ghostly+1","Skim+1","All For One","Beam Cell+1","Buffer+1","Panache+1","Gash+1","White Noise","Scrape+1"],"special_seed":0,"relics":["Cracked Core","Frozen Egg 2","Centennial Puzzle","Snecko Eye","Unceasing Top","Happy Flower","Bag of Preparation","Mercury Hourglass","Pantograph","Coffee Dripper","Whetstone","Molten Egg 2","Bronze Scales"],"potions_floor_usage":[50],"damage_taken":[{"damage":1.0,"enemies":"2 Louse","floor":1.0,"turns":2.0},{"damage":2.0,"enemies":"Jaw Worm","floor":3.0,"turns":3.0},{"damage":5.0,"enemies":"Small Slimes","floor":4.0,"turns":2.0},{"damage":14.0,"enemies":"Exordium Wildlife","floor":5.0,"turns":3.0},{"damage":13.0,"enemies":"Large Slime","floor":7.0,"turns":5.0},{"damage":0.0,"enemies":"Gremlin Nob","floor":12.0,"turns":2.0},{"damage":1.0,"enemies":"Blue Slaver","floor":14.0,"turns":3.0},{"damage":14.0,"enemies":"Slime Boss","floor":16.0,"turns":6.0},{"damage":2.0,"enemies":"Chosen","floor":18.0,"turns":3.0},{"damage":6.0,"enemies":"Shell Parasite","floor":20.0,"turns":2.0},{"damage":0.0,"enemies":"Gremlin Leader","floor":23.0,"turns":4.0},{"damage":3.0,"enemies":"Slavers","floor":25.0,"turns":4.0},{"damage":2.0,"enemies":"Book of Stabbing","floor":30.0,"turns":3.0},{"damage":0.0,"enemies":"3 Cultists","floor":31.0,"turns":2.0},{"damage":19.0,"enemies":"Automaton","floor":33.0,"turns":6.0},{"damage":5.0,"enemies":"3 Shapes","floor":35.0,"turns":3.0},{"damage":1.0,"enemies":"Orb Walker","floor":39.0,"turns":2.0},{"damage":0.0,"enemies":"Transient","floor":41.0,"turns":6.0},{"damage":3.0,"enemies":"Nemesis","floor":42.0,"turns":5.0},{"damage":10.0,"enemies":"Snecko and Mystics","floor":44.0,"turns":4.0},{"damage":13.0,"enemies":"Giant Head","floor":46.0,"turns":3.0},{"damage":19,"enemies":"Donu and Deca","floor":50,"turns":6}],"seed_played":"5846673458316787097","potions_obtained":[{"floor":3.0,"key":"PowerPotion"},{"floor":4.0,"key":"FocusPotion"},{"floor":12.0,"key":"PowerPotion"},{"floor":14.0,"key":"FearPotion"},{"floor":30.0,"key":"Fire Potion"},{"floor":35.0,"key":"FearPotion"}],"is_trial":false,"path_per_floor":["M","$","M","M","M","R","M","R","T","R","?","E","R","M","R","B",null,"M","$","M","$","?","E","R","E","T","?","R","?","E","M","R","B",null,"M","?","?","$","M","$","M","E","T","M","R","E","R","$","R","B"],"character_chosen":"DEFECT","items_purchased":["Sunder"],"campfire_rested":1,"item_purchase_floors":[19],"current_hp_per_floor":[63,63,61,56,42,42,29,29,29,29,10,10,29,28,28,14,52,60,60,64,64,32,32,32,32,32,32,32,32,30,32,32,23,30,32,32,32,32,31,31,32,32,32,32,32,29,29,29,29,23],"gold":136,"neow_bonus":"THREE_RARE_CARDS","is_prod":false,"is_daily":false,"chose_seed":false,"campfire_upgraded":10,"win_rate":0,"timestamp":1534273809,"path_taken":["M","$","M","M","M","R","M","R","T","R","?","E","R","M","R","BOSS","M","$","M","$","?","E","R","E","T","?","R","?","E","M","R","BOSS","M","?","?","$","M","$","M","E","T","?","R","E","R","$","R","BOSS"],"build_version":"2018-08-13v2","purchased_purges":3,"victory":true,"max_hp_per_floor":[64,64,64,64,64,64,64,64,64,64,64,64,64,64,64,64,64,64,64,64,64,32,32,32,32,32,32,32,32,32,32,32,32,32,32,32,32,32,32,32,32,32,32,32,32,32,32,32,32,32],"card_choices":[{"not_picked":["Amplify","Meteor Strike"],"picked":"Hyperbeam","floor":0.0},{"not_picked":["Stack","Fusion"],"picked":"Conserve Battery","floor":1.0},{"not_picked":["Gash","Compile Driver"],"picked":"Beam Cell","floor":3.0},{"not_picked":["Turbo","Consume"],"picked":"Gash","floor":4.0},{"not_picked":["Lockon","Sweeping Beam","Cold Snap"],"picked":"SKIP","floor":5.0},{"not_picked":["Skim","Amplify"],"picked":"Steam Power","floor":7.0},{"not_picked":["Chaos","Streamline"],"picked":"Self Repair+1","floor":12.0},{"not_picked":["Redo","Streamline"],"picked":"Steam Power","floor":14.0},{"not_picked":["Thunder Strike","Multi-Cast"],"picked":"Seek","floor":16.0},{"not_picked":["Steam+1","Ball Lightning","Coolheaded"],"picked":"SKIP","floor":18.0},{"not_picked":["Cold Snap","Hello World+1","Static Discharge+1"],"picked":"SKIP","floor":20.0},{"not_picked":["Coolheaded","Defragment+1"],"picked":"Skim","floor":23.0},{"not_picked":["Barrage","Hologram"],"picked":"All For One","floor":25.0},{"not_picked":["Go for the Eyes","Thunder Strike"],"picked":"Beam Cell","floor":30.0},{"not_picked":["Leap+1","Chill","Compile Driver"],"picked":"SKIP","floor":31.0},{"not_picked":["Rainbow","Amplify"],"picked":"Buffer+1","floor":33.0},{"not_picked":["Compile Driver","Ball Lightning","Cold Snap+1"],"picked":"SKIP","floor":35.0},{"not_picked":["Panacea","Thinking Ahead"],"picked":"Panache+1","floor":36.0},{"not_picked":["Stack","Barrage+1"],"picked":"Gash+1","floor":39.0},{"not_picked":["Chaos","Coolheaded","Steam"],"picked":"SKIP","floor":41.0},{"not_picked":["Chaos","Coolheaded","Steam"],"picked":"SKIP","floor":41.0},{"not_picked":["Beam Cell","Reinforced Body"],"picked":"White Noise","floor":42.0},{"not_picked":["Barrage+1","Steam"],"picked":"Scrape+1","floor":44.0},{"not_picked":["Heatsinks+1","Stack","Cold Snap+1"],"picked":"SKIP","floor":46.0}],"player_experience":875147,"relics_obtained":[{"floor":9.0,"key":"Frozen Egg 2"},{"floor":12.0,"key":"Centennial Puzzle"},{"floor":23.0,"key":"Unceasing Top"},{"floor":25.0,"key":"Happy Flower"},{"floor":26.0,"key":"Bag of Preparation"},{"floor":30.0,"key":"Pantograph"},{"floor":42.0,"key":"Whetstone"},{"floor":43.0,"key":"Molten Egg 2"},{"floor":46.0,"key":"Bronze Scales"}],"event_choices":[{"event_name":"Shining Light","player_choice":"Entered Light","floor":11.0,"damage_taken":0.0},{"event_name":"Ghosts","player_choice":"Became a Ghost","floor":22.0,"damage_taken":0.0},{"event_name":"Beggar","player_choice":"Gave Gold","floor":27.0,"damage_taken":0.0},{"event_name":"WeMeetAgain","player_choice":"Potion","floor":29.0,"damage_taken":0.0},{"event_name":"SensoryStone","player_choice":"Memory 1","floor":36.0,"damage_taken":0.0},{"event_name":"Winding Halls","player_choice":"Writhe","floor":37.0,"damage_taken":0.0}],"is_beta":true,"boss_relics":[{"not_picked":["Eternal Feather","FrozenCore"],"picked":"Snecko Eye"},{"not_picked":["Pandora\u0027s Box","Empty Cage"],"picked":"Coffee Dripper"}],"items_purged_floors":[19,21,38],"is_endless":false,"potions_floor_spawned":[3,4,12,14,16,23,30,35,42,46],"ascension_level":18}