{"gold_per_floor":[13,13,31,55,130,198,198,49,126,126,141,91,105,118,118,244,244,258,13,37,37,51,95,95,18,18,18,54,67,81,81],"floor_reached":31,"playtime":4997,"items_purged":["Strike_R"],"score":277,"play_id":"c1bafe20-02a4-4799-a79a-7ab9664178eb","local_time":"20180721113133","is_ascension_mode":false,"campfire_choices":[{"floor":7,"key":"REST"},{"data":"Shockwave","floor":10,"key":"SMITH"},{"data":"Body Slam","floor":15,"key":"SMITH"},{"floor":24,"key":"REST"},{"data":"Body Slam","floor":27,"key":"SMITH"}],"neow_cost":"NO_GOLD","seed_source_timestamp":350785911387584,"circlet_count":0,"master_deck":["Strike_R","Defend_R","Defend_R","Defend_R","Defend_R","Bash","Pommel Strike","Iron Wave","Shockwave+1","Metallicize","Twin Strike","Body Slam+1","Rampage","Immolate","Body Slam+1","Shrug It Off","Disarm","J.A.X.","Rampage+1","Armaments"],"relics":["Burning Blood","Golden Idol","Tiny Chest","Darkstone Periapt","Eternal Feather","Sling","Regal Pillow","Meat on the Bone","Molten Egg 2"],"potions_floor_usage":[6,6,16,16,23,23,23],"damage_taken":[{"damage":0,"enemies":"Small Slimes","floor":1,"turns":5},{"damage":1,"enemies":"Jaw Worm","floor":3,"turns":6},{"damage":0,"enemies":"Cultist","floor":4,"turns":3},{"damage":17,"enemies":"3 Sentries","floor":6,"turns":8},{"damage":5,"enemies":"Large Slime","floor":11,"turns":10},{"damage":2,"enemies":"Looter","floor":13,"turns":4},{"damage":1,"enemies":"2 Fungi Beasts","floor":14,"turns":3},{"damage":56,"enemies":"Slime Boss","floor":16,"turns":12},{"damage":16,"enemies":"2 Thieves","floor":18,"turns":3},{"damage":25,"enemies":"Spheric Guardian","floor":20,"turns":5},{"damage":9,"enemies":"Snecko","floor":22,"turns":5},{"damage":9,"enemies":"Slavers","floor":23,"turns":4},{"damage":29,"enemies":"Gremlin Leader","floor":28,"turns":5},{"damage":24,"enemies":"Centurion and Healer","floor":29,"turns":6},{"damage":15,"enemies":"Slaver and Parasite","floor":30,"turns":6},{"damage":58,"enemies":"Slavers","floor":31,"turns":3}],"seed_played":"6368052153844818541","potions_obtained":[{"floor":1,"key":"Explosive Potion"},{"floor":4,"key":"Poison Potion"},{"floor":13,"key":"GamblersBrew"},{"floor":14,"key":"Explosive Potion"},{"floor":18,"key":"Dexterity Potion"},{"floor":20,"key":"Poison Potion"},{"floor":22,"key":"Ancient Potion"}],"is_trial":false,"path_per_floor":["M","?","M","M","?","E","R","$","T","R","M","?","M","M","R","B",null,"M","$","M","$","M","E","R","?","T","R","E","M","M"],"character_chosen":"IRONCLAD","items_purchased":["Metallicize","Sling","Body Slam"],"campfire_rested":2,"item_purchase_floors":[8,19,19],"current_hp_per_floor":[80,60,65,71,60,49,73,73,73,73,74,74,78,80,80,30,80,70,70,51,51,48,45,80,80,80,80,57,51,54,0],"gold":81,"neow_bonus":"REMOVE_TWO","is_prod":false,"is_daily":false,"chose_seed":false,"campfire_upgraded":3,"win_rate":0,"timestamp":1532187093,"path_taken":["M","?","M","M","?","E","R","$","T","R","M","?","M","M","R","BOSS","M","$","?","?","M","E","R","?","T","R","E","M","M","E"],"build_version":"2018-07-19v2","purchased_purges":1,"victory":false,"max_hp_per_floor":[80,80,80,80,80,80,80,80,80,80,80,80,80,80,80,80,80,80,80,80,80,80,80,80,80,80,80,80,80,80,80],"card_choices":[{"not_picked":["Sever Soul","Sword Boomerang"],"picked":"Pommel Strike","floor":1},{"not_picked":["Second Wind","True Grit"],"picked":"Iron Wave","floor":3},{"not_picked":["Flex","Rupture"],"picked":"Shockwave","floor":4},{"not_picked":["Fire Breathing","Rupture","Sword Boomerang"],"picked":"SKIP","floor":6},{"not_picked":["Searing Blow","Heavy Blade"],"picked":"Twin Strike","floor":11},{"not_picked":["Perfected Strike","Clash"],"picked":"Body Slam","floor":13},{"not_picked":["Twin Strike","True Grit"],"picked":"Rampage","floor":14},{"not_picked":["Limit Break","Bludgeon"],"picked":"Immolate","floor":16},{"not_picked":["Warcry","Wild Strike","Anger"],"picked":"SKIP","floor":18},{"not_picked":["Body Slam","Flex"],"picked":"Shrug It Off","floor":20},{"not_picked":["Clash","Clothesline","Brutality"],"picked":"SKIP","floor":22},{"not_picked":["Uppercut","Bloodletting"],"picked":"Disarm","floor":23},{"not_picked":["Havoc","Clash"],"picked":"Rampage","floor":28},{"not_picked":["Battle Trance+1","Perfected Strike+1"],"picked":"Armaments","floor":29},{"not_picked":["Shockwave+1","Thunderclap+1","Clash+1"],"picked":"SKIP","floor":30}],"player_experience":222516,"relics_obtained":[{"floor":6,"key":"Tiny Chest"},{"floor":9,"key":"Darkstone Periapt"},{"floor":23,"key":"Regal Pillow"},{"floor":26,"key":"Meat on the Bone"},{"floor":28,"key":"Molten Egg 2"}],"event_choices":[{"event_name":"Golden Idol","player_choice":"Take Damage","floor":2,"damage_taken":0},{"event_name":"World of Goop","player_choice":"Gather Gold","floor":5,"damage_taken":0},{"event_name":"The Cleric","player_choice":"Card Removal","floor":12,"damage_taken":0},{"event_name":"Drug Dealer","player_choice":"Got JAXXED","floor":25,"damage_taken":0}],"is_beta":false,"boss_relics":[{"not_picked":["Ectoplasm","Busted Crown"],"picked":"Eternal Feather"}],"items_purged_floors":[8],"is_endless":false,"potions_floor_spawned":[1,4,13,14,18,20,22],"killed_by":"Slavers","ascension_level":0}