{"gold_per_floor":[118,293,293,0,13,13,13,13,13,29,61,61,74,94,94,172,222,236,236,63,82,82,82,82],"floor_reached":24,"playtime":1611,"items_purged":["Strike_G"],"score":330,"play_id":"bef057f6-683a-4bf0-aaa4-7f2c3c76c910","local_time":"20190607225325","is_ascension_mode":true,"campfire_choices":[{"data":"Noxious Fumes","floor":8.0,"key":"SMITH"},{"floor":12.0,"key":"REST"},{"data":"Bouncing Flask","floor":15.0,"key":"SMITH"},{"floor":23,"key":"REST"}],"neow_cost":"NONE","seed_source_timestamp":1571987066299800,"circlet_count":0,"master_deck":["AscendersBane","Defend_G","Defend_G","Defend_G","Strike_G+1","Strike_G","Strike_G","Survivor","Neutralize","Cloak And Dagger","Adrenaline","Noxious Fumes+1","Bouncing Flask+1","Die Die Die","After Image","Dash","Master of Strategy"],"special_seed":0,"relics":["Ring of the Snake","Matryoshka","Question Card","Tiny House"],"potions_floor_usage":[22,22],"damage_taken":[{"damage":0.0,"enemies":"2 Louse","floor":1.0,"turns":4.0},{"damage":0.0,"enemies":"Jaw Worm","floor":5.0,"turns":5.0},{"damage":0.0,"enemies":"Small Slimes","floor":10.0,"turns":4.0},{"damage":20.0,"enemies":"3 Sentries","floor":11.0,"turns":7.0},{"damage":0.0,"enemies":"Blue Slaver","floor":13.0,"turns":4.0},{"damage":1.0,"enemies":"Red Slaver","floor":14.0,"turns":4.0},{"damage":40.0,"enemies":"Slime Boss","floor":16.0,"turns":9.0},{"damage":0.0,"enemies":"3 Byrds","floor":18.0,"turns":5.0},{"damage":11.0,"enemies":"Shell Parasite","floor":21.0,"turns":6.0},{"damage":11,"enemies":"Colosseum Slavers","floor":22,"turns":6},{"damage":65,"enemies":"Gremlin Leader","floor":24,"turns":6}],"seed_played":"-3630809737378879602","potions_obtained":[{"floor":10.0,"key":"SteroidPotion"},{"floor":13.0,"key":"Swift Potion"},{"floor":14.0,"key":"LiquidBronze"},{"floor":17.0,"key":"Poison Potion"},{"floor":21.0,"key":"SpeedPotion"}],"is_trial":false,"path_per_floor":["M","?","?","$","M","?","$","R","T","M","E","R","M","M","R","B",null,"M","?","$","M","?","R","E"],"character_chosen":"THE_SILENT","items_purchased":["Adrenaline","Noxious Fumes","Master of Strategy"],"campfire_rested":2,"item_purchase_floors":[4,4,20],"current_hp_per_floor":[59,59,52,52,52,52,52,52,52,52,32,51,51,50,50,10,57,57,57,57,46,35,56,0],"gold":82,"neow_bonus":"REMOVE_CARD","is_prod":false,"is_daily":false,"chose_seed":false,"campfire_upgraded":2,"win_rate":0,"timestamp":1559962405,"path_taken":["M","?","?","$","M","?","?","R","T","M","E","R","M","M","R","BOSS","M","?","?","M","?","R","E"],"build_version":"2019-01-23","purchased_purges":1,"victory":false,"max_hp_per_floor":[66,66,66,66,66,66,66,66,66,66,66,66,66,66,66,66,71,71,71,71,71,71,71,71],"card_choices":[{"not_picked":["Dodge and Roll","Dagger Throw"],"picked":"Cloak And Dagger","floor":1.0},{"not_picked":["Poisoned Stab","Underhanded Strike","Eviscerate"],"picked":"SKIP","floor":5.0},{"not_picked":["Prepared","Calculated Gamble"],"picked":"Bouncing Flask","floor":10.0},{"not_picked":["Bane","Reflex"],"picked":"Die Die Die","floor":11.0},{"not_picked":["Predator","Slice","Infinite Blades","Dagger Spray"],"picked":"SKIP","floor":13.0},{"not_picked":["Acrobatics","Outmaneuver","Dodge and Roll","Dagger Throw"],"picked":"SKIP","floor":14.0},{"not_picked":["Glass Knife","Night Terror","Storm of Steel"],"picked":"After Image","floor":16.0},{"not_picked":["Deadly Poison","Quick Slash","Infinite Blades"],"picked":"Dash","floor":18.0},{"not_picked":["Sucker Punch","Prepared","Blade Dance","Dagger Throw"],"picked":"SKIP","floor":21.0}],"player_experience":1130345,"relics_obtained":[{"floor":9.0,"key":"Matryoshka"},{"floor":11.0,"key":"Question Card"}],"event_choices":[{"damage_healed":0.0,"max_hp_gain":0.0,"max_hp_loss":0.0,"gold_gain":175.0,"event_name":"Liars Game","player_choice":"AGREE","floor":2.0,"gold_loss":0.0,"damage_taken":0.0,"cards_obtained":["Doubt"]},{"cards_removed":["Doubt"],"damage_healed":0.0,"max_hp_gain":0.0,"max_hp_loss":0.0,"gold_gain":0.0,"event_name":"Golden Wing","player_choice":"Card Removal","floor":3.0,"gold_loss":0.0,"damage_taken":7.0},{"cards_removed":["Defend_G"],"damage_healed":0.0,"max_hp_gain":0.0,"max_hp_loss":0.0,"gold_gain":0.0,"event_name":"Living Wall","player_choice":"Forget","floor":6.0,"gold_loss":0.0,"damage_taken":0.0},{"cards_removed":["Defend_G"],"damage_healed":0.0,"max_hp_gain":0.0,"max_hp_loss":0.0,"gold_gain":0.0,"event_name":"Purifier","player_choice":"Purged","floor":19.0,"gold_loss":0.0,"damage_taken":0.0},{"damage_healed":0,"gold_gain":0,"player_choice":"Fight","damage_taken":0,"max_hp_gain":0,"max_hp_loss":0,"event_name":"Colosseum","floor":22,"gold_loss":0},{"damage_healed":0,"gold_gain":0,"player_choice":"Fled From Nobs","damage_taken":0,"max_hp_gain":0,"max_hp_loss":0,"event_name":"Colosseum","floor":22,"gold_loss":0}],"is_beta":false,"boss_relics":[{"not_picked":["Calling Bell","HoveringKite"],"picked":"Tiny House"}],"items_purged_floors":[4],"is_endless":false,"potions_floor_spawned":[10,13,14,21],"killed_by":"Gremlin Leader","ascension_level":14}