{"gold_per_floor":[114,114,7,26,40,40,115,141,167,180,180,180,180,196,196,273,273,284,9,19,19,19,19,34,34,61,90,120,138,157,157,157,157],"floor_reached":33,"playtime":2566,"items_purged":[],"score":576,"play_id":"c5b6af9c-2ed0-4611-b2ee-13e3931e5e9a","local_time":"20190608121112","is_ascension_mode":true,"campfire_choices":[{"floor":6.0,"key":"DIG"},{"floor":12.0,"key":"REST"},{"floor":15.0,"key":"DIG"},{"floor":23.0,"key":"DIG"},{"floor":25.0,"key":"REST"},{"floor":28.0,"key":"DIG"},{"floor":32,"key":"REST"}],"neow_cost":"CURSE","seed_source_timestamp":0,"circlet_count":0,"master_deck":["AscendersBane","Defend_G+1","Defend_G+1","Defend_G+1","Defend_G+1","Defend_G+1","Survivor","Neutralize","Footwork","Dagger Spray","Poisoned Stab+1","Poisoned Stab","Dash","Corpse Explosion","PiercingWail","Bite","Bite","Bite","Bite","Bite","Concentrate","Deadly Poison"],"special_seed":0,"relics":["Ring of the Snake","Shovel","Whetstone","Letter Opener","Vajra","Tingsha","Runic Pyramid","Sundial","MutagenicStrength","Matryoshka","Potion Belt","Anchor","Bottled Tornado","Tiny Chest"],"potions_floor_usage":[30,33],"damage_taken":[{"damage":6.0,"enemies":"Jaw Worm","floor":1.0,"turns":6.0},{"damage":0.0,"enemies":"2 Louse","floor":4.0,"turns":3.0},{"damage":1.0,"enemies":"Cultist","floor":5.0,"turns":5.0},{"damage":20.0,"enemies":"Lagavulin","floor":8.0,"turns":8.0},{"damage":10.0,"enemies":"Exordium Thugs","floor":10.0,"turns":4.0},{"damage":0.0,"enemies":"Looter","floor":14.0,"turns":2.0},{"damage":19.0,"enemies":"The Guardian","floor":16.0,"turns":13.0},{"damage":0.0,"enemies":"3 Byrds","floor":18.0,"turns":2.0},{"damage":35.0,"enemies":"Spheric Guardian","floor":20.0,"turns":6.0},{"damage":18.0,"enemies":"Snake Plant","floor":24.0,"turns":7.0},{"damage":17.0,"enemies":"Slavers","floor":27.0,"turns":4.0},{"damage":8,"enemies":"Chosen and Byrds","floor":29,"turns":5},{"damage":9,"enemies":"Centurion and Healer","floor":30,"turns":6},{"damage":53,"enemies":"Champ","floor":33,"turns":14}],"seed_played":"-6852999411416910032","potions_obtained":[{"floor":4.0,"key":"PowerPotion"},{"floor":5.0,"key":"Fire Potion"},{"floor":14.0,"key":"Poison Potion"},{"floor":29,"key":"SkillPotion"},{"floor":30,"key":"Swift Potion"}],"is_trial":false,"path_per_floor":["M","?","$","M","M","R","?","E","T","M","?","R","?","M","R","B",null,"M","$","M","?","?","R","M","R","T","E","R","M","M","?","R","B"],"character_chosen":"THE_SILENT","items_purchased":["Dagger Spray","Strength Potion","Sundial"],"campfire_rested":3,"item_purchase_floors":[3,3,19],"current_hp_per_floor":[53,46,46,46,45,45,34,14,14,4,4,23,23,23,23,4,51,51,51,16,16,16,16,8,21,21,12,12,14,13,13,26,0],"gold":157,"neow_bonus":"ONE_RARE_RELIC","is_prod":false,"is_daily":false,"chose_seed":false,"campfire_upgraded":0,"win_rate":0,"timestamp":1559988672,"path_taken":["M","?","$","M","M","R","?","E","T","M","?","R","?","?","R","BOSS","M","$","M","?","?","R","M","R","T","E","R","M","M","?","R","BOSS"],"build_version":"2019-01-23","purchased_purges":0,"victory":false,"max_hp_per_floor":[66,66,66,66,66,66,66,66,66,66,66,66,66,66,66,66,66,66,66,66,46,46,46,46,46,46,46,46,46,46,46,46,46],"card_choices":[{"not_picked":["Outmaneuver","Poisoned Stab"],"picked":"Footwork","floor":1.0},{"not_picked":["Leg Sweep","Blade Dance"],"picked":"Poisoned Stab","floor":4.0},{"not_picked":["Acrobatics","All Out Attack","Accuracy"],"picked":"SKIP","floor":5.0},{"not_picked":["Acrobatics","Riddle With Holes"],"picked":"Poisoned Stab","floor":8.0},{"not_picked":["Blade Dance","Dodge and Roll"],"picked":"Dash","floor":10.0},{"not_picked":["Acrobatics","Cloak And Dagger","Expertise"],"picked":"SKIP","floor":14.0},{"not_picked":["Doppelganger","Storm of Steel"],"picked":"Corpse Explosion","floor":16.0},{"not_picked":["Acrobatics","Poisoned Stab+1","All Out Attack"],"picked":"SKIP","floor":18.0},{"not_picked":["Poisoned Stab","Tools of the Trade"],"picked":"PiercingWail","floor":20.0},{"not_picked":["Accuracy+1","Bouncing Flask"],"picked":"Concentrate","floor":24.0},{"not_picked":["Poisoned Stab","Setup"],"picked":"Deadly Poison","floor":27.0},{"not_picked":["Backflip+1","Bane","Slice"],"picked":"SKIP","floor":29},{"not_picked":["Blade Dance","Infinite Blades","Deadly Poison"],"picked":"SKIP","floor":30}],"player_experience":827294,"relics_obtained":[{"floor":6.0,"key":"Whetstone"},{"floor":8.0,"key":"Letter Opener"},{"floor":9.0,"key":"Vajra"},{"floor":15.0,"key":"Tingsha"},{"floor":23.0,"key":"Matryoshka"},{"floor":26.0,"key":"Potion Belt"},{"floor":26.0,"key":"Anchor"},{"floor":27.0,"key":"Bottled Tornado"},{"floor":28.0,"key":"Tiny Chest"}],"event_choices":[{"cards_removed":["Doubt"],"damage_healed":0.0,"max_hp_gain":0.0,"max_hp_loss":0.0,"gold_gain":0.0,"event_name":"Golden Wing","player_choice":"Card Removal","floor":2.0,"gold_loss":0.0,"damage_taken":7.0},{"damage_healed":0.0,"max_hp_gain":0.0,"max_hp_loss":0.0,"gold_gain":75.0,"event_name":"World of Goop","player_choice":"Gather Gold","floor":7.0,"gold_loss":0.0,"damage_taken":11.0},{"damage_healed":0.0,"max_hp_gain":0.0,"max_hp_loss":0.0,"gold_gain":0.0,"event_name":"Dead Adventurer","player_choice":"Searched \u00270\u0027 times","floor":11.0,"gold_loss":0.0,"damage_taken":0.0},{"damage_healed":0.0,"max_hp_gain":0.0,"max_hp_loss":0.0,"gold_gain":0.0,"event_name":"FaceTrader","player_choice":"Leave","floor":13.0,"gold_loss":0.0,"damage_taken":0.0},{"damage_healed":0.0,"max_hp_gain":0.0,"max_hp_loss":20.0,"gold_gain":0.0,"event_name":"Vampires","player_choice":"Became a vampire","floor":21.0,"gold_loss":0.0,"damage_taken":0.0,"cards_obtained":["Bite","Bite","Bite","Bite","Bite"]},{"damage_healed":0.0,"max_hp_gain":0.0,"max_hp_loss":0.0,"gold_gain":0.0,"event_name":"Drug Dealer","player_choice":"Inject Mutagens","floor":22.0,"gold_loss":0.0,"damage_taken":0.0,"relics_obtained":["MutagenicStrength"]},{"damage_healed":0,"gold_gain":0,"player_choice":"Simplicity","damage_taken":0,"max_hp_gain":0,"max_hp_loss":0,"event_name":"Back to Basics","floor":31,"gold_loss":0,"cards_upgraded":["Defend_G","Defend_G","Defend_G","Defend_G","Defend_G"]}],"is_beta":false,"boss_relics":[{"not_picked":["Coffee Dripper","Velvet Choker"],"picked":"Runic Pyramid"}],"items_purged_floors":[],"is_endless":false,"potions_floor_spawned":[4,5,14,29,30],"killed_by":"Champ","ascension_level":18}