{"gold_per_floor":[109,109,120,44,62,62,95,95,122,122,137,137,137,157,157,157],"floor_reached":16,"playtime":530,"items_purged":[],"score":150,"play_id":"e34233e4-d312-40dd-9bf7-d1d410b5d1d0","local_time":"20190324201342","is_ascension_mode":true,"campfire_choices":[{"data":"Wraith Form v2","floor":6,"key":"SMITH"},{"floor":8,"key":"REST"},{"data":"Leg Sweep","floor":10,"key":"SMITH"},{"data":"Blade Dance","floor":13,"key":"SMITH"},{"floor":15,"key":"REST"}],"neow_cost":"NONE","seed_source_timestamp":340255663385700,"circlet_count":0,"master_deck":["AscendersBane","Defend_G","Defend_G","Defend_G","Defend_G","Defend_G","Strike_G","Strike_G","Strike_G","Strike_G","Survivor","Neutralize","PiercingWail","Leg Sweep+1","Blade Dance+1","Sucker Punch","Wraith Form v2+1","Poisoned Stab","Infinite Blades"],"relics":["Ring of the Snake","NeowsBlessing","Orichalcum","Juzu Bracelet"],"potions_floor_usage":[16,16,16],"damage_taken":[{"damage":0,"enemies":"Jaw Worm","floor":1,"turns":1},{"damage":0,"enemies":"Cultist","floor":3,"turns":1},{"damage":0,"enemies":"Small Slimes","floor":5,"turns":2},{"damage":58,"enemies":"Gremlin Nob","floor":7,"turns":8},{"damage":1,"enemies":"Exordium Thugs","floor":11,"turns":7},{"damage":1,"enemies":"2 Fungi Beasts","floor":14,"turns":5},{"damage":44,"enemies":"Slime Boss","floor":16,"turns":12}],"seed_played":"1806569765091866456","potions_obtained":[{"floor":1,"key":"Ancient Potion"},{"floor":11,"key":"Dexterity Potion"},{"floor":14,"key":"GhostInAJar"}],"is_trial":false,"path_per_floor":["M","?","M","$","M","R","E","R","T","R","M","?","R","M","R","B"],"character_chosen":"THE_SILENT","items_purchased":["Blade Dance","Sucker Punch"],"campfire_rested":2,"item_purchase_floors":[4,4],"current_hp_per_floor":[63,63,63,63,63,63,5,26,26,26,25,22,22,21,42,0],"gold":157,"neow_bonus":"THREE_ENEMY_KILL","is_prod":false,"is_daily":false,"chose_seed":false,"campfire_upgraded":3,"win_rate":0,"timestamp":1553472822,"path_taken":["M","?","M","$","?","R","E","R","T","R","M","?","R","M","R","BOSS"],"build_version":"2019-01-23","purchased_purges":0,"victory":false,"max_hp_per_floor":[70,70,70,70,70,70,70,70,70,70,70,70,70,70,70,70],"card_choices":[{"not_picked":["Flying Knee","Calculated Gamble"],"picked":"PiercingWail","floor":1},{"not_picked":["Noxious Fumes","Acrobatics"],"picked":"Leg Sweep","floor":3},{"not_picked":["Acrobatics","PiercingWail"],"picked":"Wraith Form v2","floor":5},{"not_picked":["Setup","Phantasmal Killer"],"picked":"Poisoned Stab","floor":7},{"not_picked":["Underhanded Strike","Deflect","Slice"],"picked":"SKIP","floor":11},{"not_picked":["Flying Knee","Sucker Punch"],"picked":"Infinite Blades","floor":14}],"player_experience":350731,"relics_obtained":[{"floor":7,"key":"Orichalcum"},{"floor":9,"key":"Juzu Bracelet"}],"event_choices":[{"cards_removed":["Strike_G"],"damage_healed":0,"gold_gain":0,"player_choice":"Purged","damage_taken":0,"max_hp_gain":0,"max_hp_loss":0,"event_name":"Purifier","floor":2,"gold_loss":0},{"damage_healed":0,"gold_gain":0,"player_choice":"Fled","damage_taken":3,"max_hp_gain":0,"max_hp_loss":0,"event_name":"Scrap Ooze","floor":12,"gold_loss":0}],"is_beta":false,"boss_relics":[],"items_purged_floors":[],"is_endless":false,"potions_floor_spawned":[1,11,14],"killed_by":"Slime Boss","ascension_level":10}