{"gold_per_floor":[119,132,151,151,168,168,186,186,186,221,74,96,96,66,66,162,162,87,87,2,17,36,36,61,61,85,95,95,20,30,44,44,140,190,208,220,237,252,69,99,99,126,126,26,42,54,5,5,5,5,5,5,5,39,39],"floor_reached":56,"playtime":5731,"items_purged":["Decay","Pain"],"score":1737,"play_id":"cedfa4e4-f0ac-4684-9eb0-a4faa7a5156c","local_time":"20190612002524","is_ascension_mode":true,"campfire_choices":[{"floor":6.0,"key":"REST"},{"data":"Noxious Fumes","floor":8.0,"key":"SMITH"},{"floor":15.0,"key":"REST"},{"data":"RitualDagger","floor":23.0,"key":"SMITH"},{"data":"Adrenaline","floor":25.0,"key":"SMITH"},{"data":"Neutralize","floor":32.0,"key":"SMITH"},{"floor":41.0,"key":"RECALL"},{"floor":49.0,"key":"REST"},{"data":"After Image","floor":52.0,"key":"SMITH"}],"neow_cost":"NONE","seed_source_timestamp":0,"circlet_count":0,"master_deck":["AscendersBane","Defend_G","Defend_G","Defend_G","Defend_G","Defend_G","Survivor","Neutralize+1","After Image+1","Footwork+1","PiercingWail","Noxious Fumes+1","Backflip","Deflect","Leg Sweep","Bouncing Flask","Blur","Adrenaline+1","Bouncing Flask","RitualDagger+1","Cloak And Dagger+1","Leg Sweep+1","Heel Hook+1","Backflip+1","Bite","Bite+1","Bite","Bite","Bite","Deadly Poison+1","Catalyst+1","Malaise+1","Terror+1","PiercingWail+1","Parasite","Footwork+1","Apotheosis+1","Adrenaline+1","Blur+1","PiercingWail+1"],"special_seed":0,"relics":["Ring of the Snake","Dodecahedron","Bottled Tornado","FossilizedHelix","Happy Flower","Odd Mushroom","Cursed Key","Toxic Egg 2","Meat on the Bone","Orichalcum","Tiny House","Bird Faced Urn","Bottled Flame","Pen Nib"],"potions_floor_usage":[],"damage_taken":[{"damage":0.0,"enemies":"Jaw Worm","floor":1.0,"turns":6.0},{"damage":1.0,"enemies":"2 Louse","floor":2.0,"turns":5.0},{"damage":0.0,"enemies":"Small Slimes","floor":3.0,"turns":6.0},{"damage":0.0,"enemies":"2 Fungi Beasts","floor":5.0,"turns":5.0},{"damage":8.0,"enemies":"Exordium Wildlife","floor":7.0,"turns":6.0},{"damage":7.0,"enemies":"Lagavulin","floor":10.0,"turns":8.0},{"damage":10.0,"enemies":"The Mushroom Lair","floor":12.0,"turns":5.0},{"damage":0.0,"enemies":"Looter","floor":14.0,"turns":4.0},{"damage":20.0,"enemies":"Slime Boss","floor":16.0,"turns":14.0},{"damage":0.0,"enemies":"2 Thieves","floor":18.0,"turns":5.0},{"damage":0.0,"enemies":"Spheric Guardian","floor":21.0,"turns":4.0},{"damage":0.0,"enemies":"Cultist and Chosen","floor":22.0,"turns":7.0},{"damage":5.0,"enemies":"Book of Stabbing","floor":24.0,"turns":7.0},{"damage":0.0,"enemies":"Snecko","floor":27.0,"turns":7.0},{"damage":4.0,"enemies":"3 Cultists","floor":30.0,"turns":7.0},{"damage":0.0,"enemies":"Snake Plant","floor":31.0,"turns":5.0},{"damage":8.0,"enemies":"Automaton","floor":33.0,"turns":8.0},{"damage":0.0,"enemies":"Orb Walker","floor":35.0,"turns":2.0},{"damage":8.0,"enemies":"3 Darklings","floor":36.0,"turns":5.0},{"damage":21.0,"enemies":"Sphere and 2 Shapes","floor":37.0,"turns":5.0},{"damage":0.0,"enemies":"Writhing Mass","floor":38.0,"turns":7.0},{"damage":22.0,"enemies":"Giant Head","floor":40.0,"turns":10.0},{"damage":40.0,"enemies":"Reptomancer","floor":42.0,"turns":9.0},{"damage":0.0,"enemies":"3 Darklings","floor":45.0,"turns":5.0},{"damage":22.0,"enemies":"Sphere and 2 Shapes","floor":46.0,"turns":5.0},{"damage":1.0,"enemies":"Time Eater","floor":50.0,"turns":16.0},{"damage":29.0,"enemies":"Shield and Spear","floor":54.0,"turns":10.0},{"damage":68,"enemies":"The Heart","floor":55,"turns":12}],"seed_played":"-9210295960730718857","potions_obtained":[{"floor":1.0,"key":"Dexterity Potion"},{"floor":3.0,"key":"GhostInAJar"},{"floor":22.0,"key":"Energy Potion"},{"floor":34.0,"key":"EssenceOfSteel"},{"floor":37.0,"key":"EssenceOfSteel"},{"floor":38.0,"key":"Poison Potion"},{"floor":45.0,"key":"Explosive Potion"},{"floor":46.0,"key":"SteroidPotion"}],"is_trial":false,"path_per_floor":["M","M","M","?","M","R","M","R","T","E","$","?","?","M","R","B",null,"M","?","?","M","M","R","E","R","T","M","?","$","M","M","R","B",null,"M","M","M","M","$","E","R","E","T","$","M","M","$","?","R","B",null,"R","$","E","B",null],"character_chosen":"THE_SILENT","items_purchased":["Happy Flower","Apotheosis+1","Dexterity Potion"],"campfire_rested":3,"item_purchase_floors":[11,39,47],"current_hp_per_floor":[63,62,62,44,44,65,57,57,57,50,50,40,40,40,61,41,63,63,57,57,57,57,57,52,52,52,52,49,49,49,49,49,47,54,54,48,38,50,50,35,35,32,32,32,46,37,37,37,53,54,54,54,54,44,21],"gold":39,"neow_bonus":"ONE_RANDOM_RARE_CARD","is_prod":false,"is_daily":false,"chose_seed":false,"campfire_upgraded":5,"win_rate":0,"timestamp":1560313524,"path_taken":["M","M","M","?","M","R","M","R","T","E","$","?","?","M","R","BOSS","M","?","?","M","M","R","E","R","T","M","?","$","?","M","R","BOSS","M","M","M","M","$","E","R","E","T","$","M","M","$","?","R","BOSS","R","$","E","BOSS"],"build_version":"2019-01-23","purchased_purges":2,"victory":true,"max_hp_per_floor":[70,70,70,70,70,70,70,70,70,70,70,70,70,70,70,70,70,70,70,70,70,70,70,70,70,70,70,49,49,49,49,49,49,54,54,54,54,54,54,54,54,54,54,54,54,54,54,54,54,54,54,54,54,54,54],"card_choices":[{"not_picked":["Tactician","Acrobatics"],"picked":"Footwork","floor":1.0},{"not_picked":["Dagger Spray","Outmaneuver"],"picked":"PiercingWail","floor":2.0},{"not_picked":["Poisoned Stab","Prepared"],"picked":"Noxious Fumes","floor":3.0},{"not_picked":["Flying Knee","Distraction"],"picked":"Backflip","floor":5.0},{"not_picked":["Dagger Throw","Acrobatics"],"picked":"Deflect","floor":7.0},{"not_picked":["Deflect","Bullet Time"],"picked":"Leg Sweep","floor":10.0},{"not_picked":["Blade Dance","Outmaneuver"],"picked":"Bouncing Flask","floor":12.0},{"not_picked":["Distraction","Deflect"],"picked":"Blur","floor":14.0},{"not_picked":["Unload","Night Terror"],"picked":"Adrenaline","floor":16.0},{"not_picked":["Finisher","Flechettes"],"picked":"Bouncing Flask","floor":18.0},{"not_picked":["Finisher","Distraction+1"],"picked":"Cloak And Dagger+1","floor":21.0},{"not_picked":["Quick Slash","Blade Dance+1"],"picked":"Leg Sweep+1","floor":22.0},{"not_picked":["Tactician+1","Accuracy"],"picked":"Heel Hook+1","floor":24.0},{"not_picked":["Expertise+1","Acrobatics+1"],"picked":"Backflip+1","floor":27.0},{"not_picked":["Flechettes+1","Prepared+1"],"picked":"Deadly Poison+1","floor":30.0},{"not_picked":["Backflip+1","Cloak And Dagger+1"],"picked":"Catalyst+1","floor":31.0},{"not_picked":["Corpse Explosion+1","Envenom"],"picked":"Malaise+1","floor":33.0},{"not_picked":["Flechettes+1","Quick Slash"],"picked":"Terror+1","floor":34.0},{"not_picked":["Heel Hook","Eviscerate","Outmaneuver+1"],"picked":"SKIP","floor":35.0},{"not_picked":["Infinite Blades+1","Calculated Gamble+1","Prepared+1"],"picked":"SKIP","floor":36.0},{"not_picked":["Underhanded Strike+1","Dodge and Roll+1"],"picked":"PiercingWail+1","floor":37.0},{"not_picked":["Eviscerate","Sucker Punch"],"picked":"Footwork+1","floor":38.0},{"not_picked":["Reflex+1","Poisoned Stab+1","Choke"],"picked":"SKIP","floor":40.0},{"not_picked":["Leg Sweep+1","Acrobatics+1"],"picked":"Adrenaline+1","floor":42.0},{"not_picked":["Infinite Blades","Well Laid Plans","Choke+1"],"picked":"SKIP","floor":45.0},{"not_picked":["Backflip+1","Blade Dance+1","Dagger Spray+1"],"picked":"SKIP","floor":46.0},{"not_picked":["Backflip+1","Slice+1","PiercingWail+1"],"picked":"SKIP","floor":54.0},{"not_picked":["Backflip+1","Slice+1"],"picked":"PiercingWail+1","floor":54.0}],"player_experience":299635,"relics_obtained":[{"floor":9.0,"key":"Bottled Tornado"},{"floor":10.0,"key":"FossilizedHelix"},{"floor":12.0,"key":"Odd Mushroom"},{"floor":24.0,"key":"Meat on the Bone"},{"floor":26.0,"key":"Orichalcum"},{"floor":40.0,"key":"Bird Faced Urn"},{"floor":42.0,"key":"Bottled Flame"},{"floor":54.0,"key":"Pen Nib"}],"event_choices":[{"damage_healed":0.0,"max_hp_gain":0.0,"max_hp_loss":0.0,"gold_gain":0.0,"event_name":"Scrap Ooze","player_choice":"Success","floor":4.0,"gold_loss":0.0,"damage_taken":18.0,"relics_obtained":["Dodecahedron"]},{"damage_healed":0.0,"max_hp_gain":0.0,"max_hp_loss":0.0,"gold_gain":0.0,"event_name":"Mushrooms","player_choice":"Fought Mushrooms","floor":12.0,"gold_loss":0.0,"damage_taken":0.0},{"damage_healed":0.0,"max_hp_gain":0.0,"max_hp_loss":0.0,"gold_gain":0.0,"event_name":"Living Wall","player_choice":"Grow","floor":13.0,"gold_loss":0.0,"damage_taken":0.0,"cards_upgraded":["Footwork"]},{"damage_healed":0.0,"max_hp_gain":0.0,"max_hp_loss":0.0,"gold_gain":0.0,"event_name":"Nest","player_choice":"Joined the Cult","floor":19.0,"gold_loss":0.0,"damage_taken":6.0,"cards_obtained":["RitualDagger"]},{"damage_healed":0.0,"max_hp_gain":0.0,"max_hp_loss":0.0,"gold_gain":0.0,"event_name":"Addict","player_choice":"Obtained Relic","floor":20.0,"gold_loss":85.0,"damage_taken":0.0,"relics_obtained":["Toxic Egg 2"]},{"damage_healed":0.0,"max_hp_gain":0.0,"max_hp_loss":21.0,"gold_gain":0.0,"event_name":"Vampires","player_choice":"Became a vampire","floor":28.0,"gold_loss":0.0,"damage_taken":0.0,"cards_obtained":["Bite","Bite","Bite","Bite","Bite"]},{"damage_healed":0.0,"max_hp_gain":0.0,"max_hp_loss":0.0,"gold_gain":0.0,"event_name":"Duplicator","player_choice":"Copied","floor":48.0,"gold_loss":0.0,"damage_taken":0.0,"cards_obtained":["Blur"]}],"is_beta":false,"boss_relics":[{"not_picked":["Velvet Choker","Fusion Hammer"],"picked":"Cursed Key"},{"not_picked":["Black Star","Snecko Eye"],"picked":"Tiny House"}],"items_purged_floors":[29,44],"is_endless":false,"potions_floor_spawned":[1,3,7,10,22,24,30,31,36,37,38,45,46],"ascension_level":11}