{"gold_per_floor":[11,24,50,68,82,82,112,112,162,162,44,77,94,120,120,199,199,212,223,273,292,292,292,217,236,259,259,279,279,56,56,56,133,133,153,153,163,163,216,216,216,216,242,242,242,253,253,92,92,92,92,92,92,9,43,43],"floor_reached":57,"playtime":2981,"items_purged":["Strike_B"],"score":2642,"play_id":"d0d1a96e-2969-4a28-93f3-283543d80a91","local_time":"20181130170026","is_ascension_mode":true,"campfire_choices":[{"data":"Defragment","floor":6.0,"key":"SMITH"},{"data":"Defragment","floor":8.0,"key":"SMITH"},{"data":"Zap","floor":10.0,"key":"SMITH"},{"data":"Storm","floor":15.0,"key":"SMITH"},{"data":"Heatsinks","floor":23.0,"key":"SMITH"},{"data":"Amplify","floor":27.0,"key":"SMITH"},{"data":"Loop","floor":29.0,"key":"SMITH"},{"floor":32.0,"key":"REST"},{"data":"Storm","floor":40.0,"key":"SMITH"},{"data":"Chill","floor":42.0,"key":"SMITH"},{"floor":45.0,"key":"RECALL"},{"data":"Defend_B","floor":47.0,"key":"PURGE"},{"floor":49.0,"key":"REST"},{"data":"Defend_B","floor":53.0,"key":"PURGE"}],"neow_cost":"NO_GOLD","seed_source_timestamp":144424301780793,"circlet_count":0,"master_deck":["AscendersBane","Defend_B","Zap+1","Cold Snap","Reboot","Defragment+1","Chill+1","Defragment+1","Storm+1","Chill","Hello World","Loop+1","Amplify+1","Force Field+1","Redo+1","Storm+1","Auto Shields","Glacier","Heatsinks+1","Seek","Steam Power","Chill","Turbo","Creative AI","Storm+1","Capacitor","Dark Shackles","Hologram","Force Field","Storm","Glacier"],"special_seed":0,"relics":["Cracked Core","WingedGreaves","Dream Catcher","Ancient Tea Set","DataDisk","Peace Pipe","Astrolabe","Strawberry","PreservedInsect","Nuclear Battery","Bird Faced Urn","Bronze Scales","Pantograph"],"potions_floor_usage":[56],"damage_taken":[{"damage":6.0,"enemies":"Cultist","floor":1.0,"turns":3.0},{"damage":4.0,"enemies":"2 Louse","floor":2.0,"turns":4.0},{"damage":0.0,"enemies":"Small Slimes","floor":4.0,"turns":3.0},{"damage":2.0,"enemies":"Exordium Thugs","floor":5.0,"turns":4.0},{"damage":13.0,"enemies":"Gremlin Nob","floor":7.0,"turns":3.0},{"damage":2.0,"enemies":"Lagavulin","floor":12.0,"turns":7.0},{"damage":6.0,"enemies":"Red Slaver","floor":13.0,"turns":2.0},{"damage":16.0,"enemies":"Gremlin Nob","floor":14.0,"turns":5.0},{"damage":0.0,"enemies":"Hexaghost","floor":16.0,"turns":6.0},{"damage":0.0,"enemies":"Chosen","floor":18.0,"turns":2.0},{"damage":12.0,"enemies":"3 Byrds","floor":19.0,"turns":3.0},{"damage":0.0,"enemies":"Snake Plant","floor":21.0,"turns":2.0},{"damage":0.0,"enemies":"Centurion and Healer","floor":25.0,"turns":2.0},{"damage":26.0,"enemies":"Shelled Parasite and Fungi","floor":28.0,"turns":3.0},{"damage":4.0,"enemies":"Champ","floor":33.0,"turns":10.0},{"damage":24.0,"enemies":"3 Darklings","floor":35.0,"turns":2.0},{"damage":0.0,"enemies":"Orb Walker","floor":37.0,"turns":3.0},{"damage":5.0,"enemies":"2 Orb Walkers","floor":39.0,"turns":3.0},{"damage":22.0,"enemies":"Jaw Worm Horde","floor":46.0,"turns":3.0},{"damage":25.0,"enemies":"Time Eater","floor":50.0,"turns":7.0},{"damage":17.0,"enemies":"Donu and Deca","floor":51.0,"turns":5.0},{"damage":33.0,"enemies":"Shield and Spear","floor":55.0,"turns":5.0},{"damage":88,"enemies":"The Heart","floor":56,"turns":9}],"seed_played":"8249713869746304664","potions_obtained":[{"floor":4.0,"key":"Swift Potion"},{"floor":5.0,"key":"Fire Potion"},{"floor":12.0,"key":"Strength Potion"},{"floor":13.0,"key":"SteroidPotion"},{"floor":33.0,"key":"AttackPotion"},{"floor":36.0,"key":"Swift Potion"},{"floor":36.0,"key":"Poison Potion"},{"floor":37.0,"key":"AttackPotion"},{"floor":46.0,"key":"Explosive Potion"}],"is_trial":false,"path_per_floor":["M","M","T","M","M","R","E","R","T","R","$","E","M","E","R","B",null,"M","M","?","M","?","R","?","M","T","R","M","M","R","$","?","R","B",null,"M","?","M","?","?","R","?","R","T","$","R","M","R","$","R","B","B",null,"R","$","E","B",null],"character_chosen":"DEFECT","items_purchased":["Storm","PreservedInsect","Turbo","Force Field","Storm","GamblersBrew"],"campfire_rested":2,"item_purchase_floors":[11,30,30,48,48,54],"current_hp_per_floor":[58,54,54,54,52,52,39,39,39,39,39,37,31,15,15,15,57,57,45,38,38,38,38,38,38,45,45,19,19,19,8,31,27,65,41,41,41,41,36,36,36,36,36,36,36,34,34,34,57,62,69,76,76,76,55,16],"gold":43,"neow_bonus":"ONE_RARE_RELIC","is_prod":false,"is_daily":false,"chose_seed":false,"campfire_upgraded":9,"win_rate":0,"timestamp":1543593626,"path_taken":["M","M","?","M","M","R","E","R","T","R","$","E","M","E","R","BOSS","M","M","?","?","?","R","?","?","T","R","M","R","$","?","R","BOSS","M","?","?","?","?","R","?","R","T","$","R","?","R","$","R","BOSS","BOSS","R","$","E","BOSS"],"build_version":"2018-11-15","purchased_purges":1,"victory":true,"max_hp_per_floor":[71,71,71,71,71,71,71,71,71,71,71,71,71,71,71,71,71,71,71,71,71,71,71,71,71,78,78,78,78,78,78,78,78,78,78,78,78,78,78,78,78,78,78,78,78,78,78,78,78,78,78,78,78,78,78,78],"card_choices":[{"not_picked":["Turbo","Hologram"],"picked":"Cold Snap","floor":1.0},{"not_picked":["Sweeping Beam","Rip and Tear"],"picked":"Reboot","floor":2.0},{"not_picked":["Rebound","Turbo"],"picked":"Defragment","floor":4.0},{"not_picked":["Turbo","Lockon"],"picked":"Chill","floor":5.0},{"not_picked":["Redo","Streamline"],"picked":"Defragment","floor":7.0},{"not_picked":["Multi-Cast","Streamline"],"picked":"Chill","floor":12.0},{"not_picked":["Leap","Cold Snap"],"picked":"Hello World","floor":13.0},{"not_picked":["Skim","Cold Snap"],"picked":"Loop","floor":14.0},{"not_picked":["Hyperbeam","All For One"],"picked":"Amplify","floor":16.0},{"not_picked":["Redo","Leap"],"picked":"Auto Shields","floor":18.0},{"not_picked":["Barrage+1","Sweeping Beam+1"],"picked":"Glacier","floor":19.0},{"not_picked":["Aggregate","Skim","Darkness"],"picked":"SKIP","floor":21.0},{"not_picked":["Conserve Battery","Beam Cell"],"picked":"Chill","floor":25.0},{"not_picked":["Cold Snap","Rebound","Conserve Battery"],"picked":"SKIP","floor":28.0},{"not_picked":["Buffer","Fission"],"picked":"Creative AI","floor":33.0},{"not_picked":["Turbo","Heatsinks"],"picked":"Storm","floor":35.0},{"not_picked":["Static Discharge","Rebound","Reprogram"],"picked":"SKIP","floor":37.0},{"not_picked":["FTL","Hologram+1"],"picked":"Capacitor","floor":39.0},{"not_picked":["Discovery","Dramatic Entrance"],"picked":"Dark Shackles","floor":41.0},{"not_picked":["Sweeping Beam","Rip and Tear"],"picked":"Hologram","floor":46.0},{"not_picked":["Streamline+1","Barrage"],"picked":"Glacier","floor":49.0},{"not_picked":["Barrage+1","Gash","Undo+1"],"picked":"SKIP","floor":55.0}],"player_experience":1120476,"relics_obtained":[{"floor":7.0,"key":"Dream Catcher"},{"floor":9.0,"key":"Ancient Tea Set"},{"floor":12.0,"key":"DataDisk"},{"floor":14.0,"key":"Peace Pipe"},{"floor":26.0,"key":"Strawberry"},{"floor":39.0,"key":"Bird Faced Urn"},{"floor":43.0,"key":"Bronze Scales"},{"floor":55.0,"key":"Pantograph"}],"event_choices":[{"damage_healed":0.0,"max_hp_gain":0.0,"max_hp_loss":0.0,"gold_gain":50.0,"event_name":"FaceTrader","player_choice":"Touch","floor":20.0,"gold_loss":0.0,"damage_taken":7.0},{"damage_healed":0.0,"max_hp_gain":0.0,"max_hp_loss":0.0,"gold_gain":0.0,"event_name":"The Library","player_choice":"Read","floor":22.0,"gold_loss":0.0,"damage_taken":0.0,"cards_obtained":["Heatsinks"]},{"damage_healed":0.0,"max_hp_gain":0.0,"max_hp_loss":0.0,"gold_gain":0.0,"cards_transformed":["Defend_B","Dualcast"],"event_name":"Designer","player_choice":"Transformed Cards","floor":24.0,"gold_loss":75.0,"damage_taken":0.0,"cards_obtained":["Seek","Steam Power"]},{"damage_healed":0.0,"max_hp_gain":0.0,"max_hp_loss":0.0,"gold_gain":0.0,"event_name":"Wheel of Change","player_choice":"Damaged","floor":31.0,"gold_loss":0.0,"damage_taken":11.0},{"damage_healed":0.0,"max_hp_gain":0.0,"max_hp_loss":0.0,"gold_gain":0.0,"event_name":"Lab","player_choice":"Got Potions","floor":36.0,"gold_loss":0.0,"damage_taken":0.0},{"damage_healed":0.0,"max_hp_gain":0.0,"max_hp_loss":0.0,"gold_gain":0.0,"event_name":"Tomb of Lord Red Mask","player_choice":"Ignored","floor":38.0,"gold_loss":0.0,"damage_taken":0.0},{"damage_healed":0.0,"max_hp_gain":0.0,"max_hp_loss":0.0,"gold_gain":0.0,"event_name":"Mysterious Sphere","player_choice":"Fight","floor":39.0,"gold_loss":0.0,"damage_taken":0.0},{"damage_healed":0.0,"max_hp_gain":0.0,"max_hp_loss":0.0,"gold_gain":0.0,"event_name":"SensoryStone","player_choice":"Memory 1","floor":41.0,"gold_loss":0.0,"damage_taken":0.0}],"is_beta":true,"boss_relics":[{"not_picked":["Pandora\u0027s Box","Fusion Hammer"],"picked":"Astrolabe"},{"not_picked":["Black Star","Lizard Tail"],"picked":"Nuclear Battery"}],"items_purged_floors":[11],"is_endless":false,"potions_floor_spawned":[4,5,12,13,14,16,19,33,37,46],"ascension_level":20}