{"gold_per_floor":[112,132,132,132,4,4,31,31,111,111,111,122,152,172,172,249,249,228,228,141,31,50,50,80,97,97,111,111,111,143,154,154,227,227,241,251,251,99,116,143,154,180,180,180,180,195,195,215,215,215,215,215,215,6,36,36],"floor_reached":56,"playtime":5071,"items_purged":["Strike_G","Setup","Finisher"],"score":2085,"play_id":"3108b6a3-e2c7-46cc-a014-456e821ec834","local_time":"20190614170422","is_ascension_mode":true,"campfire_choices":[{"data":"Noxious Fumes","floor":6.0,"key":"SMITH"},{"data":"Neutralize","floor":8.0,"key":"SMITH"},{"data":"Quick Slash","floor":11.0,"key":"SMITH"},{"data":"Strike_G","floor":15.0,"key":"SMITH"},{"data":"Deadly Poison","floor":23.0,"key":"SMITH"},{"floor":29.0,"key":"REST"},{"floor":32.0,"key":"REST"},{"data":"Wraith Form v2","floor":45.0,"key":"SMITH"},{"floor":47.0,"key":"RECALL"},{"floor":49.0,"key":"REST"},{"data":"Well Laid Plans","floor":53.0,"key":"SMITH"}],"neow_cost":"PERCENT_DAMAGE","seed_source_timestamp":149642505276608,"circlet_count":0,"master_deck":["AscendersBane","Survivor","Neutralize+1","Noxious Fumes+1","PiercingWail","Quick Slash+1","Adrenaline","Dagger Spray+1","Well Laid Plans+1","Footwork","Deadly Poison+1","Footwork","Deadly Poison+1","Escape Plan","Necronomicurse","Tools of the Trade","Envenom","Adrenaline","Calculated Gamble","Crippling Poison","Dash+1","Backflip","Prepared+1","Wraith Form v2+1","Dodge and Roll+1"],"special_seed":0,"relics":["Ring of the Snake","FossilizedHelix","PreservedInsect","Mummified Hand","Singing Bowl","WarpedTongs","Matryoshka","Empty Cage","Snake Skull","Juzu Bracelet","Bronze Scales","Necronomicon","Lantern","Pandora\u0027s Box","Orichalcum","Blue Candle","Whetstone","Letter Opener"],"potions_floor_usage":[],"damage_taken":[{"damage":1.0,"enemies":"Jaw Worm","floor":1.0,"turns":8.0},{"damage":0.0,"enemies":"2 Louse","floor":2.0,"turns":3.0},{"damage":2.0,"enemies":"3 Sentries","floor":7.0,"turns":7.0},{"damage":6.0,"enemies":"Cultist","floor":12.0,"turns":4.0},{"damage":1.0,"enemies":"Lagavulin","floor":13.0,"turns":7.0},{"damage":10.0,"enemies":"3 Louse","floor":14.0,"turns":3.0},{"damage":22.0,"enemies":"Hexaghost","floor":16.0,"turns":11.0},{"damage":0.0,"enemies":"2 Thieves","floor":18.0,"turns":4.0},{"damage":0.0,"enemies":"Chosen","floor":22.0,"turns":4.0},{"damage":16.0,"enemies":"Slavers","floor":24.0,"turns":4.0},{"damage":0.0,"enemies":"Centurion and Healer","floor":25.0,"turns":5.0},{"damage":13.0,"enemies":"3 Cultists","floor":27.0,"turns":5.0},{"damage":3.0,"enemies":"Gremlin Leader","floor":30.0,"turns":5.0},{"damage":4.0,"enemies":"Shelled Parasite and Fungi","floor":31.0,"turns":4.0},{"damage":0.0,"enemies":"Champ","floor":33.0,"turns":12.0},{"damage":0.0,"enemies":"Orb Walker","floor":35.0,"turns":3.0},{"damage":0.0,"enemies":"3 Shapes","floor":36.0,"turns":5.0},{"damage":0.0,"enemies":"Writhing Mass","floor":39.0,"turns":5.0},{"damage":0.0,"enemies":"Nemesis","floor":40.0,"turns":5.0},{"damage":0.0,"enemies":"4 Shapes","floor":41.0,"turns":4.0},{"damage":39.0,"enemies":"Reptomancer","floor":42.0,"turns":4.0},{"damage":0.0,"enemies":"3 Darklings","floor":46.0,"turns":4.0},{"damage":6.0,"enemies":"Writhing Mass","floor":48.0,"turns":6.0},{"damage":32.0,"enemies":"Time Eater","floor":50.0,"turns":14.0},{"damage":5.0,"enemies":"Donu and Deca","floor":51.0,"turns":11.0},{"damage":59.0,"enemies":"Shield and Spear","floor":55.0,"turns":7.0},{"damage":48,"enemies":"The Heart","floor":56,"turns":3}],"seed_played":"7974759665803073787","potions_obtained":[{"floor":1.0,"key":"GamblersBrew"},{"floor":7.0,"key":"EssenceOfSteel"},{"floor":18.0,"key":"Regen Potion"},{"floor":31.0,"key":"AttackPotion"},{"floor":36.0,"key":"SteroidPotion"},{"floor":40.0,"key":"Weak Potion"},{"floor":44.0,"key":"EntropicBrew"},{"floor":44.0,"key":"SpeedPotion"},{"floor":48.0,"key":"Ancient Potion"}],"is_trial":false,"path_per_floor":["M","M","?","?","$","R","E","R","T","?","R","M","E","M","R","B",null,"M","?","$","$","M","R","E","M","T","M","?","R","E","M","R","B",null,"M","M","?","$","M","E","M","E","T","?","R","M","R","M","R","B","B",null,"R","$","E","B"],"character_chosen":"THE_SILENT","items_purchased":["PiercingWail","Well Laid Plans","Footwork","Deadly Poison","Backflip","Regen Potion"],"campfire_rested":3,"item_purchase_floors":[5,20,21,21,38,54],"current_hp_per_floor":[43,43,38,60,60,60,58,58,58,58,58,54,55,47,47,25,60,60,60,60,60,60,60,58,58,58,47,26,48,47,45,68,70,78,80,80,80,80,82,84,84,45,45,45,45,47,47,41,67,35,30,74,74,74,32,0],"gold":36,"neow_bonus":"ONE_RARE_RELIC","is_prod":false,"is_daily":false,"chose_seed":false,"campfire_upgraded":7,"win_rate":0,"timestamp":1560524662,"path_taken":["M","M","?","?","?","R","E","R","T","?","R","?","E","M","R","BOSS","M","?","?","$","?","R","E","M","T","M","?","R","E","M","R","BOSS","M","M","?","$","M","E","M","E","T","?","R","M","R","M","R","BOSS","BOSS","R","$","E","BOSS"],"build_version":"2019-01-23","purchased_purges":3,"victory":false,"max_hp_per_floor":[66,66,66,66,66,66,66,66,66,66,66,68,70,72,72,72,72,72,72,72,72,72,72,72,72,72,74,74,74,76,78,78,80,80,82,82,82,82,84,86,86,86,86,86,86,88,88,88,88,88,88,88,88,88,90,90],"card_choices":[{"not_picked":["Riddle With Holes","Outmaneuver","Acrobatics"],"picked":"SKIP","floor":1.0},{"not_picked":["Reflex","Flechettes"],"picked":"Noxious Fumes","floor":2.0},{"not_picked":["Reflex","Finisher"],"picked":"Quick Slash","floor":7.0},{"not_picked":["Finisher","Bane","Blade Dance"],"picked":"Singing Bowl","floor":12.0},{"not_picked":["Eviscerate","Backflip","Infinite Blades"],"picked":"Singing Bowl","floor":13.0},{"not_picked":["Slice","Backflip","Dagger Throw"],"picked":"Singing Bowl","floor":14.0},{"not_picked":["Burst","Grand Finale"],"picked":"Adrenaline","floor":16.0},{"not_picked":["Prepared","Backstab"],"picked":"Dagger Spray","floor":18.0},{"not_picked":["PiercingWail","Infinite Blades"],"picked":"Footwork","floor":22.0},{"not_picked":["Finisher","Heel Hook"],"picked":"Deadly Poison+1","floor":24.0},{"not_picked":["Underhanded Strike","Predator"],"picked":"Escape Plan","floor":25.0},{"not_picked":["Expertise","Infinite Blades","Acrobatics"],"picked":"Singing Bowl","floor":27.0},{"not_picked":["Tactician","Infinite Blades+1","Poisoned Stab"],"picked":"Singing Bowl","floor":30.0},{"not_picked":["Cloak And Dagger","Backflip","Storm of Steel"],"picked":"Singing Bowl","floor":31.0},{"not_picked":["Phantasmal Killer","Storm of Steel","A Thousand Cuts"],"picked":"Singing Bowl","floor":33.0},{"not_picked":["All Out Attack","Outmaneuver","Quick Slash"],"picked":"Singing Bowl","floor":35.0},{"not_picked":["Outmaneuver","Sucker Punch"],"picked":"Dash","floor":36.0},{"not_picked":["Dagger Spray","Predator","Flechettes+1"],"picked":"Singing Bowl","floor":39.0},{"not_picked":["Sucker Punch","Blade Dance","Phantasmal Killer"],"picked":"Singing Bowl","floor":40.0},{"not_picked":["Outmaneuver","PiercingWail"],"picked":"Prepared+1","floor":41.0},{"not_picked":["All Out Attack","Terror"],"picked":"Wraith Form v2","floor":42.0},{"not_picked":["Backflip","Heel Hook","Skewer"],"picked":"Singing Bowl","floor":46.0},{"not_picked":["Infinite Blades+1","Crippling Poison"],"picked":"Dodge and Roll+1","floor":48.0},{"not_picked":["Eviscerate","Bouncing Flask+1","Riddle With Holes+1"],"picked":"Singing Bowl","floor":55.0}],"player_experience":879389,"relics_obtained":[{"floor":7.0,"key":"Mummified Hand"},{"floor":9.0,"key":"Singing Bowl"},{"floor":13.0,"key":"Matryoshka"},{"floor":24.0,"key":"Snake Skull"},{"floor":26.0,"key":"Juzu Bracelet"},{"floor":26.0,"key":"Bronze Scales"},{"floor":28.0,"key":"Necronomicon"},{"floor":30.0,"key":"Lantern"},{"floor":40.0,"key":"Orichalcum"},{"floor":42.0,"key":"Blue Candle"},{"floor":43.0,"key":"Whetstone"},{"floor":55.0,"key":"Letter Opener"}],"event_choices":[{"damage_healed":0.0,"max_hp_gain":0.0,"max_hp_loss":0.0,"gold_gain":0.0,"event_name":"Scrap Ooze","player_choice":"Success","floor":3.0,"gold_loss":0.0,"damage_taken":5.0,"relics_obtained":["PreservedInsect"]},{"damage_healed":22.0,"max_hp_gain":0.0,"max_hp_loss":0.0,"gold_gain":0.0,"event_name":"Big Fish","player_choice":"Banana","floor":4.0,"gold_loss":0.0,"damage_taken":0.0},{"damage_healed":0.0,"max_hp_gain":0.0,"max_hp_loss":0.0,"gold_gain":0.0,"event_name":"Accursed Blacksmith","player_choice":"Rummage","floor":10.0,"gold_loss":0.0,"damage_taken":0.0,"relics_obtained":["WarpedTongs"],"cards_obtained":["Pain"]},{"cards_removed":["Strike_G"],"damage_healed":0.0,"max_hp_gain":0.0,"max_hp_loss":0.0,"gold_gain":0.0,"event_name":"Bonfire Elementals","player_choice":"Offered Basic","floor":19.0,"gold_loss":0.0,"damage_taken":0.0},{"damage_healed":0.0,"max_hp_gain":0.0,"max_hp_loss":0.0,"gold_gain":0.0,"event_name":"Cursed Tome","player_choice":"Obtained Book","floor":28.0,"gold_loss":0.0,"damage_taken":21.0},{"damage_healed":0.0,"max_hp_gain":0.0,"max_hp_loss":0.0,"gold_gain":0.0,"event_name":"SecretPortal","player_choice":"Ignored","floor":37.0,"gold_loss":0.0,"damage_taken":0.0},{"damage_healed":0.0,"max_hp_gain":0.0,"max_hp_loss":0.0,"gold_gain":0.0,"event_name":"Lab","player_choice":"Got Potions","floor":44.0,"gold_loss":0.0,"damage_taken":0.0}],"is_beta":false,"boss_relics":[{"not_picked":["HoveringKite","Runic Dome"],"picked":"Empty Cage"},{"not_picked":["Snecko Eye","WristBlade"],"picked":"Pandora\u0027s Box"}],"items_purged_floors":[5,38,54],"is_endless":false,"potions_floor_spawned":[1,7,18,31,36,40,48],"killed_by":"The Heart","ascension_level":20}