{"gold_per_floor":[10,10,10,26,40,40,11,11,38,58,91,91,107,137,137,209,209,225,55,55,55,74,74,85,85,85,85,85,85,101,120,120,191,191,208,228,228,248,248,248,267,267,267,282,47,74,74,0,0,0,0],"floor_reached":52,"playtime":3449,"items_purged":["Strike_B","Strike_B"],"score":1880,"play_id":"126889fd-eac2-4b6a-b9f7-3732ddf0a184","local_time":"20181012075027","is_ascension_mode":true,"campfire_choices":[{"data":"Go for the Eyes","floor":6.0,"key":"SMITH"},{"data":"Streamline","floor":8.0,"key":"SMITH"},{"data":"Reinforced Body","floor":12.0,"key":"SMITH"},{"data":"Hologram","floor":15.0,"key":"SMITH"},{"data":"Hologram","floor":23.0,"key":"SMITH"},{"data":"Defragment","floor":25.0,"key":"SMITH"},{"floor":27.0,"key":"REST"},{"data":"Defend_B","floor":29.0,"key":"SMITH"},{"floor":32.0,"key":"REST"},{"floor":40.0,"key":"REST"},{"data":"Sunder","floor":47.0,"key":"SMITH"},{"floor":49.0,"key":"REST"}],"neow_cost":"NO_GOLD","seed_source_timestamp":24103548425009,"circlet_count":0,"master_deck":["Defend_B","Defend_B+1","Defend_B+1","Zap+1","Dualcast","AscendersBane","Go for the Eyes+1","Streamline+1","Cold Snap","Hologram+1","Compile Driver","Reinforced Body+1","Echo Form","All For One","Hologram+1","Defragment+1","Writhe","Leap+1","RitualDagger","Conserve Battery+1","Hologram+1","Electrodynamics","Glacier+1","Reinforced Body+1","Sunder+1","Capacitor"],"special_seed":0,"relics":["Cracked Core","Pen Nib","Lantern","Mango","Snecko Eye","Singing Bowl","StoneCalendar","Lizard Tail","Letter Opener","War Paint","Red Mask"],"potions_floor_usage":[50],"damage_taken":[{"damage":4.0,"enemies":"Small Slimes","floor":1.0,"turns":5.0},{"damage":0.0,"enemies":"Cultist","floor":4.0,"turns":3.0},{"damage":0.0,"enemies":"2 Louse","floor":5.0,"turns":2.0},{"damage":2.0,"enemies":"Exordium Wildlife","floor":10.0,"turns":4.0},{"damage":15.0,"enemies":"Lagavulin","floor":11.0,"turns":7.0},{"damage":0.0,"enemies":"Blue Slaver","floor":13.0,"turns":4.0},{"damage":6.0,"enemies":"Gremlin Nob","floor":14.0,"turns":3.0},{"damage":33.0,"enemies":"The Guardian","floor":16.0,"turns":9.0},{"damage":23.0,"enemies":"3 Byrds","floor":18.0,"turns":4.0},{"damage":0.0,"enemies":"Chosen","floor":22.0,"turns":3.0},{"damage":16.0,"enemies":"Snake Plant","floor":24.0,"turns":4.0},{"damage":17.0,"enemies":"Shelled Parasite and Fungi","floor":30.0,"turns":7.0},{"damage":0.0,"enemies":"Snecko","floor":31.0,"turns":7.0},{"damage":0.0,"enemies":"Automaton","floor":33.0,"turns":2.0},{"damage":16.0,"enemies":"3 Darklings","floor":35.0,"turns":4.0},{"damage":0.0,"enemies":"3 Shapes","floor":36.0,"turns":5.0},{"damage":19.0,"enemies":"Sphere and 2 Shapes","floor":38.0,"turns":4.0},{"damage":0.0,"enemies":"Jaw Worm Horde","floor":41.0,"turns":1.0},{"damage":0.0,"enemies":"3 Darklings","floor":44.0,"turns":1.0},{"damage":9.0,"enemies":"2 Orb Walkers","floor":46.0,"turns":2.0},{"damage":10,"enemies":"Donu and Deca","floor":50,"turns":5},{"damage":79,"enemies":"Time Eater","floor":51,"turns":23}],"seed_played":"2155879660534905178","potions_obtained":[{"floor":4.0,"key":"Energy Potion"},{"floor":11.0,"key":"FocusPotion"},{"floor":14.0,"key":"Poison Potion"},{"floor":30.0,"key":"GamblersBrew"},{"floor":33.0,"key":"SkillPotion"},{"floor":36.0,"key":"AttackPotion"}],"is_trial":false,"path_per_floor":["M","?","?","M","M","R","$","R","T","M","E","R","M","E","R","B",null,"M","$","?","?","M","R","M","R","T","R","?","R","M","M","R","B",null,"M","M","?","M","?","R","M","?","T","M","$","E","R","?","R","B","B"],"character_chosen":"DEFECT","items_purchased":["Hologram","Hologram","Defragment","Sunder","Capacitor"],"campfire_rested":4,"item_purchase_floors":[7,19,19,45,45],"current_hp_per_floor":[60,60,60,60,60,60,60,60,60,58,43,43,43,51,51,18,68,45,45,45,45,45,45,31,31,31,57,51,51,34,34,60,60,80,66,68,68,51,51,77,77,79,79,79,79,72,72,72,92,82,3],"gold":0,"neow_bonus":"REMOVE_TWO","is_prod":false,"is_daily":false,"chose_seed":false,"campfire_upgraded":8,"win_rate":0,"timestamp":1539323427,"path_taken":["M","?","?","M","M","R","?","R","T","M","E","R","M","E","R","BOSS","M","$","?","?","M","R","M","R","T","R","?","R","M","M","R","BOSS","M","M","?","?","?","R","M","?","T","?","$","E","R","?","R","BOSS","BOSS"],"build_version":"2018-10-11","purchased_purges":2,"victory":true,"max_hp_per_floor":[71,71,71,71,71,71,71,71,71,71,71,71,71,85,85,85,85,85,85,85,85,85,85,87,87,87,87,87,87,87,87,87,87,87,89,91,91,93,88,88,88,90,90,90,90,92,92,92,92,92,92],"card_choices":[{"not_picked":["Beam Cell","Darkness"],"picked":"Go for the Eyes","floor":1.0},{"not_picked":["Steam","Redo"],"picked":"Streamline","floor":4.0},{"not_picked":["Tempest","Stack"],"picked":"Cold Snap","floor":5.0},{"not_picked":["Meteor Strike","Cold Snap"],"picked":"Compile Driver","floor":10.0},{"not_picked":["Cold Snap","Turbo"],"picked":"Reinforced Body","floor":11.0},{"not_picked":["Doom and Gloom","Barrage","Storm"],"picked":"SKIP","floor":13.0},{"not_picked":["Beam Cell","Rebound"],"picked":"Echo Form","floor":14.0},{"not_picked":["Multi-Cast","Seek"],"picked":"All For One","floor":16.0},{"not_picked":["Sweeping Beam","Redo","Ball Lightning"],"picked":"SKIP","floor":18.0},{"not_picked":["Cold Snap","Fission"],"picked":"Leap+1","floor":22.0},{"not_picked":["Turbo","Compile Driver","Hello World"],"picked":"Singing Bowl","floor":24.0},{"not_picked":["Steam","Leap"],"picked":"Conserve Battery+1","floor":30.0},{"not_picked":["Beam Cell","Storm"],"picked":"Hologram+1","floor":31.0},{"not_picked":["Reboot","Multi-Cast"],"picked":"Electrodynamics","floor":33.0},{"not_picked":["Heatsinks","White Noise","Gash"],"picked":"Singing Bowl","floor":35.0},{"not_picked":["Barrage","Ball Lightning","Tempest"],"picked":"Singing Bowl","floor":36.0},{"not_picked":["Barrage+1","Static Discharge+1","Hello World+1"],"picked":"Singing Bowl","floor":38.0},{"not_picked":["Turbo+1","Sweeping Beam"],"picked":"Glacier","floor":41.0},{"not_picked":["Chrysalis","Transmutation","Good Instincts"],"picked":"Singing Bowl","floor":42.0},{"not_picked":["Stack+1","Cold Snap"],"picked":"Reinforced Body+1","floor":44.0},{"not_picked":["White Noise+1","Cold Snap","Coolheaded"],"picked":"Singing Bowl","floor":46.0}],"player_experience":1015508,"relics_obtained":[{"floor":9.0,"key":"Pen Nib"},{"floor":11.0,"key":"Lantern"},{"floor":14.0,"key":"Mango"},{"floor":26.0,"key":"StoneCalendar"},{"floor":43.0,"key":"Letter Opener"},{"floor":46.0,"key":"War Paint"}],"event_choices":[{"event_name":"Upgrade Shrine","player_choice":"Upgraded","floor":2.0,"damage_taken":0.0},{"event_name":"Liars Game","player_choice":"disagreed","floor":3.0,"damage_taken":0.0},{"event_name":"Vampires","player_choice":"Ignored","floor":20.0,"damage_taken":0.0},{"event_name":"The Mausoleum","player_choice":"Yes","floor":21.0,"damage_taken":0.0},{"event_name":"Nest","player_choice":"Joined the Cult","floor":28.0,"damage_taken":0.0},{"event_name":"Falling","player_choice":"Removed Skill","floor":37.0,"damage_taken":0.0},{"event_name":"Winding Halls","player_choice":"Max HP","floor":39.0,"damage_taken":0.0},{"event_name":"SensoryStone","player_choice":"Memory 1","floor":42.0,"damage_taken":0.0},{"event_name":"Tomb of Lord Red Mask","player_choice":"Paid","floor":48.0,"damage_taken":0.0}],"is_beta":true,"boss_relics":[{"not_picked":["Eternal Feather","Philosopher\u0027s Stone"],"picked":"Snecko Eye"},{"not_picked":["Tiny House","Velvet Choker"],"picked":"Lizard Tail"}],"items_purged_floors":[19,45],"is_endless":false,"potions_floor_spawned":[4,11,14,30,33,36],"ascension_level":20}