{"gold_per_floor":[114,129,144,159,174,204,204,234,234,294,294,324,324,354,354,454,454,469,389,404,3,18,48,48,48,48,78,78,108,108,138,138,238,238,253,268,118,133,148,148,178,178,178,193,193,223,223,238,238,238],"floor_reached":51,"playtime":4831,"items_purged":[],"score":1298,"play_id":"9a3e9ce1-aa8d-4dc0-a6d0-afdb39440f4f","local_time":"20190207171453","daily_mods":["Chimera","Hoarder","Elite Swarm"],"is_ascension_mode":false,"campfire_choices":[{"data":"Rampage","floor":7,"key":"SMITH"},{"data":"Offering","floor":13,"key":"SMITH"},{"floor":15,"key":"REST"},{"floor":25,"key":"REST"},{"floor":28,"key":"REST"},{"floor":30,"key":"REST"},{"floor":32,"key":"REST"},{"floor":40,"key":"REST"},{"data":"Offering","floor":42,"key":"SMITH"},{"floor":47,"key":"REST"},{"floor":49,"key":"REST"}],"neow_cost":"","seed_source_timestamp":0,"circlet_count":0,"master_deck":["Bash","Survivor","Zap","Strike_R","Strike_G","Strike_B","Defend_R","Defend_G","Defend_B+1","Headbutt","Headbutt+1","Headbutt","Feel No Pain","Feel No Pain","Feel No Pain","Rampage+1","Rampage","Rampage","Feed","Feed","Feed","Impervious","Impervious","Impervious","Offering+1","Offering+1","Offering+1","Bash","Bash+1","Bash","Finesse","Finesse","Finesse","Brutality","Brutality","Exhume","Exhume","Exhume","Metallicize","Metallicize","Metallicize","Corruption","Corruption","Corruption","Mayhem","Mayhem","Mayhem","Seeing Red","Seeing Red","Seeing Red","Juggernaut","Juggernaut","Juggernaut","Body Slam+1","Body Slam+1","Body Slam+1","Barricade","Barricade","Barricade","Metallicize+1","Metallicize+1","Metallicize+1"],"special_seed":17934,"relics":["Burning Blood","Gremlin Horn","Self Forming Clay","Red Skull","Tiny Chest","Lantern","Pen Nib","Black Star","Blood Vial","Singing Bowl","War Paint","Bottled Lightning","Art of War","Dream Catcher","Bottled Flame","Vajra","Centennial Puzzle","Letter Opener","Sozu","Whetstone","Strawberry","Boot","Bottled Tornado","Happy Flower","Mercury Hourglass"],"potions_floor_usage":[8,12,18,20,27],"damage_taken":[{"damage":0.0,"enemies":"Small Slimes","floor":1.0,"turns":4.0},{"damage":1.0,"enemies":"Cultist","floor":2.0,"turns":3.0},{"damage":1.0,"enemies":"2 Louse","floor":3.0,"turns":3.0},{"damage":6.0,"enemies":"2 Fungi Beasts","floor":4.0,"turns":3.0},{"damage":14.0,"enemies":"Blue Slaver","floor":5.0,"turns":5.0},{"damage":6,"enemies":"Gremlin Nob","floor":6,"turns":3},{"damage":9,"enemies":"3 Sentries","floor":8,"turns":7},{"damage":17,"enemies":"Gremlin Nob","floor":10,"turns":4},{"damage":12,"enemies":"Lagavulin","floor":12,"turns":5},{"damage":11,"enemies":"3 Sentries","floor":14,"turns":6},{"damage":25,"enemies":"Slime Boss","floor":16,"turns":5},{"damage":0,"enemies":"Spheric Guardian","floor":18,"turns":5},{"damage":20,"enemies":"3 Byrds","floor":20,"turns":8},{"damage":39,"enemies":"Cultist and Chosen","floor":22,"turns":9},{"damage":18,"enemies":"Slavers","floor":23,"turns":6},{"damage":14,"enemies":"Book of Stabbing","floor":27,"turns":5},{"damage":22,"enemies":"Slavers","floor":29,"turns":3},{"damage":45,"enemies":"Book of Stabbing","floor":31,"turns":7},{"damage":34,"enemies":"Collector","floor":33,"turns":3},{"damage":27,"enemies":"3 Darklings","floor":35,"turns":3},{"damage":6,"enemies":"Orb Walker","floor":36,"turns":5},{"damage":21,"enemies":"Jaw Worm Horde","floor":38,"turns":3},{"damage":40,"enemies":"Maw","floor":39,"turns":7},{"damage":21,"enemies":"Giant Head","floor":41,"turns":3},{"damage":12,"enemies":"Spire Growth","floor":44,"turns":3},{"damage":6,"enemies":"Nemesis","floor":46,"turns":5},{"damage":42,"enemies":"4 Shapes","floor":48,"turns":4},{"damage":29,"enemies":"Awakened One","floor":50,"turns":6}],"seed_played":"-7067944116089753152","potions_obtained":[{"floor":3.0,"key":"EssenceOfSteel"},{"floor":6,"key":"Energy Potion"},{"floor":8,"key":"FearPotion"},{"floor":10,"key":"Swift Potion"},{"floor":14,"key":"SteroidPotion"},{"floor":18,"key":"Explosive Potion"},{"floor":22,"key":"SteroidPotion"},{"floor":23,"key":"PowerPotion"},{"floor":31,"key":"FearPotion"}],"is_trial":false,"path_per_floor":["M","M","M","M","M","E","R","E","T","E","?","E","R","E","R","B",null,"M","$","M","$","M","E","?","R","T","E","R","E","R","E","R","B",null,"M","M","$","M","M","R","E","R","T","M","?","E","R","M","R","B",null],"character_chosen":"IRONCLAD","items_purchased":["Metallicize","Corruption","Mayhem","Blood Vial","Whetstone"],"campfire_rested":8,"item_purchase_floors":[19,21,21,21,37],"current_hp_per_floor":[80,80,80,80,72,72,72,72,72,64,64,58,58,56,82,66,92,95,95,87,87,56,52,30,63,63,59,95,89,126,89,129,107,135,114,121,121,110,83,129,123,123,123,121,121,125,160,129,167,147],"gold":238,"neow_bonus":"","is_prod":false,"is_daily":true,"chose_seed":false,"campfire_upgraded":3,"win_rate":0,"timestamp":1549556093,"path_taken":["M","M","M","M","M","E","R","E","T","E","?","E","R","E","R","BOSS","M","$","?","?","M","E","?","R","T","E","R","E","R","E","R","BOSS","M","M","$","M","M","R","E","R","T","M","?","E","R","M","R","BOSS"],"build_version":"2019-01-23","purchased_purges":0,"victory":true,"max_hp_per_floor":[80,80,80,80,80,80,80,83,83,86,86,86,86,89,89,92,92,95,95,101,101,101,107,112,112,112,114,116,124,126,128,130,135,135,135,140,140,142,147,149,156,156,156,158,158,160,160,165,167,170],"card_choices":[{"not_picked":["Cleave","Anger"],"picked":"Headbutt","floor":1.0},{"not_picked":["Flex","Clothesline"],"picked":"Feel No Pain","floor":2.0},{"not_picked":["Warcry","Clash"],"picked":"Rampage","floor":3.0},{"not_picked":["Flex","Disarm"],"picked":"Feed","floor":4.0},{"not_picked":["Armaments","Iron Wave","Clothesline"],"picked":"SKIP","floor":5.0},{"not_picked":["Dark Embrace","Exhume"],"picked":"Impervious","floor":6},{"not_picked":["Demon Form","Feed"],"picked":"Offering","floor":8},{"not_picked":["Impervious","Limit Break","Demon Form"],"picked":"SKIP","floor":10},{"not_picked":["Double Tap","Feed"],"picked":"Brutality","floor":12},{"not_picked":["Limit Break","Barricade","Berserk"],"picked":"SKIP","floor":14},{"not_picked":["Offering","Immolate"],"picked":"Exhume","floor":16},{"not_picked":["Rampage","Armaments","Havoc"],"picked":"SKIP","floor":18},{"not_picked":["Clash","Wild Strike+1","Body Slam"],"picked":"SKIP","floor":20},{"not_picked":["Flex","Pommel Strike"],"picked":"Seeing Red","floor":22},{"not_picked":["Barricade","Berserk"],"picked":"Juggernaut","floor":23},{"not_picked":["Limit Break","Berserk","Demon Form"],"picked":"Singing Bowl","floor":27},{"not_picked":["Havoc","Wild Strike","Thunderclap"],"picked":"Singing Bowl","floor":28},{"not_picked":["Immolate","Feed","Bludgeon"],"picked":"Singing Bowl","floor":29},{"not_picked":["Intimidate","Warcry","Shrug It Off"],"picked":"Singing Bowl","floor":30},{"not_picked":["Double Tap","Dark Embrace","Fiend Fire"],"picked":"Singing Bowl","floor":31},{"not_picked":["Dropkick+1","Flame Barrier","Anger"],"picked":"Singing Bowl","floor":32},{"not_picked":["Offering","Demon Form","Exhume"],"picked":"Singing Bowl","floor":33},{"not_picked":["Inflame","Clothesline"],"picked":"Body Slam+1","floor":35},{"not_picked":["Dropkick+1","Uppercut+1","Anger+1"],"picked":"Singing Bowl","floor":36},{"not_picked":["Havoc","Corruption+1","Feed"],"picked":"Singing Bowl","floor":38},{"not_picked":["Clothesline+1","Seeing Red","Sword Boomerang"],"picked":"Singing Bowl","floor":39},{"not_picked":["Reckless Charge","True Grit","Clash+1"],"picked":"Singing Bowl","floor":40},{"not_picked":["Limit Break","Reaper"],"picked":"Barricade","floor":41},{"not_picked":["Thunderclap+1","Flex","Fire Breathing"],"picked":"Singing Bowl","floor":44},{"not_picked":["Berserk","Limit Break","Brutality"],"picked":"Singing Bowl","floor":46},{"not_picked":["Clothesline+1","Blood for Blood"],"picked":"Metallicize+1","floor":47},{"not_picked":["Infernal Blade","Cleave","True Grit+1"],"picked":"Singing Bowl","floor":48},{"not_picked":["Second Wind+1","Fire Breathing+1","Clothesline"],"picked":"Singing Bowl","floor":49}],"player_experience":200167,"relics_obtained":[{"floor":6,"key":"Gremlin Horn"},{"floor":8,"key":"Self Forming Clay"},{"floor":9,"key":"Red Skull"},{"floor":10,"key":"Tiny Chest"},{"floor":12,"key":"Lantern"},{"floor":14,"key":"Pen Nib"},{"floor":23,"key":"Singing Bowl"},{"floor":23,"key":"War Paint"},{"floor":26,"key":"Bottled Lightning"},{"floor":27,"key":"Art of War"},{"floor":27,"key":"Dream Catcher"},{"floor":29,"key":"Bottled Flame"},{"floor":29,"key":"Vajra"},{"floor":31,"key":"Centennial Puzzle"},{"floor":31,"key":"Letter Opener"},{"floor":41,"key":"Strawberry"},{"floor":41,"key":"Boot"},{"floor":43,"key":"Bottled Tornado"},{"floor":46,"key":"Happy Flower"},{"floor":46,"key":"Mercury Hourglass"}],"event_choices":[{"damage_healed":0,"gold_gain":0,"player_choice":"2 cards matched","damage_taken":0,"max_hp_gain":0,"max_hp_loss":0,"event_name":"Match and Keep!","floor":11,"gold_loss":0,"cards_obtained":["Bash","Finesse"]},{"damage_healed":0,"gold_gain":0,"player_choice":"Shed Blood","damage_taken":27,"max_hp_gain":5,"max_hp_loss":0,"event_name":"Forgotten Altar","floor":24,"gold_loss":0},{"cards_removed":["Brutality"],"damage_healed":0,"gold_gain":0,"player_choice":"Removed Power","damage_taken":0,"max_hp_gain":0,"max_hp_loss":0,"event_name":"Falling","floor":45,"gold_loss":0}],"is_beta":false,"boss_relics":[{"not_picked":["Lizard Tail","Snecko Eye"],"picked":"Black Star"},{"not_picked":["Astrolabe","White Beast Statue"],"picked":"Sozu"}],"items_purged_floors":[],"is_endless":false,"potions_floor_spawned":[3,6,8,10,14,18,22,23,31,35,36,38,48],"ascension_level":0}