{"gold_per_floor":[147,247,265,315,315,315,347,347,398,418,418,418,448,458,458,534,534,553,553,622,220,238,238,253,228,228,248,258,258,7,36,36,108,108,121,95,145,195,261,261,311,361,361,371,371,437,487,504,504,504],"floor_reached":51,"playtime":2437,"items_purged":["Strike_B","Strike_B"],"score":1413,"play_id":"bb83a59a-701d-4ce6-8e9e-ad9e951e1456","local_time":"20180814074710","is_ascension_mode":true,"campfire_choices":[{"data":"Defragment","floor":6.0,"key":"SMITH"},{"data":"Zap","floor":8.0,"key":"SMITH"},{"data":"Redo","floor":12.0,"key":"SMITH"},{"data":"Hologram","floor":15.0,"key":"SMITH"},{"data":"Sunder","floor":23.0,"key":"SMITH"},{"data":"Recycle","floor":29.0,"key":"SMITH"},{"floor":32.0,"key":"REST"},{"floor":40,"key":"REST"},{"data":"Buffer","floor":45,"key":"SMITH"},{"data":"Steam Power","floor":49,"key":"SMITH"}],"neow_cost":"NONE","seed_source_timestamp":0,"circlet_count":0,"master_deck":["Defend_B","Defend_B","Defend_B","Defend_B","Zap+1","Dualcast","AscendersBane","Defragment+1","Go for the Eyes","All For One","Redo+1","Gash","Hologram+1","All For One","Redo+1","Gash","Sunder+1","Beam Cell","Recycle+1","Auto Shields","Leap","Buffer+1","Scrape","Seek","Hologram","Flash of Steel","Impatience","Beam Cell+1","Hologram+1","Steam Power+1"],"special_seed":0,"relics":["Cracked Core","Tiny Chest","Blood Vial","Lantern","Potion Belt","Strawberry","Runic Dome","SsserpentHead","Gremlin Horn","Mercury Hourglass","Anchor","Cables","Philosopher\u0027s Stone","Ice Cream","Pantograph","Darkstone Periapt","Incense Burner"],"potions_floor_usage":[46,50,50],"damage_taken":[{"damage":0.0,"enemies":"Small Slimes","floor":1.0,"turns":3.0},{"damage":6.0,"enemies":"Cultist","floor":3.0,"turns":4.0},{"damage":13.0,"enemies":"Lagavulin","floor":7.0,"turns":8.0},{"damage":4.0,"enemies":"Jaw Worm","floor":10.0,"turns":2.0},{"damage":12.0,"enemies":"Gremlin Nob","floor":13.0,"turns":3.0},{"damage":1.0,"enemies":"Blue Slaver","floor":14.0,"turns":3.0},{"damage":0.0,"enemies":"Slime Boss","floor":16.0,"turns":6.0},{"damage":28.0,"enemies":"3 Byrds","floor":18.0,"turns":4.0},{"damage":0.0,"enemies":"Spheric Guardian","floor":20.0,"turns":2.0},{"damage":5.0,"enemies":"Snecko","floor":22.0,"turns":3.0},{"damage":14.0,"enemies":"Snake Plant","floor":24.0,"turns":2.0},{"damage":9.0,"enemies":"Centurion and Healer","floor":27.0,"turns":3.0},{"damage":0.0,"enemies":"3 Cultists","floor":28.0,"turns":2.0},{"damage":25.0,"enemies":"Gremlin Leader","floor":31.0,"turns":3.0},{"damage":13.0,"enemies":"Automaton","floor":33.0,"turns":6.0},{"damage":46,"enemies":"3 Darklings","floor":35,"turns":3},{"damage":13,"floor":37,"turns":4},{"damage":0,"enemies":"Orb Walker","floor":39,"turns":2},{"damage":1,"enemies":"Snecko and Mystics","floor":44,"turns":2},{"damage":0,"enemies":"Transient","floor":46,"turns":5},{"damage":0,"enemies":"4 Shapes","floor":48,"turns":1},{"damage":0,"enemies":"Awakened One","floor":50,"turns":4}],"seed_played":"2267791021191570248","potions_obtained":[{"floor":1.0,"key":"Fire Potion"},{"floor":7.0,"key":"Poison Potion"},{"floor":14.0,"key":"FearPotion"},{"floor":20.0,"key":"SteroidPotion"},{"floor":22.0,"key":"Energy Potion"},{"floor":27.0,"key":"Swift Potion"},{"floor":37,"key":"Explosive Potion"},{"floor":44,"key":"Fruit Juice"},{"floor":46,"key":"Swift Potion"}],"is_trial":false,"path_per_floor":["M","?","M","?","?","R","E","R","T","M","?","R","E","M","R","B",null,"M","?","M","$","M","R","M","?","T","M","M","R","$","E","R","B",null,"M","$","?","?","M","R","?","T","T","M","R","M","T","M","R","B"],"character_chosen":"DEFECT","items_purchased":["Gremlin Horn","Sunder","Anchor","Seek"],"campfire_rested":2,"item_purchase_floors":[21,21,30,36],"current_hp_per_floor":[64,64,58,58,58,58,45,45,45,43,43,43,40,41,41,43,69,43,43,45,45,42,42,30,30,30,23,25,25,25,2,25,14,62,18,18,7,7,9,32,22,22,22,23,23,30,30,32,32,59],"gold":504,"neow_bonus":"RANDOM_COMMON_RELIC","is_prod":false,"is_daily":false,"chose_seed":false,"campfire_upgraded":8,"win_rate":0,"timestamp":1534225630,"path_taken":["M","?","M","?","?","R","E","R","T","M","?","R","E","M","R","BOSS","M","?","?","$","M","R","M","?","T","M","M","R","$","E","R","BOSS","M","?","?","?","?","R","?","?","T","M","R","?","?","M","R","BOSS"],"build_version":"2018-08-08","purchased_purges":2,"victory":true,"max_hp_per_floor":[71,71,71,71,71,71,71,71,71,71,71,71,78,78,78,78,78,78,78,78,78,78,78,78,78,78,78,78,78,78,78,78,78,78,78,78,78,78,78,78,78,78,78,78,78,83,83,83,83,83],"card_choices":[{"not_picked":["Auto Shields","Reinforced Body"],"picked":"Defragment","floor":1.0},{"not_picked":["Leap","Rebound"],"picked":"Go for the Eyes","floor":3.0},{"not_picked":["Hello World","Consume","Sweeping Beam"],"picked":"SKIP","floor":7.0},{"not_picked":["Static Discharge","Coolheaded"],"picked":"Redo","floor":10.0},{"not_picked":["Capacitor","Sweeping Beam"],"picked":"Gash","floor":13.0},{"not_picked":["Stack","Multi-Cast"],"picked":"Hologram","floor":14.0},{"not_picked":["Reboot","Rainbow"],"picked":"All For One","floor":16.0},{"not_picked":["Streamline","Go for the Eyes"],"picked":"Redo+1","floor":18.0},{"not_picked":["Redo+1","Rip and Tear"],"picked":"Gash","floor":20.0},{"not_picked":["Stack","Recycle"],"picked":"Beam Cell","floor":22.0},{"not_picked":["Loop+1","Rebound+1"],"picked":"Recycle","floor":24.0},{"not_picked":["Go for the Eyes","Redo","Turbo"],"picked":"SKIP","floor":27.0},{"not_picked":["Chaos","Leap"],"picked":"Auto Shields","floor":28.0},{"not_picked":["Turbo","Beam Cell"],"picked":"Leap","floor":31.0},{"not_picked":["Core Surge","Hyperbeam"],"picked":"Buffer","floor":33.0},{"not_picked":["Cold Snap","Compile Driver"],"picked":"Scrape","floor":35},{"not_picked":["Stack+1","Heatsinks"],"picked":"Hologram","floor":39},{"not_picked":["Forethought","Thinking Ahead"],"picked":"Flash of Steel","floor":41},{"not_picked":["The Bomb","HandOfGreed"],"picked":"Impatience","floor":41},{"not_picked":["BootSequence+1","Defragment"],"picked":"Beam Cell+1","floor":44},{"not_picked":["Barrage+1","Scrape"],"picked":"Hologram+1","floor":46},{"not_picked":["Sweeping Beam","Rebound"],"picked":"Steam Power","floor":48}],"player_experience":860606,"relics_obtained":[{"floor":7.0,"key":"Blood Vial"},{"floor":9.0,"key":"Lantern"},{"floor":13.0,"key":"Strawberry"},{"floor":26.0,"key":"Mercury Hourglass"},{"floor":31.0,"key":"Cables"},{"floor":37,"key":"Ice Cream"},{"floor":42,"key":"Pantograph"},{"floor":43,"key":"Darkstone Periapt"},{"floor":47,"key":"Incense Burner"}],"event_choices":[{"event_name":"Wheel of Change","player_choice":"Gold","floor":2.0,"damage_taken":0.0},{"event_name":"Golden Shrine","player_choice":"Pray","floor":4.0,"damage_taken":0.0},{"event_name":"Living Wall","player_choice":"Change","floor":5.0,"damage_taken":0.0},{"event_name":"Dead Adventurer","player_choice":"Searched \u00271\u0027 times","floor":11.0,"damage_taken":0.0},{"event_name":"FaceTrader","player_choice":"Trade","floor":19.0,"damage_taken":0.0},{"event_name":"Beggar","player_choice":"Gave Gold","floor":25.0,"damage_taken":0.0},{"event_name":"MindBloom","player_choice":"Fight","floor":37,"damage_taken":0},{"event_name":"Tomb of Lord Red Mask","player_choice":"Ignored","floor":38,"damage_taken":0},{"event_name":"SensoryStone","player_choice":"Memory 3","floor":41,"damage_taken":0}],"is_beta":true,"boss_relics":[{"not_picked":["Busted Crown","Lizard Tail"],"picked":"Runic Dome"},{"not_picked":["Runic Pyramid","FrozenCore"],"picked":"Philosopher\u0027s Stone"}],"items_purged_floors":[21,30],"is_endless":false,"potions_floor_spawned":[1,7,14,20,22,27,37,44,46],"ascension_level":15}