{"gold_per_floor":[113,129,29,29,42,73,73,85,130,130,119,119,147,36,36,138,138,123,123,139,139,159,190,225,101,127,54,54,54,74,104,104,199,199,219,237,257,33,33,33],"floor_reached":40,"playtime":12416,"items_purged":["Strike_B","Strike_B+1","Strike_B+1"],"score":461,"play_id":"c6faa8ed-845b-4929-bca1-13b6e514d57f","local_time":"20180721205643","is_ascension_mode":false,"campfire_choices":[{"floor":10,"key":"REST"},{"data":"Darkness","floor":15,"key":"SMITH"},{"floor":28,"key":"REST"},{"data":"Storm","floor":32,"key":"SMITH"}],"neow_cost":"NONE","seed_source_timestamp":377268747112886,"circlet_count":0,"master_deck":["Defend_B+1","Defend_B+1","Defend_B+1","Defend_B+1","Zap","Dualcast","Conserve Battery","Compile Driver","Melter","Leap","Cold Snap","Darkness+1","Capacitor","Stack","BootSequence","Sunder","Electrodynamics","Darkness+1","Chill+1","Leap","Aggregate","Self Repair","Storm+1","Ball Lightning","Loop+1","Thunder Strike","Fission","Cold Snap+1","Undo+1","Capacitor"],"relics":["Cracked Core","Pantograph","Centennial Puzzle","Regal Pillow","Pear","Boot","Eternal Feather","Smiling Mask","Red Mask","Happy Flower","Strawberry","Black Star","Vajra"],"potions_floor_usage":[13,16,16,16,16,18,23,31,39,40],"damage_taken":[{"damage":5,"enemies":"Small Slimes","floor":1,"turns":4},{"damage":0,"enemies":"2 Louse","floor":2,"turns":4},{"damage":0,"enemies":"Jaw Worm","floor":5,"turns":3},{"damage":24,"enemies":"Gremlin Nob","floor":6,"turns":5},{"damage":7,"enemies":"Exordium Wildlife","floor":8,"turns":3},{"damage":5,"enemies":"Exordium Thugs","floor":11,"turns":4},{"damage":16,"enemies":"Lagavulin","floor":13,"turns":8},{"damage":36,"enemies":"Hexaghost","floor":16,"turns":10},{"damage":3,"enemies":"2 Thieves","floor":18,"turns":4},{"damage":9,"enemies":"Chosen","floor":20,"turns":5},{"damage":8,"enemies":"Snecko","floor":22,"turns":3},{"damage":31,"enemies":"Slavers","floor":23,"turns":6},{"damage":0,"floor":24,"turns":3},{"damage":13,"enemies":"Chosen and Byrds","floor":30,"turns":5},{"damage":33,"enemies":"Book of Stabbing","floor":31,"turns":6},{"damage":58,"enemies":"Automaton","floor":33,"turns":10},{"damage":17,"enemies":"3 Shapes","floor":35,"turns":4},{"damage":16,"enemies":"Flame Bruiser 1 Orb","floor":36,"turns":8},{"damage":41,"enemies":"Sphere and 2 Shapes","floor":37,"turns":5},{"damage":0,"enemies":"4 Shapes","floor":39,"turns":2},{"damage":45,"enemies":"2 Orb Walkers","floor":40,"turns":5}],"seed_played":"3487755133388419707","potions_obtained":[{"floor":1,"key":"SneckoOil"},{"floor":5,"key":"EntropicBrew"},{"floor":6,"key":"SteroidPotion"},{"floor":11,"key":"EssenceOfSteel"},{"floor":16,"key":"SmokeBomb"},{"floor":22,"key":"Weak Potion"},{"floor":30,"key":"SkillPotion"},{"floor":36,"key":"Weak Potion"}],"is_trial":false,"path_per_floor":["M","M","$","?","M","E","T","M","T","R","M","T","E","$","R","B",null,"M","?","M","?","M","E","?","$","T","$","R","?","M","E","R","B",null,"M","M","M","$","M"],"character_chosen":"DEFECT","items_purchased":["Melter","Leap","Sunder","Storm","Ball Lightning","Vajra","Capacitor"],"campfire_rested":2,"item_purchase_floors":[3,3,14,25,27,38,38],"current_hp_per_floor":[70,70,70,70,70,46,46,39,39,75,70,80,64,64,64,49,85,82,82,73,73,65,34,34,34,34,34,85,85,72,53,68,41,92,82,66,32,32,32,0],"gold":33,"neow_bonus":"REMOVE_CARD","is_prod":false,"is_daily":false,"chose_seed":false,"campfire_upgraded":2,"win_rate":0.0,"timestamp":1532221003,"path_taken":["M","M","$","?","M","E","?","M","T","R","?","?","E","?","R","BOSS","M","?","M","?","M","E","?","?","T","$","R","?","M","E","R","BOSS","M","M","M","$","M","E"],"build_version":"2018-07-19v2","purchased_purges":3,"victory":false,"max_hp_per_floor":[75,75,75,75,75,75,75,75,75,75,75,85,85,85,85,85,85,85,85,85,85,85,85,85,85,85,85,85,85,85,92,92,92,92,92,92,92,92,92,92],"card_choices":[{"not_picked":["Beam Cell","Coolheaded"],"picked":"Conserve Battery","floor":1},{"not_picked":["Scrape","Hologram"],"picked":"Compile Driver","floor":2},{"not_picked":["Stack","Steam"],"picked":"Cold Snap","floor":5},{"not_picked":["Rip and Tear","Static Discharge"],"picked":"Darkness","floor":6},{"not_picked":["Static Discharge","Conserve Battery"],"picked":"Capacitor","floor":8},{"not_picked":["White Noise","Streamline"],"picked":"Stack","floor":11},{"not_picked":["Streamline","Skim"],"picked":"BootSequence","floor":13},{"not_picked":["Seek","Buffer"],"picked":"Electrodynamics","floor":16},{"not_picked":["Stack","Beam Cell","Barrage"],"picked":"SKIP","floor":18},{"not_picked":["Hello World","Consume+1"],"picked":"Chill+1","floor":20},{"not_picked":["Stack+1","Steam Power+1"],"picked":"Leap","floor":22},{"not_picked":["Ball Lightning+1","Static Discharge+1"],"picked":"Aggregate","floor":23},{"not_picked":["Compile Driver+1","Go for the Eyes"],"picked":"Self Repair","floor":24},{"not_picked":["Rip and Tear","Rebound"],"picked":"Loop+1","floor":30},{"not_picked":["Storm","Coolheaded+1"],"picked":"Thunder Strike","floor":31},{"not_picked":["Echo Form","Multi-Cast"],"picked":"Fission","floor":33},{"not_picked":["Force Field+1","Go for the Eyes+1"],"picked":"Cold Snap+1","floor":35},{"not_picked":["Chill","Reinforced Body"],"picked":"Undo+1","floor":36},{"not_picked":["Beam Cell","Loop","Redo"],"picked":"SKIP","floor":37}],"player_experience":240939,"relics_obtained":[{"floor":6,"key":"Pantograph"},{"floor":7,"key":"Centennial Puzzle"},{"floor":9,"key":"Regal Pillow"},{"floor":12,"key":"Pear"},{"floor":13,"key":"Boot"},{"floor":23,"key":"Smiling Mask"},{"floor":24,"key":"Red Mask"},{"floor":26,"key":"Happy Flower"},{"floor":31,"key":"Strawberry"}],"event_choices":[{"event_name":"The Cleric","player_choice":"Leave","floor":4,"damage_taken":0},{"event_name":"Duplicator","player_choice":"One dupe","floor":19,"damage_taken":0},{"event_name":"Back to Basics","player_choice":"Simplicity","floor":21,"damage_taken":0},{"event_name":"Masked Bandits","player_choice":"Fought over 190 gold","floor":24,"damage_taken":0},{"event_name":"Drug Dealer","player_choice":"Ignored","floor":29,"damage_taken":0}],"is_beta":false,"boss_relics":[{"not_picked":["Coffee Dripper","Velvet Choker"],"picked":"Eternal Feather"},{"not_picked":["Busted Crown","Lizard Tail"],"picked":"Black Star"}],"items_purged_floors":[14,25,27],"is_endless":false,"potions_floor_spawned":[1,5,6,11,16,22,30,36],"killed_by":"2 Orb Walkers","ascension_level":0}