{"gold_per_floor":[117,73,73,73,86,120,134,149,176,189,189,222,237,301,301,380,380,399,59,46,46,62,62,62],"floor_reached":24,"playtime":1006,"items_purged":[],"score":437,"play_id":"3a636e08-403e-492d-9104-1692edf5f5e8","local_time":"20190503002431","is_ascension_mode":true,"campfire_choices":[{"floor":15,"key":"REST"},{"floor":23,"key":"REST"}],"neow_cost":"NONE","seed_source_timestamp":3396877495000,"circlet_count":0,"master_deck":["AscendersBane","Strike_R","Strike_R","Strike_R","Strike_R","Strike_R","Defend_R","Defend_R","Bash","Spot Weakness","Spot Weakness","Rage","Rage","Iron Wave","Twin Strike","Limit Break","Headbutt","Brutality","Iron Wave","Apotheosis","Cleave","Spot Weakness"],"relics":["Burning Blood","NeowsBlessing","Vajra","Blood Vial","Art of War","Tiny Chest","Runic Cube","Happy Flower"],"potions_floor_usage":[10,12,14,16,22,24],"damage_taken":[{"damage":0,"enemies":"Small Slimes","floor":1,"turns":1},{"damage":0,"enemies":"2 Louse","floor":5,"turns":1},{"damage":0,"enemies":"Lagavulin","floor":6,"turns":1},{"damage":0,"enemies":"Jaw Worm","floor":7,"turns":3},{"damage":17,"enemies":"Large Slime","floor":8,"turns":5},{"damage":5,"enemies":"Gremlin Gang","floor":10,"turns":5},{"damage":35,"enemies":"Gremlin Nob","floor":12,"turns":5},{"damage":11,"enemies":"3 Louse","floor":13,"turns":4},{"damage":20,"enemies":"3 Sentries","floor":14,"turns":5},{"damage":34,"enemies":"The Guardian","floor":16,"turns":7},{"damage":21,"enemies":"Chosen","floor":18,"turns":5},{"damage":30,"enemies":"2 Thieves","floor":20,"turns":4},{"damage":16,"enemies":"Snake Plant","floor":22,"turns":4},{"damage":51,"enemies":"Sentry and Sphere","floor":24,"turns":4}],"seed_played":"1826313243344820462","potions_obtained":[{"floor":7,"key":"Poison Potion"},{"floor":8,"key":"BloodPotion"},{"floor":12,"key":"SteroidPotion"},{"floor":14,"key":"Poison Potion"},{"floor":16,"key":"SpeedPotion"},{"floor":18,"key":"Weak Potion"},{"floor":22,"key":"PowerPotion"}],"is_trial":false,"path_per_floor":["M","$","?","$","M","E","M","M","T","M","?","E","M","E","R","B",null,"M","$","M","$","M","R","M"],"character_chosen":"IRONCLAD","items_purchased":["Spot Weakness","Happy Flower","Apotheosis"],"campfire_rested":2,"item_purchase_floors":[2,19,19],"current_hp_per_floor":[74,74,67,67,73,75,75,64,64,67,67,47,44,32,54,28,63,50,50,28,28,20,42,0],"gold":62,"neow_bonus":"THREE_ENEMY_KILL","is_prod":false,"is_daily":false,"chose_seed":false,"campfire_upgraded":0,"win_rate":0,"timestamp":1556857471,"path_taken":["M","$","?","$","M","E","M","M","T","M","?","E","M","E","R","BOSS","M","$","M","$","M","R","M"],"build_version":"2019-01-23","purchased_purges":0,"victory":false,"max_hp_per_floor":[75,75,75,75,75,75,75,75,75,75,75,75,75,75,75,75,75,75,75,75,75,75,75,75],"card_choices":[{"not_picked":["Cleave","Pommel Strike"],"picked":"Spot Weakness","floor":1},{"not_picked":["Second Wind","Pommel Strike"],"picked":"Rage","floor":5},{"not_picked":["Shrug It Off","Flex"],"picked":"Rage","floor":6},{"not_picked":["Body Slam","Second Wind"],"picked":"Iron Wave","floor":7},{"not_picked":["Shrug It Off","Evolve"],"picked":"Twin Strike","floor":8},{"not_picked":["Shrug It Off","Berserk","Anger"],"picked":"SKIP","floor":10},{"not_picked":["Infernal Blade","Pommel Strike"],"picked":"Limit Break","floor":12},{"not_picked":["Armaments","Flex"],"picked":"Headbutt","floor":13},{"not_picked":["Anger","Armaments","Fire Breathing"],"picked":"SKIP","floor":14},{"not_picked":["Impervious","Double Tap"],"picked":"Brutality","floor":16},{"not_picked":["Shrug It Off","Headbutt"],"picked":"Iron Wave","floor":18},{"not_picked":["Pommel Strike","Dual Wield"],"picked":"Cleave","floor":20},{"not_picked":["Headbutt+1","Hemokinesis"],"picked":"Spot Weakness","floor":22}],"player_experience":416727,"relics_obtained":[{"floor":6,"key":"Vajra"},{"floor":9,"key":"Blood Vial"},{"floor":12,"key":"Art of War"},{"floor":14,"key":"Tiny Chest"}],"event_choices":[{"cards_removed":["Defend_R"],"damage_healed":0,"gold_gain":0,"player_choice":"Card Removal","damage_taken":7,"max_hp_gain":0,"max_hp_loss":0,"event_name":"Golden Wing","floor":3,"gold_loss":0},{"cards_removed":["Defend_R"],"damage_healed":0,"gold_gain":0,"player_choice":"Forget","damage_taken":0,"max_hp_gain":0,"max_hp_loss":0,"event_name":"Living Wall","floor":11,"gold_loss":0}],"is_beta":false,"boss_relics":[{"not_picked":["Ectoplasm","Orrery"],"picked":"Runic Cube"}],"items_purged_floors":[],"is_endless":false,"potions_floor_spawned":[7,8,12,14,16,18,22],"killed_by":"Sentry and Sphere","ascension_level":16}