{"gold_per_floor":[118,136,155,155,174,174,201,201,251,264,264,282,71,85,85,85],"floor_reached":16,"playtime":1664,"items_purged":["Strike_R"],"score":104,"play_id":"26333ded-3f35-4ad6-bb51-7a2c005258c4","local_time":"20180721115934","is_ascension_mode":false,"campfire_choices":[{"data":"Seeing Red","floor":6,"key":"SMITH"},{"floor":11,"key":"REST"},{"floor":15,"key":"REST"}],"neow_cost":"NONE","seed_source_timestamp":355800471039187,"circlet_count":0,"master_deck":["Strike_R","Strike_R","Strike_R","Defend_R","Defend_R","Defend_R","Defend_R","Bash","Twin Strike","Rampage","Seeing Red+1","Dropkick","Cleave","Bloodletting","Dark Embrace","Fiend Fire","Cleave","Uppercut"],"relics":["Burning Blood","Dream Catcher","Gremlin Horn","Lantern"],"potions_floor_usage":[7,10,16,16,16],"damage_taken":[{"damage":5,"enemies":"Cultist","floor":1,"turns":4},{"damage":2,"enemies":"2 Louse","floor":2,"turns":3},{"damage":1,"enemies":"Jaw Worm","floor":3,"turns":3},{"damage":13,"enemies":"Exordium Thugs","floor":5,"turns":6},{"damage":38,"enemies":"Lagavulin","floor":7,"turns":7},{"damage":1,"enemies":"2 Fungi Beasts","floor":10,"turns":2},{"damage":11,"enemies":"3 Louse","floor":12,"turns":2},{"damage":14,"enemies":"Gremlin Gang","floor":14,"turns":3},{"damage":90,"enemies":"The Guardian","floor":16,"turns":10}],"seed_played":"6006403453023187712","potions_obtained":[{"floor":3,"key":"Block Potion"},{"floor":5,"key":"LiquidBronze"},{"floor":7,"key":"Swift Potion"},{"floor":8,"key":"Regen Potion"},{"floor":8,"key":"SneckoOil"},{"floor":8,"key":"BloodPotion"},{"floor":14,"key":"Fire Potion"}],"is_trial":false,"path_per_floor":["M","M","M","?","M","R","E","?","T","M","R","M","$","M","R"],"character_chosen":"IRONCLAD","items_purchased":["Fiend Fire"],"campfire_rested":2,"item_purchase_floors":[13],"current_hp_per_floor":[80,80,80,73,66,66,34,34,34,44,68,63,63,55,79,0],"gold":85,"neow_bonus":"RANDOM_COMMON_RELIC","is_prod":false,"is_daily":false,"chose_seed":false,"campfire_upgraded":1,"win_rate":0,"timestamp":1532188774,"path_taken":["M","?","M","?","M","R","E","?","T","M","R","M","$","M","R","BOSS"],"build_version":"2018-07-19v2","purchased_purges":1,"victory":false,"max_hp_per_floor":[80,80,80,80,80,80,80,80,80,80,80,80,80,80,80,80],"card_choices":[{"not_picked":["Dual Wield","Flex"],"picked":"Twin Strike","floor":1},{"not_picked":["Thunderclap","Heavy Blade"],"picked":"Rampage","floor":2},{"not_picked":["Wild Strike","Perfected Strike"],"picked":"Seeing Red","floor":3},{"not_picked":["Clothesline","Shrug It Off"],"picked":"Dropkick","floor":5},{"not_picked":["Sever Soul","Warcry"],"picked":"Cleave","floor":7},{"not_picked":["Clothesline","Sword Boomerang","Corruption"],"picked":"SKIP","floor":10},{"not_picked":["Wild Strike","Flex"],"picked":"Bloodletting","floor":11},{"not_picked":["Body Slam","Corruption"],"picked":"Dark Embrace","floor":12},{"not_picked":["Body Slam","True Grit"],"picked":"Cleave","floor":14},{"not_picked":["Clash","Heavy Blade"],"picked":"Uppercut","floor":15}],"player_experience":227513,"relics_obtained":[{"floor":7,"key":"Gremlin Horn"},{"floor":9,"key":"Lantern"}],"event_choices":[{"event_name":"Golden Wing","player_choice":"Card Removal","floor":4,"damage_taken":0},{"event_name":"The Lab","player_choice":"Got Potions","floor":8,"damage_taken":0}],"is_beta":false,"boss_relics":[],"items_purged_floors":[13],"is_endless":false,"potions_floor_spawned":[3,5,7,14],"killed_by":"The Guardian","ascension_level":0}