{"gold_per_floor":[109,9,84,96,116,149,149,165,211,211,230,230,256,271,271,371,371],"floor_reached":17,"playtime":1370,"items_purged":["Normality"],"score":192,"play_id":"f8ae9720-7713-42dc-99ec-0847cb2f76c5","local_time":"20181223230847","is_ascension_mode":true,"campfire_choices":[{"floor":7,"key":"REST"},{"floor":10,"key":"REST"},{"floor":12,"key":"REST"},{"floor":15,"key":"REST"}],"neow_cost":"CURSE","seed_source_timestamp":959702439643037,"circlet_count":0,"master_deck":["Strike_B","Strike_B","Strike_B","Strike_B","Defend_B","Defend_B","Defend_B","Defend_B","Zap","Dualcast","Barrage","Ball Lightning","Leap","BootSequence","Coolheaded","Conserve Battery","Hologram","BootSequence","Conserve Battery","All For One"],"relics":["Cracked Core","Symbiotic Virus","Bronze Scales","Vajra","Inserter"],"potions_floor_usage":[6],"damage_taken":[{"damage":5,"enemies":"Small Slimes","floor":1,"turns":3},{"damage":0,"enemies":"2 Louse","floor":4,"turns":2},{"damage":0,"enemies":"Cultist","floor":5,"turns":2},{"damage":60,"enemies":"Gremlin Nob","floor":6,"turns":6},{"damage":0,"enemies":"2 Fungi Beasts","floor":8,"turns":2},{"damage":8,"enemies":"Large Slime","floor":11,"turns":4},{"damage":24,"enemies":"Lagavulin","floor":13,"turns":5},{"damage":3,"enemies":"Blue Slaver","floor":14,"turns":3},{"damage":31,"enemies":"Hexaghost","floor":16,"turns":9}],"seed_played":"718494185682303017","potions_obtained":[{"floor":4,"key":"Fire Potion"},{"floor":14,"key":"FearPotion"},{"floor":16,"key":"AttackPotion"}],"is_trial":false,"path_per_floor":["M","$","?","M","M","E","R","M","T","R","M","R","E","M","R","B",null],"character_chosen":"DEFECT","items_purchased":["Ball Lightning"],"campfire_rested":4,"item_purchase_floors":[2],"current_hp_per_floor":[84,84,73,73,73,13,39,39,39,65,57,83,59,56,82,51,89],"gold":371,"neow_bonus":"TWENTY_PERCENT_HP_BONUS","is_prod":false,"is_daily":false,"chose_seed":false,"campfire_upgraded":0,"win_rate":0,"timestamp":1545624527,"path_taken":["M","$","?","M","M","E","R","M","T","R","M","R","E","M","R","BOSS"],"build_version":"2018-12-20","purchased_purges":1,"victory":false,"max_hp_per_floor":[89,89,89,89,89,89,89,89,89,89,89,89,89,89,89,89,89],"card_choices":[{"not_picked":["Rip and Tear","Beam Cell"],"picked":"Barrage","floor":1},{"not_picked":["Darkness","Beam Cell"],"picked":"Leap","floor":4},{"not_picked":["Cold Snap","Barrage"],"picked":"BootSequence","floor":5},{"not_picked":["Steam","Multi-Cast"],"picked":"Coolheaded","floor":6},{"not_picked":["Rebound","Chaos"],"picked":"Conserve Battery","floor":8},{"not_picked":["Static Discharge","Recycle"],"picked":"Hologram","floor":11},{"not_picked":["Redo","Leap"],"picked":"BootSequence","floor":13},{"not_picked":["Storm","Double Energy"],"picked":"Conserve Battery","floor":14},{"not_picked":["Reboot","Thunder Strike"],"picked":"All For One","floor":16}],"player_experience":446471,"relics_obtained":[{"floor":6,"key":"Symbiotic Virus"},{"floor":9,"key":"Bronze Scales"},{"floor":13,"key":"Vajra"}],"event_choices":[{"damage_healed":0,"gold_gain":75,"player_choice":"Gather Gold","damage_taken":11,"max_hp_gain":0,"max_hp_loss":0,"event_name":"World of Goop","floor":3,"gold_loss":0}],"is_beta":false,"boss_relics":[{"not_picked":["Empty Cage","Velvet Choker"],"picked":"Inserter"}],"items_purged_floors":[2],"is_endless":false,"potions_floor_spawned":[4,14,16],"ascension_level":3}