{"gold_per_floor":[20,40,53,53,67,67,97,110,135,135,147,164,192,207,207,279,279,299,299,38,57,67,67,92,92,115,115,131,131,131],"floor_reached":30,"playtime":1164,"items_purged":[],"score":502,"play_id":"2ef8162e-66ba-4b29-9456-84ef0078e83d","local_time":"20190513184619","is_ascension_mode":true,"campfire_choices":[{"data":"Bash","floor":6,"key":"SMITH"},{"floor":10,"key":"REST"},{"data":"Perfected Strike","floor":15,"key":"SMITH"},{"data":"Battle Trance","floor":23,"key":"SMITH"},{"floor":25,"key":"REST"},{"data":"Apotheosis","floor":27,"key":"SMITH"},{"data":"Metallicize","floor":29,"key":"SMITH"}],"neow_cost":"NO_GOLD","seed_source_timestamp":317063408337700,"circlet_count":0,"master_deck":["AscendersBane","Strike_R","Strike_R","Strike_R","Strike_R","Strike_R","Defend_R","Defend_R","Defend_R","Defend_R","Bash+1","Twin Strike","Twin Strike","Brutality","Perfected Strike+1","Metallicize+1","Feel No Pain","Immolate","Battle Trance+1","Apotheosis+1","Spot Weakness","True Grit","Fiend Fire","Feel No Pain+1"],"relics":["Burning Blood","Du-Vu Doll","Self Forming Clay","Orichalcum","Lantern","Sozu","Nloth\u0027s Gift","Oddly Smooth Stone","Omamori"],"potions_floor_usage":[13,14,22,22],"damage_taken":[{"damage":7,"enemies":"2 Louse","floor":1,"turns":4},{"damage":1,"enemies":"Cultist","floor":2,"turns":3},{"damage":15,"enemies":"Small Slimes","floor":3,"turns":3},{"damage":28,"enemies":"Exordium Thugs","floor":5,"turns":6},{"damage":23,"enemies":"3 Sentries","floor":7,"turns":8},{"damage":14,"enemies":"Blue Slaver","floor":8,"turns":3},{"damage":5,"enemies":"Looter","floor":11,"turns":2},{"damage":8,"enemies":"Exordium Wildlife","floor":12,"turns":4},{"damage":17,"enemies":"Gremlin Nob","floor":13,"turns":4},{"damage":5,"enemies":"Red Slaver","floor":14,"turns":2},{"damage":26,"enemies":"Slime Boss","floor":16,"turns":9},{"damage":15,"enemies":"Spheric Guardian","floor":18,"turns":4},{"damage":17,"enemies":"3 Byrds","floor":21,"turns":4},{"damage":0,"enemies":"Cultist and Chosen","floor":22,"turns":4},{"damage":29,"enemies":"Slavers","floor":24,"turns":4},{"damage":20,"enemies":"Snake Plant","floor":28,"turns":3},{"damage":31,"enemies":"Shelled Parasite and Fungi","floor":30,"turns":2}],"seed_played":"-1038298374981436573","potions_obtained":[{"floor":5,"key":"EssenceOfSteel"},{"floor":7,"key":"SpeedPotion"},{"floor":13,"key":"Regen Potion"},{"floor":16,"key":"GamblersBrew"}],"is_trial":false,"path_per_floor":["M","M","M","?","M","R","E","M","T","R","M","M","E","M","R","B",null,"M","?","$","M","M","R","E","R","T","R","M","R","M"],"character_chosen":"IRONCLAD","items_purchased":["Apotheosis","Spot Weakness"],"campfire_rested":2,"item_purchase_floors":[20,20],"current_hp_per_floor":[67,72,63,63,41,41,24,16,16,38,39,37,26,32,32,12,59,50,50,50,39,45,45,22,44,44,44,30,30,0],"gold":131,"neow_bonus":"ONE_RARE_RELIC","is_prod":false,"is_daily":false,"chose_seed":false,"campfire_upgraded":5,"win_rate":0,"timestamp":1557787579,"path_taken":["M","M","M","?","?","R","E","M","T","R","M","M","E","M","R","BOSS","M","?","$","M","M","R","E","R","T","R","M","R","?"],"build_version":"2019-01-23","purchased_purges":0,"victory":false,"max_hp_per_floor":[75,75,75,75,75,75,75,75,75,75,75,75,75,75,75,75,75,75,75,75,75,75,75,75,75,75,75,75,75,75],"card_choices":[{"not_picked":["Clothesline","Havoc"],"picked":"Twin Strike","floor":1},{"not_picked":["Flex","Havoc","Anger"],"picked":"SKIP","floor":2},{"not_picked":["Headbutt","Heavy Blade"],"picked":"Twin Strike","floor":3},{"not_picked":["Searing Blow","Cleave"],"picked":"Brutality","floor":5},{"not_picked":["Clash","Whirlwind"],"picked":"Perfected Strike","floor":7},{"not_picked":["Burning Pact","Armaments","Headbutt"],"picked":"SKIP","floor":8},{"not_picked":["Thunderclap","Wild Strike"],"picked":"Metallicize","floor":11},{"not_picked":["Hemokinesis","Entrench","Corruption"],"picked":"SKIP","floor":12},{"not_picked":["Entrench","Clash"],"picked":"Feel No Pain","floor":13},{"not_picked":["Twin Strike","Hemokinesis","Second Wind"],"picked":"SKIP","floor":14},{"not_picked":["Dark Embrace","Impervious"],"picked":"Immolate","floor":16},{"not_picked":["True Grit","Body Slam+1"],"picked":"Battle Trance","floor":18},{"not_picked":["Entrench","Power Through"],"picked":"True Grit","floor":21},{"not_picked":["Headbutt","Perfected Strike","Armaments"],"picked":"SKIP","floor":22},{"not_picked":["Body Slam","Perfected Strike","Fiend Fire"],"picked":"SKIP","floor":24},{"not_picked":["Body Slam","Perfected Strike"],"picked":"Fiend Fire","floor":24},{"not_picked":["Flex+1","Anger"],"picked":"Feel No Pain+1","floor":28}],"player_experience":444926,"relics_obtained":[{"floor":4,"key":"Self Forming Clay"},{"floor":7,"key":"Orichalcum"},{"floor":9,"key":"Bag of Marbles"},{"floor":13,"key":"Lantern"},{"floor":24,"key":"Oddly Smooth Stone"},{"floor":26,"key":"Omamori"}],"event_choices":[{"damage_healed":0,"gold_gain":0,"player_choice":"Relic","damage_taken":0,"max_hp_gain":0,"max_hp_loss":0,"event_name":"Wheel of Change","floor":4,"gold_loss":0},{"damage_healed":0,"gold_gain":0,"player_choice":"Traded Relic","damage_taken":0,"relics_obtained":["Nloth\u0027s Gift"],"max_hp_gain":0,"max_hp_loss":0,"event_name":"N\u0027loth","floor":19,"relics_lost":["Bag of Marbles"],"gold_loss":0}],"is_beta":false,"boss_relics":[{"not_picked":["Busted Crown","Fusion Hammer"],"picked":"Sozu"}],"items_purged_floors":[],"is_endless":false,"potions_floor_spawned":[5,7,13,16,18],"killed_by":"Shelled Parasite and Fungi","ascension_level":18}