{"gold_per_floor":[110,285,285,297,312,341,361,395,420,495,57,89,89,121,121,220,220,234,249,96,96,96,96,109,119,119,147,147,163,163,189,189,291,291,303,303,317,329,329,361,361,361,361,361,361,361,371,170,170,170,170,170,0,29,29],"floor_reached":55,"playtime":3593,"items_purged":["Strike_R","Strike_R","Strike_R+1"],"score":773,"play_id":"6f406c72-6be3-4566-b996-d821629aeada","local_time":"20190614154654","is_ascension_mode":true,"campfire_choices":[{"floor":13,"key":"REST"},{"floor":15,"key":"REST"},{"data":"Double Tap","floor":23,"key":"SMITH"},{"data":"Heavy Blade","floor":28,"key":"SMITH"},{"data":"Inflame","floor":30,"key":"SMITH"},{"data":"True Grit","floor":32,"key":"SMITH"},{"data":"Perfected Strike","floor":41,"key":"PURGE"},{"floor":44,"key":"RECALL"},{"data":"Madness","floor":46,"key":"SMITH"},{"data":"Evolve","floor":49,"key":"SMITH"},{"data":"Doubt","floor":52,"key":"PURGE"}],"neow_cost":"NONE","seed_source_timestamp":124600408630163,"circlet_count":0,"master_deck":["Strike_R+1","Defend_R+1","Defend_R+1","Defend_R+1","Defend_R+1","Bash+1","Heavy Blade+1","Iron Wave","Inflame+1","Shrug It Off","True Grit+1","Double Tap+1","Immolate","Evolve+1","Shrug It Off","Battle Trance","Shrug It Off","Decay","Pommel Strike+1","Injury","Madness+1","Sword Boomerang","Feel No Pain"],"relics":["Burning Blood","Mummified Hand","Strawberry","Du-Vu Doll","Centennial Puzzle","Dead Branch","Anchor","Smiling Mask","Cursed Key","Peace Pipe","Blood Vial","Pocketwatch","Busted Crown","Dodecahedron","Pen Nib","Bronze Scales","Bird Faced Urn"],"potions_floor_usage":[14,14,33,40,50,55,55],"damage_taken":[{"damage":5,"enemies":"Small Slimes","floor":1,"turns":3},{"damage":8,"enemies":"Jaw Worm","floor":4,"turns":3},{"damage":0,"enemies":"2 Louse","floor":5,"turns":2},{"damage":34,"enemies":"Gremlin Nob","floor":6,"turns":5},{"damage":23,"enemies":"Exordium Wildlife","floor":7,"turns":4},{"damage":25,"enemies":"3 Sentries","floor":8,"turns":8},{"damage":1,"enemies":"Gremlin Nob","floor":12,"turns":3},{"damage":28,"enemies":"Lagavulin","floor":14,"turns":6},{"damage":30,"enemies":"Slime Boss","floor":16,"turns":5},{"damage":5,"enemies":"Shell Parasite","floor":18,"turns":4},{"damage":0,"enemies":"Chosen","floor":19,"turns":4},{"damage":5,"enemies":"Snake Plant","floor":24,"turns":3},{"damage":0,"enemies":"Centurion and Healer","floor":25,"turns":4},{"damage":9,"enemies":"Gremlin Leader","floor":27,"turns":5},{"damage":9,"enemies":"3 Cultists","floor":29,"turns":5},{"damage":16,"enemies":"Slavers","floor":31,"turns":4},{"damage":43,"enemies":"Automaton","floor":33,"turns":8},{"damage":6,"enemies":"3 Darklings","floor":35,"turns":5},{"damage":0,"enemies":"Orb Walker","floor":37,"turns":3},{"damage":0,"enemies":"Jaw Worm Horde","floor":38,"turns":4},{"damage":4,"enemies":"Nemesis","floor":40,"turns":7},{"damage":2,"enemies":"3 Darklings","floor":47,"turns":3},{"damage":86,"enemies":"Awakened One","floor":50,"turns":13},{"damage":52,"enemies":"Shield and Spear","floor":54,"turns":6},{"damage":94,"enemies":"The Heart","floor":55,"turns":3}],"seed_played":"8504002216957626134","potions_obtained":[{"floor":6,"key":"Fire Potion"},{"floor":7,"key":"Explosive Potion"},{"floor":18,"key":"Explosive Potion"},{"floor":24,"key":"SpeedPotion"},{"floor":35,"key":"Energy Potion"},{"floor":36,"key":"SpeedPotion"},{"floor":40,"key":"PowerPotion"}],"is_trial":false,"path_per_floor":["M","?","T","M","M","E","M","E","T","?","$","E","R","E","R","B",null,"M","M","$","?","?","R","M","M","T","E","R","M","R","E","R","B",null,"M","?","M","M","?","E","R","?","T","R","?","R","M","$","R","B",null,"R","$","E","B"],"character_chosen":"IRONCLAD","items_purchased":["True Grit","Dead Branch","FearPotion","Shrug It Off","Block Potion","Pen Nib","Bronze Scales","Sword Boomerang"],"campfire_rested":2,"item_purchase_floors":[11,11,11,20,20,48,53,53],"current_hp_per_floor":[80,80,80,78,80,59,42,23,23,12,12,17,43,21,47,23,87,87,87,87,87,87,87,87,87,87,84,84,83,83,75,75,40,87,87,87,87,87,87,87,87,87,87,87,87,87,87,87,87,7,87,87,87,41,0],"gold":29,"neow_bonus":"UPGRADE_CARD","is_prod":false,"is_daily":false,"chose_seed":false,"campfire_upgraded":6,"win_rate":0,"timestamp":1560498414,"path_taken":["M","?","?","M","M","E","M","E","T","?","$","E","R","E","R","BOSS","M","M","$","?","?","R","M","M","T","E","R","M","R","E","R","BOSS","M","?","?","M","?","E","R","?","T","R","?","R","M","$","R","BOSS","R","$","E","BOSS"],"build_version":"2019-01-23","purchased_purges":3,"victory":false,"max_hp_per_floor":[80,80,80,80,80,87,87,87,87,87,87,87,87,87,87,87,87,87,87,87,87,87,87,87,87,87,87,87,87,87,87,87,87,87,87,87,87,87,87,87,87,87,87,87,87,87,87,87,87,87,87,87,87,87,87],"card_choices":[{"not_picked":["Havoc","Feel No Pain"],"picked":"Heavy Blade","floor":1},{"not_picked":["Bloodletting","Infernal Blade"],"picked":"Perfected Strike","floor":4},{"not_picked":["Sword Boomerang","Blood for Blood"],"picked":"Iron Wave","floor":5},{"not_picked":["Body Slam","Perfected Strike"],"picked":"Inflame","floor":6},{"not_picked":["Dual Wield","Rage","Heavy Blade"],"picked":"SKIP","floor":7},{"not_picked":["Offering","Disarm"],"picked":"Shrug It Off","floor":8},{"not_picked":["Anger","Hemokinesis"],"picked":"Double Tap","floor":12},{"not_picked":["Sword Boomerang","Havoc","Power Through"],"picked":"SKIP","floor":14},{"not_picked":["Bludgeon","Double Tap"],"picked":"Immolate","floor":16},{"not_picked":["Rage+1","Dual Wield"],"picked":"Evolve","floor":18},{"not_picked":["Headbutt","Rage","Thunderclap"],"picked":"SKIP","floor":19},{"not_picked":["Pommel Strike","Havoc"],"picked":"Battle Trance","floor":24},{"not_picked":["Heavy Blade","Uppercut+1"],"picked":"Shrug It Off","floor":25},{"not_picked":["Body Slam+1","Armaments","Dual Wield"],"picked":"SKIP","floor":27},{"not_picked":["Anger","Thunderclap+1","Pummel"],"picked":"SKIP","floor":29},{"not_picked":["Perfected Strike+1","Thunderclap","Iron Wave"],"picked":"SKIP","floor":31},{"not_picked":[],"picked":"Pommel Strike+1","floor":35},{"not_picked":["Body Slam+1"],"picked":"SKIP","floor":37},{"not_picked":["Twin Strike"],"picked":"SKIP","floor":38},{"not_picked":["Body Slam"],"picked":"SKIP","floor":40},{"not_picked":[],"picked":"Madness","floor":45},{"not_picked":["True Grit+1"],"picked":"SKIP","floor":47},{"not_picked":[],"picked":"Feel No Pain","floor":54}],"player_experience":200722,"relics_obtained":[{"floor":3,"key":"Mummified Hand"},{"floor":6,"key":"Strawberry"},{"floor":8,"key":"Du-Vu Doll"},{"floor":9,"key":"Centennial Puzzle"},{"floor":12,"key":"Anchor"},{"floor":14,"key":"Smiling Mask"},{"floor":26,"key":"Peace Pipe"},{"floor":27,"key":"Blood Vial"},{"floor":31,"key":"Pocketwatch"},{"floor":40,"key":"Dodecahedron"},{"floor":54,"key":"Bird Faced Urn"}],"event_choices":[{"damage_healed":0,"gold_gain":175,"player_choice":"AGREE","damage_taken":0,"max_hp_gain":0,"max_hp_loss":0,"event_name":"Liars Game","floor":2,"gold_loss":0,"cards_obtained":["Doubt"]},{"damage_healed":0,"gold_gain":75,"player_choice":"Gather Gold","damage_taken":11,"max_hp_gain":0,"max_hp_loss":0,"event_name":"World of Goop","floor":10,"gold_loss":0},{"damage_healed":0,"gold_gain":0,"player_choice":"Ignored","damage_taken":0,"max_hp_gain":0,"max_hp_loss":0,"event_name":"Ghosts","floor":21,"gold_loss":0},{"damage_healed":0,"gold_gain":0,"player_choice":"Simplicity","damage_taken":0,"max_hp_gain":0,"max_hp_loss":0,"event_name":"Back to Basics","floor":22,"gold_loss":0,"cards_upgraded":["Strike_R","Strike_R","Strike_R","Defend_R","Defend_R","Defend_R","Defend_R"]},{"damage_healed":0,"gold_gain":0,"player_choice":"Got Potions","damage_taken":0,"max_hp_gain":0,"max_hp_loss":0,"event_name":"Lab","floor":36,"gold_loss":0},{"damage_healed":0,"gold_gain":0,"player_choice":"Ignored","damage_taken":0,"max_hp_gain":0,"max_hp_loss":0,"event_name":"Tomb of Lord Red Mask","floor":39,"gold_loss":0},{"cards_removed":["Strike_R"],"damage_healed":0,"gold_gain":0,"player_choice":"Removed Attack","damage_taken":0,"max_hp_gain":0,"max_hp_loss":0,"event_name":"Falling","floor":42,"gold_loss":0},{"damage_healed":0,"gold_gain":0,"player_choice":"Memory 1","damage_taken":0,"max_hp_gain":0,"max_hp_loss":0,"event_name":"SensoryStone","floor":45,"gold_loss":0}],"is_beta":false,"boss_relics":[{"not_picked":["Philosopher\u0027s Stone","Velvet Choker"],"picked":"Cursed Key"},{"not_picked":["Mark of Pain","Runic Dome"],"picked":"Busted Crown"}],"items_purged_floors":[11,20,48],"is_endless":false,"potions_floor_spawned":[6,7,12,18,24,27,35,40],"killed_by":"The Heart","ascension_level":1}