{"gold_per_floor":[109,121,133,146,166,166,201,264,264,264,23,40,75,95,95,199,199,211,136,536,58,58,58,75,75,129,157,67,80,95,126,126,221,221,235,285,285,303,303,303,332,332,358,373,220,252,267,12,12,12],"floor_reached":51,"playtime":10829,"items_purged":["Defend_B","Strike_B"],"score":1125,"play_id":"d660902e-0c71-4a03-aec3-1275619e6095","local_time":"20190608232624","is_ascension_mode":true,"campfire_choices":[{"data":"Sunder","floor":6.0,"key":"SMITH"},{"data":"Beam Cell","floor":10.0,"key":"SMITH"},{"floor":15.0,"key":"REST"},{"floor":23,"key":"REST"},{"data":"Conserve Battery","floor":25,"key":"SMITH"},{"data":"Blind","floor":32,"key":"SMITH"},{"data":"Double Energy","floor":40,"key":"SMITH"},{"data":"Deep Breath","floor":42,"key":"SMITH"},{"data":"Defend_B","floor":49,"key":"SMITH"}],"neow_cost":"NONE","seed_source_timestamp":0,"circlet_count":0,"master_deck":["Strike_B","Strike_B+1","Defend_B","Defend_B+1","Zap","Dualcast","Sunder+1","Beam Cell+1","Conserve Battery+1","Double Energy+1","Mayhem+1","Buffer+1","Auto Shields+1","Deep Breath+1","Blind+1","Conserve Battery+1","Buffer+1","Doom and Gloom+1","Meteor Strike+1"],"special_seed":0,"relics":["Runic Pyramid","Bronze Scales","Ginger","Frozen Egg 2","Pantograph","Old Coin","Cables","Sundial","Anchor","Regal Pillow","Boot","Bag of Preparation","Nuclear Battery","StoneCalendar","DataDisk","PreservedInsect","Whetstone","Meat on the Bone","Pen Nib"],"potions_floor_usage":[20,33,36,36,36,41,50],"damage_taken":[{"damage":5.0,"enemies":"2 Louse","floor":1.0,"turns":3.0},{"damage":2.0,"enemies":"Jaw Worm","floor":2.0,"turns":5.0},{"damage":0.0,"enemies":"Small Slimes","floor":3.0,"turns":2.0},{"damage":4.0,"enemies":"Blue Slaver","floor":4.0,"turns":4.0},{"damage":0.0,"enemies":"Red Slaver","floor":5.0,"turns":2.0},{"damage":6.0,"enemies":"Lagavulin","floor":7.0,"turns":5.0},{"damage":14.0,"enemies":"Lagavulin Event","floor":8.0,"turns":3.0},{"damage":12.0,"enemies":"Large Slime","floor":12.0,"turns":2.0},{"damage":13.0,"enemies":"3 Sentries","floor":13.0,"turns":5.0},{"damage":2.0,"enemies":"3 Louse","floor":14.0,"turns":3.0},{"damage":13.0,"enemies":"The Guardian","floor":16.0,"turns":8.0},{"damage":12,"enemies":"Chosen","floor":18,"turns":6},{"damage":22,"enemies":"Colosseum Slavers","floor":20,"turns":3},{"damage":7,"enemies":"Colosseum Nobs","floor":20,"turns":4},{"damage":0,"enemies":"Shell Parasite","floor":24,"turns":5},{"damage":6,"enemies":"Slavers","floor":27,"turns":4},{"damage":3,"enemies":"Centurion and Healer","floor":29,"turns":4},{"damage":0,"enemies":"3 Cultists","floor":30,"turns":5},{"damage":0,"enemies":"Book of Stabbing","floor":31,"turns":5},{"damage":0,"enemies":"Collector","floor":33,"turns":9},{"damage":0,"enemies":"3 Darklings","floor":35,"turns":7},{"damage":2,"enemies":"2 Orb Walkers","floor":36,"turns":7},{"damage":0,"enemies":"3 Shapes","floor":38,"turns":4},{"damage":0,"enemies":"Nemesis","floor":41,"turns":5},{"damage":0,"enemies":"Sphere and 2 Shapes","floor":44,"turns":5},{"damage":0,"enemies":"Reptomancer","floor":46,"turns":5},{"damage":0,"enemies":"Maw","floor":47,"turns":4},{"damage":0,"enemies":"Time Eater","floor":50,"turns":8}],"seed_played":"-3970913304539973353","potions_obtained":[{"floor":1.0,"key":"Energy Potion"},{"floor":4.0,"key":"GamblersBrew"},{"floor":7.0,"key":"SpeedPotion"},{"floor":27,"key":"Block Potion"},{"floor":31,"key":"Dexterity Potion"},{"floor":35,"key":"Energy Potion"},{"floor":36,"key":"Poison Potion"},{"floor":38,"key":"Block Potion"}],"is_trial":false,"path_per_floor":["M","M","M","M","M","R","E","?","T","R","$","M","E","M","R","B",null,"M","?","?","$","?","R","M","R","T","E","$","M","M","E","R","B",null,"M","?","?","M","?","R","E","R","T","M","$","E","M","$","R","B",null],"character_chosen":"DEFECT","items_purchased":["Mayhem+1","Sundial","Deep Breath","Anchor","Blind","Whetstone","Pen Nib"],"campfire_rested":2,"item_purchase_floors":[11,21,21,21,28,45,48],"current_hp_per_floor":[70,68,68,64,64,64,58,44,44,44,44,32,19,17,39,51,69,57,57,28,28,28,50,50,50,50,44,44,41,41,41,41,66,73,73,71,71,71,71,71,71,71,71,71,71,71,71,71,71,75],"gold":12,"neow_bonus":"BOSS_RELIC","is_prod":false,"is_daily":false,"chose_seed":false,"campfire_upgraded":7,"win_rate":0,"timestamp":1560061584,"path_taken":["M","M","M","M","M","R","E","?","T","R","$","M","E","M","R","BOSS","M","?","?","$","?","R","M","R","T","E","$","M","M","E","R","BOSS","M","?","?","?","?","R","E","R","T","M","$","E","M","$","R","BOSS"],"build_version":"2019-01-23","purchased_purges":2,"victory":true,"max_hp_per_floor":[75,75,75,75,75,75,75,75,75,75,75,75,75,75,75,75,75,75,75,75,75,75,75,75,75,75,75,75,75,75,75,75,75,75,75,75,75,75,75,75,75,75,75,75,75,75,75,75,75,75],"card_choices":[{"not_picked":["Glacier","Conserve Battery"],"picked":"Sunder","floor":1.0},{"not_picked":["Cold Snap","Hologram"],"picked":"Beam Cell","floor":2.0},{"not_picked":["Ball Lightning","Aggregate"],"picked":"Conserve Battery","floor":3.0},{"not_picked":["Turbo","Compile Driver","Beam Cell"],"picked":"SKIP","floor":4.0},{"not_picked":["Streamline","Hologram","Turbo"],"picked":"SKIP","floor":5.0},{"not_picked":["Gash","Force Field"],"picked":"Double Energy","floor":7.0},{"not_picked":["Cold Snap","Gash","Lockon"],"picked":"SKIP","floor":12.0},{"not_picked":["Cold Snap","Gash","Lockon"],"picked":"SKIP","floor":12.0},{"not_picked":["Capacitor+1","Biased Cognition+1","Cold Snap"],"picked":"SKIP","floor":13.0},{"not_picked":["Force Field","Steam","Cold Snap"],"picked":"SKIP","floor":14.0},{"not_picked":["Thunder Strike","Meteor Strike"],"picked":"Buffer+1","floor":16.0},{"not_picked":["Skim","Gash","Tempest"],"picked":"SKIP","floor":18},{"not_picked":["Loop+1","Turbo+1"],"picked":"Auto Shields+1","floor":20},{"not_picked":["Sweeping Beam","Streamline","Stack+1"],"picked":"SKIP","floor":24},{"not_picked":["Sweeping Beam","Aggregate+1","Skim"],"picked":"SKIP","floor":27},{"not_picked":["Sweeping Beam","Aggregate+1","Skim"],"picked":"SKIP","floor":27},{"not_picked":["Fission","Sunder"],"picked":"Conserve Battery+1","floor":29},{"not_picked":["BootSequence","Hologram+1","Melter"],"picked":"SKIP","floor":30},{"not_picked":["Lockon","Sweeping Beam","Force Field+1"],"picked":"SKIP","floor":31},{"not_picked":["Electrodynamics+1","Reboot"],"picked":"Buffer+1","floor":33},{"not_picked":["Leap","Consume","Tempest"],"picked":"SKIP","floor":35},{"not_picked":["Barrage","Turbo+1"],"picked":"Doom and Gloom+1","floor":36},{"not_picked":["Chaos","Steam+1","Barrage+1"],"picked":"SKIP","floor":38},{"not_picked":["Lockon+1","Stack+1","Steam+1"],"picked":"SKIP","floor":41},{"not_picked":["Scrape","BootSequence+1"],"picked":"Meteor Strike","floor":44},{"not_picked":["Sweeping Beam","Static Discharge+1","Conserve Battery+1"],"picked":"SKIP","floor":46},{"not_picked":["Lockon+1","Heatsinks+1","Redo+1"],"picked":"SKIP","floor":47}],"player_experience":541096,"relics_obtained":[{"floor":7.0,"key":"Bronze Scales"},{"floor":9.0,"key":"Frozen Egg 2"},{"floor":13.0,"key":"Pantograph"},{"floor":20,"key":"Old Coin"},{"floor":20,"key":"Cables"},{"floor":26,"key":"Regal Pillow"},{"floor":27,"key":"Boot"},{"floor":31,"key":"Bag of Preparation"},{"floor":36,"key":"StoneCalendar"},{"floor":41,"key":"DataDisk"},{"floor":43,"key":"PreservedInsect"},{"floor":46,"key":"Meat on the Bone"}],"event_choices":[{"damage_healed":0.0,"max_hp_gain":0.0,"max_hp_loss":0.0,"gold_gain":0.0,"event_name":"Dead Adventurer","player_choice":"Searched \u00273\u0027 times","floor":8.0,"gold_loss":0.0,"damage_taken":0.0,"relics_obtained":["Ginger"]},{"cards_removed":["Strike_B"],"damage_healed":0,"gold_gain":0,"player_choice":"Gave Gold","damage_taken":0,"max_hp_gain":0,"max_hp_loss":0,"event_name":"Beggar","floor":19,"gold_loss":75},{"damage_healed":0,"gold_gain":0,"player_choice":"Fight","damage_taken":0,"max_hp_gain":0,"max_hp_loss":0,"event_name":"Colosseum","floor":20,"gold_loss":0},{"damage_healed":0,"gold_gain":0,"player_choice":"Fought Nobs","damage_taken":0,"max_hp_gain":0,"max_hp_loss":0,"event_name":"Colosseum","floor":20,"gold_loss":0},{"damage_healed":0,"gold_gain":0,"player_choice":"Ignored","damage_taken":0,"max_hp_gain":0,"max_hp_loss":0,"event_name":"Vampires","floor":22,"gold_loss":0},{"damage_healed":0,"gold_gain":0,"player_choice":"Fight","damage_taken":0,"max_hp_gain":0,"max_hp_loss":0,"event_name":"Mysterious Sphere","floor":36,"gold_loss":0},{"cards_removed":["Defend_B"],"damage_healed":0,"gold_gain":0,"player_choice":"Offered Basic","damage_taken":0,"max_hp_gain":0,"max_hp_loss":0,"event_name":"Bonfire Elementals","floor":37,"gold_loss":0},{"damage_healed":0,"gold_gain":0,"player_choice":"Ignored","damage_taken":0,"max_hp_gain":0,"max_hp_loss":0,"event_name":"Tomb of Lord Red Mask","floor":39,"gold_loss":0}],"is_beta":false,"boss_relics":[{"not_picked":["Runic Dome","Snecko Eye","Pandora\u0027s Box"]},{"not_picked":["Calling Bell","Tiny House"],"picked":"Nuclear Battery"}],"items_purged_floors":[11,48],"is_endless":false,"potions_floor_spawned":[1,4,7,12,13,20,27,29,31,35,36,38],"ascension_level":5}