{"gold_per_floor":[113,113,26,26,39,65,91,91,115,76,86,86,102,130,130,205,205,164,81,91,91,106,106,106],"floor_reached":24,"playtime":804,"items_purged":[],"score":447,"play_id":"3afae285-35ca-48b6-9999-88fd6404e604","local_time":"20190615002557","is_ascension_mode":true,"campfire_choices":[{"floor":8,"key":"REST"},{"floor":12,"key":"REST"},{"floor":15,"key":"REST"},{"floor":23,"key":"REST"}],"neow_cost":"NONE","seed_source_timestamp":160687686093846,"circlet_count":0,"master_deck":["AscendersBane","Zap","Dualcast","White Noise","Cold Snap","Self Repair","Gash","Genetic Algorithm","White Noise","Biased Cognition","Force Field","Glacier+1","Skim","Thunder Strike","Aggregate","Skim","Doom and Gloom","Coolheaded","Defragment","Defragment","Glacier+1"],"relics":["Cracked Core","NeowsBlessing","Pantograph","Odd Mushroom","PreservedInsect","Bottled Flame","Pandora\u0027s Box"],"potions_floor_usage":[7,14,18],"damage_taken":[{"damage":0,"enemies":"2 Louse","floor":1,"turns":1},{"damage":0,"enemies":"Small Slimes","floor":5,"turns":1},{"damage":0,"enemies":"Lagavulin","floor":6,"turns":1},{"damage":42,"enemies":"The Mushroom Lair","floor":7,"turns":5},{"damage":10,"enemies":"Jaw Worm","floor":11,"turns":4},{"damage":15,"enemies":"Exordium Thugs","floor":13,"turns":3},{"damage":30,"enemies":"Gremlin Nob","floor":14,"turns":5},{"damage":58,"enemies":"The Guardian","floor":16,"turns":14},{"damage":26,"enemies":"2 Thieves","floor":18,"turns":5},{"damage":0,"enemies":"Spheric Guardian","floor":20,"turns":8},{"damage":33,"enemies":"Shelled Parasite and Fungi","floor":22,"turns":10},{"damage":45,"enemies":"Gremlin Leader","floor":24,"turns":4}],"seed_played":"-2555699339953612367","potions_obtained":[{"floor":1,"key":"FearPotion"},{"floor":11,"key":"Block Potion"},{"floor":16,"key":"SkillPotion"}],"is_trial":false,"path_per_floor":["M","?","$","?","M","E","?","R","T","?","M","R","M","E","R","B",null,"M","$","M","?","M","R","E"],"character_chosen":"DEFECT","items_purchased":["White Noise","Defragment"],"campfire_rested":4,"item_purchase_floors":[3,19],"current_hp_per_floor":[64,57,57,57,57,57,22,43,43,43,40,61,46,23,44,18,58,39,39,46,46,20,41,0],"gold":106,"neow_bonus":"THREE_ENEMY_KILL","is_prod":false,"is_daily":false,"chose_seed":false,"campfire_upgraded":0,"win_rate":0,"timestamp":1560529557,"path_taken":["M","?","$","?","M","E","?","R","T","?","?","R","M","E","R","BOSS","M","$","M","?","M","R","E"],"build_version":"2019-01-23","purchased_purges":0,"victory":false,"max_hp_per_floor":[71,71,71,71,71,71,71,71,71,71,71,71,71,71,71,71,71,71,71,71,71,71,71,71],"card_choices":[{"not_picked":["Doom and Gloom","Sweeping Beam","Steam"],"picked":"SKIP","floor":1},{"not_picked":["Reprogram","Turbo"],"picked":"Cold Snap","floor":5},{"not_picked":["BootSequence","Turbo"],"picked":"Self Repair","floor":6},{"not_picked":["Static Discharge","Meteor Strike"],"picked":"Gash","floor":7},{"not_picked":["Tempest","Steam"],"picked":"Genetic Algorithm","floor":11},{"not_picked":["Fusion","Go for the Eyes","Rebound"],"picked":"SKIP","floor":13},{"not_picked":["Turbo","Aggregate"],"picked":"White Noise","floor":14},{"not_picked":["Thunder Strike","Machine Learning"],"picked":"Biased Cognition","floor":16},{"not_picked":["Streamline","Melter"],"picked":"Coolheaded","floor":18},{"not_picked":["Steam Power","Doom and Gloom+1"],"picked":"Defragment","floor":20},{"not_picked":["Steam","Hologram"],"picked":"Glacier+1","floor":22}],"player_experience":685848,"relics_obtained":[{"floor":6,"key":"Pantograph"},{"floor":7,"key":"Odd Mushroom"},{"floor":9,"key":"PreservedInsect"},{"floor":14,"key":"Bottled Flame"}],"event_choices":[{"cards_removed":["Strike_B"],"damage_healed":0,"gold_gain":0,"player_choice":"Card Removal","damage_taken":7,"max_hp_gain":0,"max_hp_loss":0,"event_name":"Golden Wing","floor":2,"gold_loss":0},{"damage_healed":0,"gold_gain":0,"player_choice":"Leave","damage_taken":0,"max_hp_gain":0,"max_hp_loss":0,"event_name":"The Cleric","floor":4,"gold_loss":0},{"damage_healed":0,"gold_gain":0,"player_choice":"Fought Mushrooms","damage_taken":0,"max_hp_gain":0,"max_hp_loss":0,"event_name":"Mushrooms","floor":7,"gold_loss":0},{"damage_healed":0,"gold_gain":0,"player_choice":"Left Gold","damage_taken":0,"max_hp_gain":0,"max_hp_loss":0,"event_name":"World of Goop","floor":10,"gold_loss":39},{"damage_healed":0,"gold_gain":0,"player_choice":"Forge","damage_taken":0,"max_hp_gain":0,"max_hp_loss":0,"event_name":"Accursed Blacksmith","floor":21,"gold_loss":0,"cards_upgraded":["Glacier"]}],"is_beta":false,"boss_relics":[{"not_picked":["Fusion Hammer","Nuclear Battery"],"picked":"Pandora\u0027s Box"}],"items_purged_floors":[],"is_endless":false,"potions_floor_spawned":[1,11,16],"killed_by":"Gremlin Leader","ascension_level":19}