{"gold_per_floor":[15,15,34,46,46,46,80,80,103,103,127,127,144,163,163,263,263,280,205,205,205,225,253,253,266,266,278,17,17,17,36,36,133,133,143,0,13,13,13],"floor_reached":39,"playtime":1380,"items_purged":["Strike_R"],"score":599,"play_id":"48b6d225-cf7f-4798-aa52-011634d57994","local_time":"20190331213728","is_ascension_mode":true,"campfire_choices":[{"data":"Armaments","floor":6,"key":"SMITH"},{"data":"Demon Form","floor":8,"key":"SMITH"},{"data":"Flame Barrier","floor":10,"key":"SMITH"},{"data":"Havoc","floor":12,"key":"SMITH"},{"data":"Immolate","floor":15,"key":"SMITH"},{"data":"True Grit","floor":24,"key":"SMITH"},{"floor":29,"key":"REST"},{"floor":32,"key":"REST"}],"neow_cost":"NO_GOLD","seed_source_timestamp":949296700331900,"circlet_count":0,"master_deck":["AscendersBane","Strike_R","Strike_R","Strike_R","Strike_R","Defend_R","Defend_R","Defend_R","Bash","Demon Form+1","Uppercut","Armaments+1","Havoc+1","Flame Barrier+1","Headbutt","Immolate+1","Limit Break","True Grit+1","Evolve","Impervious","Wild Strike+1","Fiend Fire","Reckless Charge+1","Pummel","Reckless Charge+1"],"relics":["Burning Blood","Pen Nib","Sundial","Dream Catcher","Odd Mushroom","White Beast Statue","Pantograph","Paper Frog","Philosopher\u0027s Stone"],"potions_floor_usage":[7,25,33,33,33,37,39],"damage_taken":[{"damage":11,"enemies":"Cultist","floor":1,"turns":4},{"damage":8,"enemies":"Small Slimes","floor":3,"turns":4},{"damage":0,"enemies":"Jaw Worm","floor":4,"turns":4},{"damage":14,"enemies":"Lagavulin","floor":7,"turns":7},{"damage":31,"enemies":"The Mushroom Lair","floor":11,"turns":6},{"damage":4,"enemies":"3 Louse","floor":13,"turns":5},{"damage":1,"enemies":"Exordium Wildlife","floor":14,"turns":4},{"damage":29,"enemies":"Hexaghost","floor":16,"turns":7},{"damage":10,"enemies":"Spheric Guardian","floor":18,"turns":4},{"damage":17,"enemies":"2 Thieves","floor":22,"turns":3},{"damage":15,"enemies":"Gremlin Leader","floor":23,"turns":5},{"damage":25,"enemies":"Snake Plant","floor":25,"turns":5},{"damage":9,"enemies":"Snecko","floor":27,"turns":6},{"damage":33,"enemies":"Chosen and Byrds","floor":31,"turns":8},{"damage":25,"enemies":"Champ","floor":33,"turns":11},{"damage":8,"enemies":"3 Shapes","floor":35,"turns":2},{"damage":34,"enemies":"Orb Walker","floor":37,"turns":5},{"damage":88,"enemies":"Transient","floor":39,"turns":5}],"seed_played":"-5267002681461192279","potions_obtained":[{"floor":1,"key":"SpeedPotion"},{"floor":4,"key":"Regen Potion"},{"floor":11,"key":"Dexterity Potion"},{"floor":16,"key":"Explosive Potion"},{"floor":23,"key":"Block Potion"},{"floor":25,"key":"FearPotion"},{"floor":27,"key":"Weak Potion"},{"floor":31,"key":"Regen Potion"},{"floor":33,"key":"GamblersBrew"},{"floor":35,"key":"AttackPotion"},{"floor":37,"key":"Regen Potion"}],"is_trial":false,"path_per_floor":["M","$","M","M","?","R","E","R","T","R","?","R","M","M","R","B",null,"M","?","?","?","M","E","R","M","T","M","$","R","$","M","R","B",null,"M","$","M","?","M"],"character_chosen":"IRONCLAD","items_purchased":["Paper Frog","Pummel"],"campfire_rested":2,"item_purchase_floors":[28,36],"current_hp_per_floor":[67,67,65,71,64,64,71,71,71,71,46,46,48,53,53,30,68,64,64,64,64,53,44,44,25,25,22,22,46,46,19,43,64,76,74,74,46,46,0],"gold":13,"neow_bonus":"THREE_RARE_CARDS","is_prod":false,"is_daily":false,"chose_seed":false,"campfire_upgraded":6,"win_rate":0,"timestamp":1554082648,"path_taken":["M","$","M","M","?","R","E","R","T","R","?","R","M","M","R","BOSS","M","?","?","?","M","E","R","M","T","M","$","R","$","M","R","BOSS","M","$","M","?","M"],"build_version":"2019-01-23","purchased_purges":1,"victory":false,"max_hp_per_floor":[80,80,80,80,80,80,80,80,80,80,80,80,80,80,80,80,80,80,80,80,80,80,80,80,80,80,80,80,80,80,80,80,80,80,80,80,80,80,80],"card_choices":[{"not_picked":["Double Tap","Impervious"],"picked":"Demon Form","floor":0},{"not_picked":["Fire Breathing","Pummel"],"picked":"Uppercut","floor":1},{"not_picked":["Twin Strike","Entrench"],"picked":"Armaments","floor":3},{"not_picked":["Wild Strike","Pommel Strike"],"picked":"Havoc","floor":4},{"not_picked":["Clash","Havoc"],"picked":"Flame Barrier","floor":7},{"not_picked":["Body Slam","Iron Wave"],"picked":"Headbutt","floor":11},{"not_picked":["Havoc","Wild Strike","Rage"],"picked":"SKIP","floor":13},{"not_picked":["Iron Wave","Entrench"],"picked":"Immolate","floor":14},{"not_picked":["Bludgeon","Exhume"],"picked":"Limit Break","floor":16},{"not_picked":["Flex","Warcry","Headbutt"],"picked":"SKIP","floor":18},{"not_picked":["Searing Blow","Anger+1"],"picked":"Evolve","floor":22},{"not_picked":["Twin Strike","Rampage","Shrug It Off+1"],"picked":"SKIP","floor":23},{"not_picked":["Clothesline","Perfected Strike","Spot Weakness"],"picked":"SKIP","floor":25},{"not_picked":["Havoc","True Grit+1","Uppercut+1"],"picked":"SKIP","floor":27},{"not_picked":["Clash","Body Slam"],"picked":"Impervious","floor":29},{"not_picked":["Anger","Entrench"],"picked":"Wild Strike+1","floor":31},{"not_picked":["Immolate","Limit Break"],"picked":"Fiend Fire","floor":33},{"not_picked":["Sword Boomerang","Clash+1"],"picked":"Reckless Charge+1","floor":35},{"not_picked":["Heavy Blade","Limit Break","Clothesline+1"],"picked":"SKIP","floor":37}],"player_experience":361783,"relics_obtained":[{"floor":7,"key":"Sundial"},{"floor":9,"key":"Dream Catcher"},{"floor":11,"key":"Odd Mushroom"},{"floor":23,"key":"Pantograph"}],"event_choices":[{"damage_healed":0,"gold_gain":0,"player_choice":"Success","damage_taken":7,"relics_obtained":["Pen Nib"],"max_hp_gain":0,"max_hp_loss":0,"event_name":"Scrap Ooze","floor":5,"gold_loss":0},{"damage_healed":0,"gold_gain":0,"player_choice":"Fought Mushrooms","damage_taken":0,"max_hp_gain":0,"max_hp_loss":0,"event_name":"Mushrooms","floor":11,"gold_loss":0},{"cards_removed":["Defend_R"],"damage_healed":0,"gold_gain":0,"player_choice":"Gave Gold","damage_taken":0,"max_hp_gain":0,"max_hp_loss":0,"event_name":"Beggar","floor":19,"gold_loss":75},{"damage_healed":0,"gold_gain":0,"player_choice":"Ignored","damage_taken":0,"max_hp_gain":0,"max_hp_loss":0,"event_name":"The Mausoleum","floor":20,"gold_loss":0},{"damage_healed":0,"gold_gain":0,"player_choice":"Read","damage_taken":0,"max_hp_gain":0,"max_hp_loss":0,"event_name":"The Library","floor":21,"gold_loss":0,"cards_obtained":["True Grit"]},{"damage_healed":0,"gold_gain":0,"player_choice":"Copied","damage_taken":0,"max_hp_gain":0,"max_hp_loss":0,"event_name":"Duplicator","floor":38,"gold_loss":0,"cards_obtained":["Reckless Charge"]}],"is_beta":false,"boss_relics":[{"not_picked":["Calling Bell","Eternal Feather"],"picked":"White Beast Statue"},{"not_picked":["Orrery","Empty Cage"],"picked":"Philosopher\u0027s Stone"}],"items_purged_floors":[36],"is_endless":false,"potions_floor_spawned":[1,4,11,16,18,22,23,25,27,31,33,35,37],"killed_by":"Transient","ascension_level":10}