{"gold_per_floor":[117,130,205,223,17,76,91,91,91,6,6,35,55,86,86,189,189,201,220,260,298,298,30,75,75,121,185,185],"floor_reached":28,"playtime":7748,"items_purged":["Strike_MRS"],"score":276,"play_id":"b5848084-4475-4f82-875c-a45e0619ab59","local_time":"20190210203034","is_ascension_mode":false,"campfire_choices":[{"floor":11,"key":"REST"},{"floor":15,"key":"REST"},{"floor":25,"key":"REST"}],"neow_cost":"NONE","seed_source_timestamp":0,"circlet_count":0,"master_deck":["Strike_MRS","Strike_MRS+1","Strike_MRS","Defend_MRS+1","Defend_MRS","Defend_MRS","Defend_MRS+1","MasterSpark","UpSweep","LuminesStrike","BinaryStars","MillisecondPulsars","IllusionStar","SprinkleStarSeal","RefractionSpark","EarthLightRay","6A+1","EarthLightRay","SporeBomb","Robbery+1","GalacticHalo+1","EnergyFlow"],"special_seed":0,"relics":["MiniHakkero","Tiny Chest","Ancient Tea Set","Dodecahedron","Whetstone","Philosopher\u0027s Stone","Red Mask","Strange Spoon","Blood Vial","Centennial Puzzle","War Paint"],"potions_floor_usage":[6,6,6,6,6,28],"damage_taken":[{"damage":0.0,"enemies":"Cultist","floor":1.0,"turns":3.0},{"damage":1.0,"enemies":"2 Louse","floor":2.0,"turns":3.0},{"damage":8.0,"enemies":"Small Slimes","floor":4.0,"turns":3.0},{"damage":12,"enemies":"Gremlin Nob","floor":6,"turns":4},{"damage":5,"enemies":"Looter","floor":7,"turns":3},{"damage":26,"enemies":"Lagavulin","floor":12,"turns":6},{"damage":2,"enemies":"3 Louse","floor":13,"turns":3},{"damage":18,"enemies":"3 Sentries","floor":14,"turns":5},{"damage":51,"enemies":"The Guardian","floor":16,"turns":11},{"damage":0,"enemies":"Chosen","floor":18,"turns":4},{"damage":11,"enemies":"Spheric Guardian","floor":19,"turns":4},{"damage":26,"enemies":"Centurion and Healer","floor":20,"turns":5},{"damage":34,"enemies":"Masked Bandits","floor":21,"turns":4},{"damage":49,"enemies":"Book of Stabbing","floor":24,"turns":7},{"damage":26,"enemies":"Gremlin Leader","floor":27,"turns":8},{"damage":15,"enemies":"Snake Plant","floor":28,"turns":3}],"seed_played":"-6279038508280727301","potions_obtained":[{"floor":0.0,"key":"EntropicBrew"},{"floor":0.0,"key":"EntropicBrew"},{"floor":0.0,"key":"SkillPotion"},{"floor":7,"key":"FearPotion"},{"floor":14,"key":"Swift Potion"},{"floor":16,"key":"EntropicBrew"}],"is_trial":false,"path_per_floor":["M","M","?","M","$","E","M","?","T","$","R","E","M","E","R","B",null,"M","M","M","?","?","$","E","R","T","E","M"],"character_chosen":"MARISA","items_purchased":["MillisecondPulsars","IllusionStar","EarthLightRay","6A","Strange Spoon"],"campfire_rested":3,"item_purchase_floors":[5,5,10,10,23],"current_hp_per_floor":[75,74,63,55,55,43,38,38,38,38,60,38,40,30,52,9,75,75,64,46,20,45,45,12,34,34,18,13],"gold":185,"neow_bonus":"THREE_SMALL_POTIONS","is_prod":false,"is_daily":false,"chose_seed":false,"campfire_upgraded":0,"win_rate":0.0,"timestamp":1549827034,"path_taken":["M","M","?","M","$","E","M","?","T","$","R","E","M","E","R","BOSS","M","M","M","?","?","$","E","R","T","E","M"],"build_version":"2019-01-23","purchased_purges":1,"victory":false,"max_hp_per_floor":[75,75,75,75,75,75,75,75,75,75,75,75,75,75,75,75,75,75,75,75,75,75,75,75,75,75,75,75],"card_choices":[{"not_picked":["DragonMeteor","NonDirectionalLaser","WitchOfGreed"],"picked":"SKIP","floor":1.0},{"not_picked":["GalacticHalo","AsteroidBelt"],"picked":"LuminesStrike","floor":2.0},{"not_picked":["BlazeAway","LuminesStrike"],"picked":"BinaryStars","floor":4.0},{"not_picked":["WitchOfGreed","MagicAbsorber"],"picked":"SprinkleStarSeal","floor":6},{"not_picked":["EnergyRecoil","WitchOfGreed"],"picked":"RefractionSpark","floor":7},{"not_picked":["6A","PowerUp"],"picked":"EarthLightRay","floor":12},{"not_picked":["PowerUp","DoubleSpark"],"picked":"SporeBomb","floor":13},{"not_picked":["ManaRampage","SuperPerseids","OpenUniverse"],"picked":"SKIP","floor":14},{"not_picked":["WitchOfGreed","ShootingEcho+1","ManaConvection"],"picked":"SKIP","floor":18},{"not_picked":["EarthLightRay","UnstableBomb"],"picked":"Robbery+1","floor":19},{"not_picked":["MeteoricShower","WitchOfGreed","WitchLeyline"],"picked":"SKIP","floor":20},{"not_picked":["SporeBomb+1","CasketOfStar"],"picked":"GalacticHalo+1","floor":21},{"not_picked":["StarBarrage","SuperPerseids+1"],"picked":"EnergyFlow","floor":24},{"not_picked":["DarkSpark","DoubleSpark","6A"],"picked":"SKIP","floor":27}],"player_experience":213346,"relics_obtained":[{"floor":6,"key":"Tiny Chest"},{"floor":9,"key":"Ancient Tea Set"},{"floor":12,"key":"Dodecahedron"},{"floor":14,"key":"Whetstone"},{"floor":21,"key":"Red Mask"},{"floor":24,"key":"Blood Vial"},{"floor":26,"key":"Centennial Puzzle"},{"floor":27,"key":"War Paint"}],"event_choices":[{"damage_healed":0.0,"max_hp_gain":0.0,"max_hp_loss":0.0,"gold_gain":75.0,"event_name":"World of Goop","player_choice":"Gather Gold","floor":3.0,"gold_loss":0.0,"damage_taken":11.0},{"damage_healed":0,"gold_gain":0,"player_choice":"Ignored","damage_taken":0,"max_hp_gain":0,"max_hp_loss":0,"event_name":"Liars Game","floor":8,"gold_loss":0},{"damage_healed":0,"gold_gain":0,"player_choice":"Fought Bandits","damage_taken":0,"max_hp_gain":0,"max_hp_loss":0,"event_name":"Masked Bandits","floor":21,"gold_loss":0},{"damage_healed":25,"gold_gain":0,"player_choice":"Heal","damage_taken":0,"max_hp_gain":0,"max_hp_loss":0,"event_name":"The Library","floor":22,"gold_loss":0}],"is_beta":false,"boss_relics":[{"not_picked":["Tiny House","Velvet Choker"],"picked":"Philosopher\u0027s Stone"}],"items_purged_floors":[23],"is_endless":false,"potions_floor_spawned":[1,2,7,14,16,21,27],"killed_by":"Snake Plant","ascension_level":0}