{"gold_per_floor":[114,114,130,146,156,186,186,63,63,119,145,7,22,32,32,131,131,141,54,70,100,111,143,143,143,189,217,249,281,321,353,365,473,485,508,520,549,571,583,624,649,661,673,699,4,24,54,70,70,70],"floor_reached":51,"playtime":6974,"items_purged":[],"score":858,"play_id":"8c4d6831-5346-4b52-9892-259c418558bc","local_time":"20181125023925","is_ascension_mode":false,"campfire_choices":[{"floor":7,"key":"REST"},{"floor":15,"key":"REST"},{"floor":24,"key":"REST"},{"floor":32,"key":"REST"},{"floor":42,"key":"REST"},{"data":"Strike_B","floor":49,"key":"PURGE"}],"neow_cost":"NONE","seed_source_timestamp":786068068445180,"circlet_count":0,"master_deck":["Strike_B","Defend_B","Defend_B","Defend_B","Defend_B","Zap","Dualcast","Capacitor+1","Conserve Battery+1","Coolheaded","Blizzard","Self Repair+1","Coolheaded+1","Electrodynamics+1","Genetic Algorithm","Storm+1","Conserve Battery","Hello World+1","Coolheaded","Electrodynamics+1","Ball Lightning+1","Static Discharge+1","Static Discharge+1","Conserve Battery","Rainbow","Core Surge","Sunder","Doom and Gloom","Self Repair+1","Machine Learning+1","Thunder Strike","Pain","Steam","Finesse","Darkness+1","Self Repair+1","Capacitor+1","Loop+1","Heatsinks+1","Loop+1","Buffer+1","Static Discharge+1","Glacier","Machine Learning+1"],"relics":["Cracked Core","Frozen Egg 2","The Courier","Sundial","Peace Pipe","Sozu","Red Mask","Matryoshka","Meat on the Bone","Darkstone Periapt","Smiling Mask","MawBank","Shuriken","Empty Cage","WarpedTongs","Bottled Flame","Ornamental Fan","Singing Bowl","ClockworkSouvenir","War Paint","Vajra"],"potions_floor_usage":[16,16,16,50],"damage_taken":[{"damage":0,"enemies":"Jaw Worm","floor":1,"turns":4},{"damage":10,"enemies":"Cultist","floor":3,"turns":4},{"damage":0,"enemies":"Small Slimes","floor":4,"turns":4},{"damage":2,"enemies":"Looter","floor":5,"turns":4},{"damage":13,"enemies":"Lagavulin","floor":6,"turns":8},{"damage":27,"enemies":"3 Sentries","floor":10,"turns":8},{"damage":15,"enemies":"3 Sentries","floor":11,"turns":4},{"damage":31,"enemies":"Lots of Slimes","floor":13,"turns":3},{"damage":10,"enemies":"2 Fungi Beasts","floor":14,"turns":2},{"damage":0,"enemies":"Hexaghost","floor":16,"turns":8},{"damage":3,"enemies":"3 Byrds","floor":18,"turns":2},{"damage":32,"enemies":"2 Thieves","floor":20,"turns":3},{"damage":0,"enemies":"Masked Bandits","floor":21,"turns":2},{"damage":0,"enemies":"Snecko","floor":22,"turns":4},{"damage":28,"enemies":"Slavers","floor":23,"turns":3},{"damage":22,"enemies":"Gremlin Leader","floor":27,"turns":5},{"damage":26,"enemies":"Snake Plant","floor":28,"turns":3},{"damage":4,"enemies":"Centurion and Healer","floor":29,"turns":4},{"damage":23,"enemies":"Slavers","floor":30,"turns":2},{"damage":6,"enemies":"Chosen and Byrds","floor":31,"turns":3},{"damage":31,"enemies":"Collector","floor":33,"turns":7},{"damage":12,"enemies":"3 Shapes","floor":35,"turns":2},{"damage":14,"enemies":"3 Darklings","floor":37,"turns":2},{"damage":45,"enemies":"Spire Growth","floor":38,"turns":4},{"damage":19,"enemies":"Reptomancer","floor":40,"turns":5},{"damage":57,"enemies":"Jaw Worm Horde","floor":41,"turns":5},{"damage":25,"enemies":"Maw","floor":44,"turns":6},{"damage":30,"enemies":"3 Darklings","floor":46,"turns":5},{"damage":60,"enemies":"Nemesis","floor":47,"turns":7},{"damage":22,"enemies":"Sphere and 2 Shapes","floor":48,"turns":4},{"damage":56,"enemies":"Donu and Deca","floor":50,"turns":9}],"seed_played":"2495927935636681946","potions_obtained":[{"floor":1,"key":"PowerPotion"},{"floor":10,"key":"Weak Potion"},{"floor":13,"key":"LiquidBronze"},{"floor":16,"key":"Block Potion"}],"is_trial":false,"path_per_floor":["M","?","M","M","M","E","R","$","T","?","E","$","M","M","R","B",null,"M","$","M","?","M","E","R","?","T","E","M","M","E","M","R","B",null,"M","?","M","M","?","E","M","R","T","M","$","M","E","M","R","B",null],"character_chosen":"DEFECT","items_purchased":["Self Repair+1","Coolheaded","Storm+1","Conserve Battery","Hello World+1","Static Discharge+1","Static Discharge+1","ClockworkSouvenir","War Paint","Capacitor+1","Loop+1","Heatsinks+1","Loop+1","Buffer+1","Static Discharge+1"],"campfire_rested":5,"item_purchase_floors":[8,8,12,12,12,19,19,45,45,45,45,45,45,45,45],"current_hp_per_floor":[82,82,72,72,70,57,81,81,81,64,59,59,38,28,52,62,82,82,82,60,60,70,52,76,76,76,64,50,56,45,61,82,51,82,70,76,62,49,49,62,37,63,63,82,82,84,66,86,86,42],"gold":70,"neow_bonus":"TEN_PERCENT_HP_BONUS","is_prod":false,"is_daily":false,"chose_seed":false,"campfire_upgraded":0,"win_rate":0.0,"timestamp":1543131565,"path_taken":["M","?","M","?","M","E","R","?","T","?","E","$","M","M","R","BOSS","M","$","M","?","M","E","R","?","T","E","M","M","E","M","R","BOSS","M","?","?","M","?","E","M","R","T","M","$","M","E","M","R","BOSS"],"build_version":"2018-11-15","purchased_purges":0,"victory":true,"max_hp_per_floor":[82,82,82,82,82,82,82,82,82,82,82,82,82,82,82,82,82,82,82,82,82,82,82,82,82,82,82,82,82,82,82,82,82,82,82,88,88,88,88,88,88,88,88,90,90,92,92,92,92,92],"card_choices":[{"not_picked":["Turbo","Ball Lightning"],"picked":"Capacitor","floor":1},{"not_picked":["Coolheaded","Turbo","Hologram"],"picked":"SKIP","floor":3},{"not_picked":["Consume","Coolheaded"],"picked":"Conserve Battery","floor":4},{"not_picked":["Undo","Blizzard"],"picked":"Coolheaded","floor":5},{"not_picked":["Rebound","Lockon"],"picked":"Blizzard","floor":6},{"not_picked":["Chill","Heatsinks+1"],"picked":"Electrodynamics+1","floor":10},{"not_picked":["Tempest","Go for the Eyes"],"picked":"Genetic Algorithm","floor":11},{"not_picked":["Barrage","Sweeping Beam"],"picked":"Coolheaded","floor":13},{"not_picked":["Compile Driver","Go for the Eyes","Cold Snap"],"picked":"SKIP","floor":14},{"not_picked":["Buffer+1","Multi-Cast"],"picked":"Electrodynamics+1","floor":16},{"not_picked":["Compile Driver","Hologram"],"picked":"Ball Lightning+1","floor":18},{"not_picked":["Hologram","Rip and Tear+1"],"picked":"Conserve Battery","floor":20},{"not_picked":["Leap+1","Cold Snap"],"picked":"Rainbow","floor":22},{"not_picked":["Compile Driver+1","Coolheaded"],"picked":"Core Surge","floor":23},{"not_picked":["Gash+1","Aggregate"],"picked":"Sunder","floor":27},{"not_picked":["Go for the Eyes","Hologram"],"picked":"Doom and Gloom","floor":28},{"not_picked":["Ball Lightning","Rip and Tear","Gash"],"picked":"SKIP","floor":29},{"not_picked":["Rebound","Doom and Gloom+1"],"picked":"Self Repair+1","floor":30},{"not_picked":["Steam","Leap"],"picked":"Machine Learning+1","floor":31},{"not_picked":["Buffer+1","Electrodynamics+1"],"picked":"Thunder Strike","floor":33},{"not_picked":["Cold Snap","Turbo+1","Tempest"],"picked":"SKIP","floor":35},{"not_picked":["Ball Lightning+1","Double Energy"],"picked":"Steam","floor":37},{"not_picked":["Streamline","Hologram+1","Compile Driver"],"picked":"SKIP","floor":38},{"not_picked":["Panache+1","Panacea"],"picked":"Finesse","floor":39},{"not_picked":["Force Field+1","Hologram+1"],"picked":"Darkness+1","floor":40},{"not_picked":["Force Field","Leap"],"picked":"Self Repair+1","floor":41},{"not_picked":["Ball Lightning+1","Cold Snap+1","Leap"],"picked":"Singing Bowl","floor":44},{"not_picked":["Chill","Rebound","Go for the Eyes+1"],"picked":"Singing Bowl","floor":46},{"not_picked":["Reinforced Body","Hologram"],"picked":"Glacier","floor":47},{"not_picked":["Go for the Eyes+1","Hologram+1"],"picked":"Machine Learning+1","floor":48}],"player_experience":318866,"relics_obtained":[{"floor":6,"key":"Frozen Egg 2"},{"floor":9,"key":"The Courier"},{"floor":10,"key":"Sundial"},{"floor":11,"key":"Peace Pipe"},{"floor":21,"key":"Red Mask"},{"floor":23,"key":"Matryoshka"},{"floor":26,"key":"Darkstone Periapt"},{"floor":26,"key":"Smiling Mask"},{"floor":27,"key":"MawBank"},{"floor":30,"key":"Shuriken"},{"floor":40,"key":"Bottled Flame"},{"floor":43,"key":"Ornamental Fan"},{"floor":43,"key":"Singing Bowl"},{"floor":47,"key":"Vajra"}],"event_choices":[{"damage_healed":0,"gold_gain":0,"player_choice":"Upgraded","damage_taken":0,"max_hp_gain":0,"max_hp_loss":0,"event_name":"Upgrade Shrine","floor":2,"gold_loss":0,"cards_upgraded":["Capacitor"]},{"damage_healed":0,"gold_gain":0,"player_choice":"Searched \u00272\u0027 times","damage_taken":0,"max_hp_gain":0,"max_hp_loss":0,"event_name":"Dead Adventurer","floor":10,"gold_loss":0},{"damage_healed":0,"gold_gain":0,"player_choice":"Fought Bandits","damage_taken":0,"max_hp_gain":0,"max_hp_loss":0,"event_name":"Masked Bandits","floor":21,"gold_loss":0},{"damage_healed":0,"gold_gain":0,"player_choice":"Opened","damage_taken":0,"relics_obtained":["Meat on the Bone"],"max_hp_gain":0,"max_hp_loss":0,"event_name":"The Mausoleum","floor":25,"gold_loss":0},{"damage_healed":0,"gold_gain":0,"player_choice":"Rummage","damage_taken":0,"relics_obtained":["WarpedTongs"],"max_hp_gain":0,"max_hp_loss":0,"event_name":"Accursed Blacksmith","floor":36,"gold_loss":0,"cards_obtained":["Pain"]},{"damage_healed":0,"gold_gain":0,"player_choice":"Memory 1","damage_taken":0,"max_hp_gain":0,"max_hp_loss":0,"event_name":"SensoryStone","floor":39,"gold_loss":0}],"is_beta":false,"boss_relics":[{"not_picked":["Snecko Eye","Philosopher\u0027s Stone"],"picked":"Sozu"},{"not_picked":["FrozenCore","Lizard Tail"],"picked":"Empty Cage"}],"items_purged_floors":[],"is_endless":false,"potions_floor_spawned":[1,10,13,16,21,22,23,30,33,40,41,46,47],"ascension_level":0}