{"gold_per_floor":[115,133,133,63,83,83,112,112,112,8,38,38,38,58,58,157,157,173,193,32,52,52,80,80,110,110,110,137,137,56,70,70,171,171,185,198,217,217,217,248,265,12,12,12,31,44,44,59,59,59,59,59,8,37,37],"floor_reached":55,"playtime":3645,"items_purged":[],"score":894,"play_id":"fa6d0578-2eb5-4dd4-aed5-e6527bab4548","local_time":"20190606222932","is_ascension_mode":true,"campfire_choices":[{"data":"Glacier","floor":6.0,"key":"SMITH"},{"data":"Loop","floor":8.0,"key":"SMITH"},{"data":"Conserve Battery","floor":13.0,"key":"SMITH"},{"data":"Go for the Eyes","floor":15.0,"key":"SMITH"},{"data":"Redo","floor":24.0,"key":"SMITH"},{"data":"Dualcast","floor":27.0,"key":"SMITH"},{"data":"Blind","floor":29.0,"key":"SMITH"},{"data":"Chill","floor":32.0,"key":"SMITH"},{"data":"Chrysalis","floor":47,"key":"SMITH"},{"floor":49,"key":"RECALL"},{"data":"Echo Form","floor":52,"key":"SMITH"}],"neow_cost":"NONE","seed_source_timestamp":0,"circlet_count":0,"master_deck":["Strike_B","Strike_B","Strike_B","Strike_B","Defend_B","Defend_B","Defend_B","Defend_B","Zap+1","Dualcast+1","Genetic Algorithm","Glacier+1","Loop+1","Cold Snap","Electrodynamics","Chill+1","Steam","Conserve Battery+1","Go for the Eyes+1","Biased Cognition","Turbo+1","Defragment","Scrape","Blind+1","Redo+1","Leap+1","FTL","Flash of Steel","Core Surge","All For One","Coolheaded+1","Chrysalis+1","Good Instincts","Echo Form+1","Coolheaded+1","Apotheosis","Steam","Go for the Eyes","Go for the Eyes+1","Reprogram+1","Steam+1"],"special_seed":0,"relics":["Cracked Core","Gremlin Horn","Meat on the Bone","Symbiotic Virus","Art of War","Coffee Dripper","Unceasing Top","Dream Catcher","Bag of Marbles","Mercury Hourglass","Lizard Tail","PreservedInsect","Orichalcum"],"potions_floor_usage":[45,54,55],"damage_taken":[{"damage":0.0,"enemies":"Cultist","floor":1.0,"turns":4.0},{"damage":6.0,"enemies":"Jaw Worm","floor":2.0,"turns":3.0},{"damage":3.0,"enemies":"2 Louse","floor":5.0,"turns":2.0},{"damage":23.0,"enemies":"3 Sentries","floor":7.0,"turns":9.0},{"damage":2.0,"enemies":"Gremlin Nob","floor":11.0,"turns":4.0},{"damage":0.0,"enemies":"Blue Slaver","floor":14.0,"turns":4.0},{"damage":29.0,"enemies":"The Guardian","floor":16.0,"turns":11.0},{"damage":0.0,"enemies":"Chosen","floor":18.0,"turns":5.0},{"damage":0.0,"enemies":"3 Byrds","floor":19.0,"turns":4.0},{"damage":15.0,"enemies":"Shelled Parasite and Fungi","floor":21.0,"turns":6.0},{"damage":23.0,"enemies":"Slavers","floor":23.0,"turns":3.0},{"damage":0.0,"enemies":"Gremlin Leader","floor":25.0,"turns":5.0},{"damage":29.0,"enemies":"Slavers","floor":28.0,"turns":5.0},{"damage":0.0,"enemies":"Snecko","floor":31.0,"turns":4.0},{"damage":7.0,"enemies":"Collector","floor":33.0,"turns":11.0},{"damage":0.0,"enemies":"Orb Walker","floor":35.0,"turns":3.0},{"damage":4.0,"enemies":"3 Darklings","floor":36.0,"turns":5.0},{"damage":1.0,"enemies":"Spire Growth","floor":37.0,"turns":4.0},{"damage":69.0,"enemies":"Giant Head","floor":40.0,"turns":14.0},{"damage":4.0,"enemies":"Jaw Worm Horde","floor":41.0,"turns":5.0},{"damage":0,"enemies":"Sphere and 2 Shapes","floor":45,"turns":4},{"damage":0,"enemies":"Maw","floor":46,"turns":6},{"damage":11,"enemies":"Spire Growth","floor":48,"turns":6},{"damage":20,"enemies":"Donu and Deca","floor":50,"turns":11},{"damage":6,"enemies":"Shield and Spear","floor":54,"turns":7},{"damage":117,"enemies":"The Heart","floor":55,"turns":11}],"seed_played":"-3347141460671252847","potions_obtained":[{"floor":1.0,"key":"FocusPotion"},{"floor":7.0,"key":"Ancient Potion"},{"floor":11.0,"key":"Strength Potion"},{"floor":18.0,"key":"Ancient Potion"},{"floor":31.0,"key":"FocusPotion"},{"floor":36.0,"key":"Fruit Juice"},{"floor":40.0,"key":"Poison Potion"},{"floor":45,"key":"Poison Potion"}],"is_trial":false,"path_per_floor":["M","M","T","$","M","R","E","R","T","$","E","$","R","M","R","B",null,"M","M","$","M","?","E","R","E","T","R","E","R","$","M","R","B",null,"M","M","M","?","?","E","M","$","T","?","M","M","R","M","R","B",null,"R","$","E","B"],"character_chosen":"DEFECT","items_purchased":["Loop","Chill","Steam","Scrape","Blind","Flash of Steel","Apotheosis","Steam","Go for the Eyes","Energy Potion"],"campfire_rested":0,"item_purchase_floors":[4,10,10,20,20,30,42,42,42,53],"current_hp_per_floor":[75,69,69,69,66,66,43,43,43,43,41,41,41,41,41,24,75,75,75,75,60,60,49,49,49,49,49,32,32,32,44,44,49,75,75,76,75,75,70,13,21,21,21,13,25,37,37,38,38,30,80,80,80,74,0],"gold":37,"neow_bonus":"UPGRADE_CARD","is_prod":false,"is_daily":false,"chose_seed":false,"campfire_upgraded":10,"win_rate":0,"timestamp":1559885372,"path_taken":["M","M","?","$","M","R","E","R","T","$","E","?","R","M","R","BOSS","M","M","?","M","?","E","R","E","T","R","E","R","$","M","R","BOSS","M","M","M","?","?","E","M","?","T","?","?","M","R","M","R","BOSS","R","$","E","BOSS"],"build_version":"2019-01-23","purchased_purges":0,"victory":false,"max_hp_per_floor":[75,75,75,75,75,75,75,75,75,75,75,75,75,75,75,75,75,75,75,75,75,75,75,75,75,75,75,75,75,75,75,75,75,75,75,80,80,80,80,80,80,80,80,80,80,80,80,80,80,80,80,80,80,80,80],"card_choices":[{"not_picked":["Conserve Battery","Streamline"],"picked":"Genetic Algorithm","floor":1.0},{"not_picked":["Go for the Eyes","Sweeping Beam"],"picked":"Glacier","floor":2.0},{"not_picked":["Rebound","Lockon"],"picked":"Cold Snap","floor":5.0},{"not_picked":["Gash","Hologram"],"picked":"Electrodynamics","floor":7.0},{"not_picked":["Darkness","Fusion"],"picked":"Conserve Battery","floor":11.0},{"not_picked":["Beam Cell","Rebound"],"picked":"Go for the Eyes","floor":14.0},{"not_picked":["Meteor Strike","Creative AI"],"picked":"Biased Cognition","floor":16.0},{"not_picked":["FTL","Steam"],"picked":"Turbo+1","floor":18.0},{"not_picked":["Fusion","Conserve Battery"],"picked":"Defragment","floor":19.0},{"not_picked":["Blizzard","Gash+1"],"picked":"Redo","floor":21.0},{"not_picked":["Streamline+1","Rebound+1","Blizzard+1"],"picked":"SKIP","floor":23.0},{"not_picked":["BootSequence","Glacier+1"],"picked":"Leap+1","floor":25.0},{"not_picked":["Lockon","Doom and Gloom"],"picked":"FTL","floor":28.0},{"not_picked":["Fusion","Lockon"],"picked":"Core Surge","floor":31.0},{"not_picked":["Electrodynamics","Meteor Strike"],"picked":"All For One","floor":33.0},{"not_picked":["Self Repair+1","Darkness","Conserve Battery"],"picked":"SKIP","floor":35.0},{"not_picked":["Reprogram","Heatsinks+1"],"picked":"Coolheaded+1","floor":36.0},{"not_picked":["Streamline","Conserve Battery","Genetic Algorithm+1"],"picked":"SKIP","floor":37.0},{"not_picked":["Forethought","Discovery"],"picked":"Chrysalis","floor":39.0},{"not_picked":["Deep Breath","Discovery"],"picked":"Good Instincts","floor":39.0},{"not_picked":["Loop","Stack"],"picked":"Echo Form","floor":40.0},{"not_picked":["BootSequence","Go for the Eyes"],"picked":"Coolheaded+1","floor":41.0},{"not_picked":["Undo+1","Streamline+1"],"picked":"Go for the Eyes+1","floor":45},{"not_picked":["Static Discharge+1","Consume"],"picked":"Reprogram+1","floor":46},{"not_picked":["Barrage","Tempest+1"],"picked":"Steam+1","floor":48},{"not_picked":["Redo","Tempest+1","Cold Snap+1"],"picked":"SKIP","floor":54}],"player_experience":522027,"relics_obtained":[{"floor":3.0,"key":"Gremlin Horn"},{"floor":7.0,"key":"Meat on the Bone"},{"floor":9.0,"key":"Symbiotic Virus"},{"floor":11.0,"key":"Art of War"},{"floor":23.0,"key":"Unceasing Top"},{"floor":25.0,"key":"Dream Catcher"},{"floor":26.0,"key":"Bag of Marbles"},{"floor":28.0,"key":"Mercury Hourglass"},{"floor":40.0,"key":"PreservedInsect"},{"floor":54,"key":"Orichalcum"}],"event_choices":[{"damage_healed":0.0,"max_hp_gain":0.0,"max_hp_loss":0.0,"gold_gain":0.0,"event_name":"N\u0027loth","player_choice":"Ignored","floor":22.0,"gold_loss":0.0,"damage_taken":0.0},{"damage_healed":0.0,"max_hp_gain":0.0,"max_hp_loss":0.0,"gold_gain":0.0,"event_name":"Tomb of Lord Red Mask","player_choice":"Ignored","floor":38.0,"gold_loss":0.0,"damage_taken":0.0},{"damage_healed":0.0,"max_hp_gain":0.0,"max_hp_loss":0.0,"gold_gain":0.0,"event_name":"SensoryStone","player_choice":"Memory 2","floor":39.0,"gold_loss":0.0,"damage_taken":5.0},{"damage_healed":0.0,"max_hp_gain":0.0,"max_hp_loss":0.0,"gold_gain":0.0,"event_name":"Wheel of Change","player_choice":"Damaged","floor":44.0,"gold_loss":0.0,"damage_taken":8.0}],"is_beta":false,"boss_relics":[{"not_picked":["Ectoplasm","Pandora\u0027s Box"],"picked":"Coffee Dripper"},{"not_picked":["Calling Bell","Snecko Eye"],"picked":"Lizard Tail"}],"items_purged_floors":[],"is_endless":false,"potions_floor_spawned":[1,7,11,14,18,23,25,31,35,36,40,45],"killed_by":"The Heart","ascension_level":2}