{"gold_per_floor":[112,126,137,153,153,153,188,200,238,260,292,2,13,29,29,134,134,152,166,185,63,63,63,79,79,103,103,115,126,140,155,155,155],"floor_reached":33,"playtime":2957,"items_purged":["Defend_B","Creative AI"],"score":257,"play_id":"174e330f-a405-4f61-aa7f-d196701c7fb2","local_time":"20190615160600","is_ascension_mode":false,"campfire_choices":[{"data":"Redo","floor":6.0,"key":"SMITH"},{"data":"Zap","floor":8.0,"key":"SMITH"},{"data":"Fusion","floor":15.0,"key":"SMITH"},{"floor":23.0,"key":"REST"},{"floor":25.0,"key":"REST"},{"data":"Sweeping Beam","floor":27.0,"key":"SMITH"},{"floor":32,"key":"REST"}],"neow_cost":"NONE","seed_source_timestamp":0,"circlet_count":0,"master_deck":["Strike_B","Strike_B","Strike_B","Strike_B","Defend_B","Defend_B","Defend_B","Zap+1","Dualcast","Fusion+1","Redo+1","Cold Snap+1","FTL","Streamline","Genetic Algorithm","Steam","BootSequence","Doom and Gloom","Sweeping Beam+1","Barrage+1","Leap","Conserve Battery+1"],"special_seed":0,"relics":["Cracked Core","NeowsBlessing","MawBank","Happy Flower","Bronze Scales","Regal Pillow"],"potions_floor_usage":[33,33],"damage_taken":[{"damage":0.0,"enemies":"Cultist","floor":1.0,"turns":1.0},{"damage":0.0,"enemies":"Jaw Worm","floor":2.0,"turns":1.0},{"damage":0.0,"enemies":"Small Slimes","floor":3.0,"turns":1.0},{"damage":5.0,"enemies":"Looter","floor":4.0,"turns":3.0},{"damage":14.0,"enemies":"Lagavulin","floor":7.0,"turns":7.0},{"damage":0.0,"enemies":"3 Louse","floor":10.0,"turns":3.0},{"damage":0.0,"enemies":"Large Slime","floor":11.0,"turns":4.0},{"damage":0.0,"enemies":"Exordium Thugs","floor":13.0,"turns":3.0},{"damage":3.0,"enemies":"Gremlin Gang","floor":14.0,"turns":3.0},{"damage":5.0,"enemies":"Slime Boss","floor":16.0,"turns":8.0},{"damage":8.0,"enemies":"Spheric Guardian","floor":18.0,"turns":4.0},{"damage":9.0,"enemies":"2 Thieves","floor":19.0,"turns":3.0},{"damage":28.0,"enemies":"Snake Plant","floor":20.0,"turns":4.0},{"damage":8.0,"enemies":"Centurion and Healer","floor":24.0,"turns":5.0},{"damage":29.0,"enemies":"Snecko","floor":28.0,"turns":6.0},{"damage":0.0,"enemies":"3 Cultists","floor":29.0,"turns":4.0},{"damage":9.0,"enemies":"Cultist and Chosen","floor":30.0,"turns":6.0},{"damage":13,"enemies":"Snecko","floor":31,"turns":5},{"damage":81,"enemies":"Champ","floor":33,"turns":10}],"seed_played":"-6982748525925287543","potions_obtained":[{"floor":1.0,"key":"Explosive Potion"},{"floor":2.0,"key":"Weak Potion"},{"floor":3.0,"key":"Regen Potion"},{"floor":18.0,"key":"Strength Potion"},{"floor":20.0,"key":"Block Potion"},{"floor":29.0,"key":"Energy Potion"}],"is_trial":false,"path_per_floor":["M","M","M","M","?","R","E","R","T","M","M","$","M","M","R","B",null,"M","M","M","$","?","R","M","R","T","R","M","M","M","M","R","B"],"character_chosen":"DEFECT","items_purchased":["Bronze Scales","BootSequence","Leap"],"campfire_rested":3,"item_purchase_floors":[12,12,21],"current_hp_per_floor":[75,75,75,70,70,70,56,56,56,56,56,56,56,53,53,48,75,67,58,30,30,30,52,44,66,66,66,37,37,28,15,52,0],"gold":155,"neow_bonus":"THREE_ENEMY_KILL","is_prod":false,"is_daily":false,"chose_seed":false,"campfire_upgraded":4,"win_rate":0.0,"timestamp":1560578760,"path_taken":["M","M","M","M","?","R","E","R","T","M","M","$","M","M","R","BOSS","M","M","M","?","?","R","M","R","T","R","M","M","M","M","R","BOSS"],"build_version":"2019-01-23","purchased_purges":2,"victory":false,"max_hp_per_floor":[75,75,75,75,75,75,75,75,75,75,75,75,75,75,75,75,75,75,75,75,75,75,75,75,75,75,75,75,75,75,75,75,75],"card_choices":[{"not_picked":["Glacier","Tempest"],"picked":"Fusion","floor":1.0},{"not_picked":["Capacitor","Streamline"],"picked":"Redo","floor":2.0},{"not_picked":["Steam Power","Compile Driver"],"picked":"Cold Snap","floor":3.0},{"not_picked":["Ball Lightning","Stack"],"picked":"FTL","floor":4.0},{"not_picked":["Self Repair","Chill"],"picked":"Streamline","floor":7.0},{"not_picked":["Beam Cell","Gash"],"picked":"Genetic Algorithm","floor":10.0},{"not_picked":["Buffer","Hologram"],"picked":"Steam","floor":11.0},{"not_picked":["Steam","Tempest"],"picked":"Doom and Gloom","floor":13.0},{"not_picked":["Tempest","Consume","Force Field"],"picked":"SKIP","floor":14.0},{"not_picked":["Reboot","Thunder Strike"],"picked":"Creative AI","floor":16.0},{"not_picked":["Heatsinks+1","Streamline"],"picked":"Sweeping Beam","floor":18.0},{"not_picked":["Capacitor+1","Beam Cell"],"picked":"Barrage+1","floor":19.0},{"not_picked":["FTL","Streamline+1","Genetic Algorithm"],"picked":"SKIP","floor":20.0},{"not_picked":["Tempest+1","Compile Driver","Glacier"],"picked":"SKIP","floor":24.0},{"not_picked":["Sweeping Beam","Double Energy"],"picked":"Conserve Battery+1","floor":28.0},{"not_picked":["Stack+1","Beam Cell","Hologram"],"picked":"SKIP","floor":29.0},{"not_picked":["Creative AI","Stack","Barrage"],"picked":"SKIP","floor":30.0},{"not_picked":["Compile Driver","Stack","Steam"],"picked":"SKIP","floor":31}],"player_experience":63810,"relics_obtained":[{"floor":7.0,"key":"MawBank"},{"floor":9.0,"key":"Happy Flower"},{"floor":26.0,"key":"Regal Pillow"}],"event_choices":[{"damage_healed":0.0,"max_hp_gain":0.0,"max_hp_loss":0.0,"gold_gain":0.0,"event_name":"Upgrade Shrine","player_choice":"Upgraded","floor":5.0,"gold_loss":0.0,"damage_taken":0.0,"cards_upgraded":["Cold Snap"]},{"damage_healed":0.0,"max_hp_gain":0.0,"max_hp_loss":0.0,"gold_gain":0.0,"event_name":"The Mausoleum","player_choice":"Ignored","floor":22.0,"gold_loss":0.0,"damage_taken":0.0}],"is_beta":false,"boss_relics":[{"not_picked":["Ectoplasm","FrozenCore","Orrery"]}],"items_purged_floors":[12,21],"is_endless":false,"potions_floor_spawned":[1,2,3,14,18,20,29,30],"killed_by":"Champ","ascension_level":0}