{"gold_per_floor":[111,286,298,573,573,45,61,90,116,101,101,114,114,132,132,132],"floor_reached":16,"playtime":897,"items_purged":["Pain"],"score":148,"play_id":"8902ffdd-7c76-4b6b-b5b5-aab67e09836d","local_time":"20180914204421","is_ascension_mode":true,"campfire_choices":[{"floor":11,"key":"REST"},{"floor":13,"key":"REST"},{"floor":15,"key":"REST"}],"neow_cost":"CURSE","seed_source_timestamp":177814078240673,"circlet_count":0,"master_deck":["Defend_G","Defend_G","Defend_G","Defend_G","Defend_G","Strike_G+1","Strike_G","Strike_G+1","Strike_G","Strike_G","Survivor","Neutralize","Parasite","Dash","Doubt","PiercingWail","Regret","Panache","Noxious Fumes","Malaise","Blade Dance","Acrobatics","Terror","Footwork","Noxious Fumes","Deflect"],"relics":["Ring of the Snake","Ginger","WarpedTongs","Molten Egg 2","Dream Catcher","Whetstone"],"potions_floor_usage":[3,16],"damage_taken":[{"damage":0,"enemies":"Small Slimes","floor":1,"turns":4},{"damage":0,"enemies":"Jaw Worm","floor":3,"turns":4},{"damage":0,"enemies":"2 Louse","floor":7,"turns":3},{"damage":36,"enemies":"3 Sentries","floor":8,"turns":7},{"damage":10,"enemies":"Exordium Thugs","floor":10,"turns":5},{"damage":12,"enemies":"2 Fungi Beasts","floor":12,"turns":5},{"damage":19,"enemies":"Large Slime","floor":14,"turns":5},{"damage":50,"enemies":"Slime Boss","floor":16,"turns":11}],"seed_played":"-1408101433381914035","potions_obtained":[{"floor":1,"key":"Block Potion"},{"floor":8,"key":"PowerPotion"}],"is_trial":false,"path_per_floor":["M","?","M","?","?","$","M","E","T","M","R","M","R","M","R"],"character_chosen":"THE_SILENT","items_purchased":["Molten Egg 2","Panache"],"campfire_rested":3,"item_purchase_floors":[6,6],"current_hp_per_floor":[63,63,63,63,63,63,63,27,27,17,38,26,47,28,49,0],"gold":132,"neow_bonus":"ONE_RARE_RELIC","is_prod":false,"is_daily":false,"chose_seed":false,"campfire_upgraded":0,"win_rate":0,"timestamp":1536972261,"path_taken":["M","?","M","?","?","?","M","E","T","?","R","M","R","M","R","BOSS"],"build_version":"2018-09-06","purchased_purges":1,"victory":false,"max_hp_per_floor":[70,70,70,70,70,70,70,70,70,70,70,70,70,70,70,70],"card_choices":[{"not_picked":["Expertise","Cloak And Dagger"],"picked":"Dash","floor":1},{"not_picked":["Slice","Prepared"],"picked":"PiercingWail","floor":3},{"not_picked":["Catalyst","Finisher+1"],"picked":"Noxious Fumes","floor":7},{"not_picked":["Blade Dance","Acrobatics"],"picked":"Malaise","floor":8},{"not_picked":["Outmaneuver","Deadly Poison"],"picked":"Blade Dance","floor":10},{"not_picked":["Expertise","Calculated Gamble"],"picked":"Acrobatics","floor":11},{"not_picked":["PiercingWail","Reflex"],"picked":"Terror","floor":12},{"not_picked":["Acrobatics","Bouncing Flask"],"picked":"Footwork","floor":13},{"not_picked":["Escape Plan","Dodge and Roll"],"picked":"Noxious Fumes","floor":14},{"not_picked":["Deadly Poison","Eviscerate+1"],"picked":"Deflect","floor":15}],"player_experience":196128,"relics_obtained":[{"floor":8,"key":"Dream Catcher"},{"floor":9,"key":"Whetstone"}],"event_choices":[{"event_name":"Liars Game","player_choice":"agreed","floor":2,"damage_taken":0},{"event_name":"Golden Shrine","player_choice":"Desecrate","floor":4,"damage_taken":0},{"event_name":"Accursed Blacksmith","player_choice":"Rummage","floor":5,"damage_taken":0}],"is_beta":false,"boss_relics":[],"items_purged_floors":[6],"is_endless":false,"potions_floor_spawned":[1,8],"killed_by":"Slime Boss","ascension_level":9}