{"gold_per_floor":[214,224,237,56,75,75,108,108,108,126,126,126],"floor_reached":12,"playtime":399,"items_purged":["Strike_R"],"score":152,"play_id":"d53e2200-a794-4a8d-abf6-6f949f861a2a","local_time":"20190527124533","is_ascension_mode":true,"campfire_choices":[{"data":"Rupture","floor":6,"key":"SMITH"},{"data":"Flame Barrier","floor":8,"key":"SMITH"}],"neow_cost":"NONE","seed_source_timestamp":61791952073500,"circlet_count":0,"master_deck":["AscendersBane","Strike_R","Strike_R","Strike_R","Strike_R","Defend_R","Defend_R","Defend_R","Defend_R","Bash","Twin Strike","Shrug It Off","Hemokinesis","Rupture+1","Pommel Strike","Inflame","Flame Barrier+1","Rampage"],"relics":["Burning Blood","Juzu Bracelet","Gremlin Horn","Golden Idol"],"potions_floor_usage":[12],"damage_taken":[{"damage":10,"enemies":"2 Louse","floor":1,"turns":3},{"damage":4,"enemies":"Jaw Worm","floor":2,"turns":4},{"damage":15,"enemies":"Small Slimes","floor":3,"turns":4},{"damage":8,"enemies":"Blue Slaver","floor":5,"turns":2},{"damage":40,"enemies":"3 Sentries","floor":7,"turns":7},{"damage":4,"enemies":"Looter","floor":10,"turns":3},{"damage":29,"enemies":"Gremlin Gang","floor":12,"turns":3}],"seed_played":"2511011016888705673","potions_obtained":[{"floor":2,"key":"PowerPotion"},{"floor":7,"key":"Strength Potion"},{"floor":10,"key":"Regen Potion"}],"is_trial":false,"path_per_floor":["M","M","M","$","M","R","E","R","T","M","?","M"],"character_chosen":"IRONCLAD","items_purchased":["Rupture","Pommel Strike"],"campfire_rested":0,"item_purchase_floors":[4,4],"current_hp_per_floor":[64,66,57,57,55,55,21,21,21,23,23,0],"gold":126,"neow_bonus":"HUNDRED_GOLD","is_prod":false,"is_daily":false,"chose_seed":false,"campfire_upgraded":2,"win_rate":0,"timestamp":1558986333,"path_taken":["M","M","M","$","M","R","E","R","T","M","?","M"],"build_version":"2019-01-23","purchased_purges":1,"victory":false,"max_hp_per_floor":[75,75,75,75,75,75,75,75,75,75,68,68],"card_choices":[{"not_picked":["Thunderclap","Flex"],"picked":"Twin Strike","floor":1},{"not_picked":["Armaments","Clash"],"picked":"Shrug It Off","floor":2},{"not_picked":["Sever Soul","Headbutt"],"picked":"Hemokinesis","floor":3},{"not_picked":["Clash","Shrug It Off"],"picked":"Inflame","floor":5},{"not_picked":["Havoc","Iron Wave"],"picked":"Flame Barrier","floor":7},{"not_picked":["Wild Strike","Fire Breathing"],"picked":"Rampage","floor":10}],"player_experience":487662,"relics_obtained":[{"floor":7,"key":"Juzu Bracelet"},{"floor":9,"key":"Gremlin Horn"}],"event_choices":[{"damage_healed":0,"gold_gain":0,"player_choice":"Lose Max HP","damage_taken":0,"relics_obtained":["Golden Idol"],"max_hp_gain":0,"max_hp_loss":7,"event_name":"Golden Idol","floor":11,"gold_loss":0}],"is_beta":false,"boss_relics":[],"items_purged_floors":[4],"is_endless":false,"potions_floor_spawned":[2,7,10],"killed_by":"Gremlin Gang","ascension_level":18}