{"gold_per_floor":[114,133,133,152,166,166,201,388,400,129,129,129,129,129,129,233,233,246,97,97,77,92,92,127,127,127,0,17,33,7,26,26,26],"floor_reached":33,"playtime":2966,"items_purged":["Doubt"],"score":305,"play_id":"684c507f-549b-4efd-a854-82bc9be2520c","local_time":"20190310025810","is_ascension_mode":true,"campfire_choices":[{"data":"Sucker Punch","floor":6,"key":"SMITH"},{"floor":11,"key":"REST"},{"data":"Neutralize","floor":13,"key":"SMITH"},{"data":"Defend_G","floor":15,"key":"SMITH"},{"floor":23,"key":"REST"},{"floor":32,"key":"REST"}],"neow_cost":"NONE","seed_source_timestamp":1857463362058126,"circlet_count":0,"master_deck":["Defend_G+1","Defend_G","Defend_G+1","Defend_G+1","Defend_G","Strike_G","Strike_G","Strike_G+1","Strike_G","Survivor","Neutralize+1","Cloak And Dagger","PiercingWail+1","Skewer","Sucker Punch+1","Backstab","Calculated Gamble","Tools of the Trade","Deflect+1","Deadly Poison","Backflip","Dash","Blade Dance","Blade Dance","Cloak And Dagger","Footwork","Distraction+1"],"relics":["Ring of the Snake","MawBank","Dream Catcher","Sling","Pantograph","Sozu","Tiny Chest","Pocketwatch","Ornamental Fan","War Paint"],"potions_floor_usage":[5,5,7,7,18],"damage_taken":[{"damage":1,"enemies":"Jaw Worm","floor":1,"turns":5},{"damage":0,"enemies":"Small Slimes","floor":2,"turns":6},{"damage":0,"enemies":"Cultist","floor":4,"turns":4},{"damage":11,"enemies":"Exordium Thugs","floor":5,"turns":3},{"damage":15,"enemies":"Lagavulin","floor":7,"turns":7},{"damage":45,"enemies":"The Guardian","floor":16,"turns":19},{"damage":7,"enemies":"Spheric Guardian","floor":18,"turns":7},{"damage":14,"enemies":"2 Thieves","floor":21,"turns":4},{"damage":16,"enemies":"Snecko","floor":22,"turns":8},{"damage":27,"enemies":"Gremlin Leader","floor":24,"turns":10},{"damage":0,"enemies":"Centurion and Healer","floor":28,"turns":7},{"damage":18,"enemies":"3 Cultists","floor":29,"turns":8},{"damage":3,"enemies":"Snecko","floor":31,"turns":5},{"damage":70,"enemies":"Champ","floor":33,"turns":21}],"seed_played":"-6344476121251650585","potions_obtained":[{"floor":0,"key":"SpeedPotion"},{"floor":0,"key":"SkillPotion"},{"floor":0,"key":"Poison Potion"},{"floor":5,"key":"SteroidPotion"},{"floor":16,"key":"Block Potion"}],"is_trial":false,"path_per_floor":["M","M","?","M","M","R","E","?","T","$","R","T","R","?","R","B",null,"M","$","T","M","M","R","E","?","T","?","M","M","$","M","R","B"],"character_chosen":"THE_SILENT","items_purchased":["Sling","Tiny Chest","Deadly Poison","Cloak And Dagger"],"campfire_rested":3,"item_purchase_floors":[10,19,19,30],"current_hp_per_floor":[69,69,55,55,44,44,29,29,29,29,50,50,50,50,50,25,70,63,63,63,49,33,54,27,27,27,27,27,9,9,6,27,0],"gold":26,"neow_bonus":"THREE_SMALL_POTIONS","is_prod":false,"is_daily":false,"chose_seed":false,"campfire_upgraded":3,"win_rate":0,"timestamp":1552175890,"path_taken":["M","M","?","M","M","R","E","?","T","?","R","?","R","?","R","BOSS","M","?","?","M","?","R","E","?","T","?","M","M","?","M","R","BOSS"],"build_version":"2019-01-23","purchased_purges":1,"victory":false,"max_hp_per_floor":[70,70,70,70,70,70,70,70,70,70,70,70,70,70,70,70,70,70,70,70,70,70,70,70,70,70,70,70,70,70,70,70,70],"card_choices":[{"not_picked":["Flying Knee","Acrobatics"],"picked":"Cloak And Dagger","floor":1},{"not_picked":["Endless Agony","Sucker Punch"],"picked":"PiercingWail","floor":2},{"not_picked":["Finisher","Escape Plan"],"picked":"Skewer","floor":4},{"not_picked":["PiercingWail","Outmaneuver"],"picked":"Sucker Punch","floor":5},{"not_picked":["Sucker Punch","Bane"],"picked":"Backstab","floor":7},{"not_picked":["Tactician","Dagger Throw"],"picked":"Calculated Gamble","floor":11},{"not_picked":["Malaise","Doppelganger"],"picked":"Tools of the Trade","floor":16},{"not_picked":["Dagger Spray","Flying Knee+1"],"picked":"Deflect+1","floor":18},{"not_picked":["Slice","Tactician"],"picked":"Backflip","floor":21},{"not_picked":["Infinite Blades","Adrenaline"],"picked":"Dash","floor":22},{"not_picked":["Setup","Leg Sweep"],"picked":"Blade Dance","floor":24},{"not_picked":["Flying Knee","Dodge and Roll","Prepared"],"picked":"SKIP","floor":28},{"not_picked":["PiercingWail","Leg Sweep"],"picked":"Blade Dance","floor":29},{"not_picked":["Quick Slash","Reflex"],"picked":"Footwork","floor":31},{"not_picked":["Dagger Throw","Outmaneuver"],"picked":"Distraction+1","floor":32}],"player_experience":281390,"relics_obtained":[{"floor":7,"key":"MawBank"},{"floor":9,"key":"Dream Catcher"},{"floor":12,"key":"Pantograph"},{"floor":20,"key":"Pocketwatch"},{"floor":24,"key":"Ornamental Fan"},{"floor":26,"key":"War Paint"}],"event_choices":[{"damage_healed":0,"gold_gain":0,"player_choice":"Entered Light","damage_taken":14,"max_hp_gain":0,"max_hp_loss":0,"event_name":"Shining Light","floor":3,"gold_loss":0,"cards_upgraded":["Strike_G","Defend_G"]},{"damage_healed":0,"gold_gain":175,"player_choice":"AGREE","damage_taken":0,"max_hp_gain":0,"max_hp_loss":0,"event_name":"Liars Game","floor":8,"gold_loss":0,"cards_obtained":["Doubt"]},{"cards_removed":["Strike_G"],"damage_healed":0,"gold_gain":0,"player_choice":"Purged","damage_taken":0,"max_hp_gain":0,"max_hp_loss":0,"event_name":"Purifier","floor":14,"gold_loss":0},{"damage_healed":0,"gold_gain":0,"player_choice":"Ignored","damage_taken":0,"max_hp_gain":0,"max_hp_loss":0,"event_name":"Vampires","floor":25,"gold_loss":0},{"damage_healed":0,"gold_gain":0,"player_choice":"Paid Fearfully","damage_taken":0,"max_hp_gain":0,"max_hp_loss":0,"event_name":"Masked Bandits","floor":27,"gold_loss":127}],"is_beta":false,"boss_relics":[{"not_picked":["Lizard Tail","Philosopher\u0027s Stone"],"picked":"Sozu"}],"items_purged_floors":[10],"is_endless":false,"potions_floor_spawned":[2,5,16,18,21],"killed_by":"Champ","ascension_level":3}