{"gold_per_floor":[211,211,14,26,41,41,72,72,72,102,127,139,151,182,194,206],"floor_reached":16,"playtime":3727,"items_purged":["Defend_G"],"score":210,"play_id":"4cccbafa-2096-4fe5-9f31-1003a7b1d30f","local_time":"20190615121607","is_ascension_mode":true,"campfire_choices":[{"data":"Cloak And Dagger","floor":6,"key":"SMITH"},{"data":"Cloak And Dagger","floor":8,"key":"SMITH"},{"floor":15,"key":"REST"}],"neow_cost":"NONE","seed_source_timestamp":236133280288874,"circlet_count":0,"master_deck":["AscendersBane","Defend_G","Defend_G","Defend_G","Defend_G","Strike_G","Strike_G","Strike_G","Strike_G","Survivor","Neutralize","Dodge and Roll","Infinite Blades","Cloak And Dagger+1","Cloak And Dagger+1","PiercingWail","Skewer"],"relics":["Ring of the Snake","Tiny Chest","FossilizedHelix","Ninja Scroll","MawBank"],"potions_floor_usage":[7,12,14,14],"damage_taken":[{"damage":2,"enemies":"Small Slimes","floor":1,"turns":5},{"damage":2,"enemies":"Cultist","floor":4,"turns":5},{"damage":0,"enemies":"Jaw Worm","floor":5,"turns":6},{"damage":30,"enemies":"Gremlin Nob","floor":7,"turns":4},{"damage":17,"enemies":"Lagavulin","floor":10,"turns":8},{"damage":0,"enemies":"Exordium Wildlife","floor":11,"turns":4},{"damage":0,"enemies":"Gremlin Nob","floor":12,"turns":2},{"damage":0,"enemies":"Large Slime","floor":14,"turns":4},{"damage":34,"enemies":"Hexaghost","floor":16,"turns":14}],"seed_played":"-8268558428234272439","potions_obtained":[{"floor":1,"key":"SmokeBomb"},{"floor":4,"key":"SkillPotion"},{"floor":7,"key":"Fire Potion"},{"floor":14,"key":"Fruit Juice"}],"is_trial":false,"path_per_floor":["M","?","$","M","M","R","E","R","T","E","M","E","?","M","R","B"],"character_chosen":"THE_SILENT","items_purchased":["Tiny Chest"],"campfire_rested":1,"item_purchase_floors":[3],"current_hp_per_floor":[57,57,57,55,55,55,25,25,25,8,8,8,8,13,34,0],"gold":206,"neow_bonus":"HUNDRED_GOLD","is_prod":false,"is_daily":false,"chose_seed":false,"campfire_upgraded":2,"win_rate":0,"timestamp":1560572167,"path_taken":["M","?","$","M","?","R","E","R","T","E","M","E","?","M","R","BOSS"],"build_version":"2019-01-23","purchased_purges":1,"victory":false,"max_hp_per_floor":[66,66,66,66,66,66,66,66,66,66,66,66,66,71,71,71],"card_choices":[{"not_picked":["Catalyst","Concentrate"],"picked":"Dodge and Roll","floor":1},{"not_picked":["Outmaneuver","Skewer"],"picked":"Infinite Blades","floor":4},{"not_picked":["Prepared","Sucker Punch"],"picked":"Cloak And Dagger","floor":5},{"not_picked":["Setup","Blade Dance"],"picked":"Cloak And Dagger","floor":7},{"not_picked":["Bouncing Flask","Setup","Deflect"],"picked":"SKIP","floor":10},{"not_picked":["Heel Hook","Bane"],"picked":"PiercingWail","floor":11},{"not_picked":["Setup","Dagger Spray"],"picked":"Skewer","floor":14}],"player_experience":843811,"relics_obtained":[{"floor":7,"key":"FossilizedHelix"},{"floor":9,"key":"Ninja Scroll"},{"floor":10,"key":"MawBank"}],"event_choices":[{"cards_removed":["Strike_G"],"damage_healed":0,"gold_gain":0,"player_choice":"Offered Basic","damage_taken":0,"max_hp_gain":0,"max_hp_loss":0,"event_name":"Bonfire Elementals","floor":2,"gold_loss":0},{"damage_healed":0,"gold_gain":0,"player_choice":"Fled","damage_taken":0,"max_hp_gain":0,"max_hp_loss":0,"event_name":"Scrap Ooze","floor":13,"gold_loss":0}],"is_beta":false,"boss_relics":[],"items_purged_floors":[3],"is_endless":false,"potions_floor_spawned":[1,4,7,14],"killed_by":"Hexaghost","ascension_level":15}