{"gold_per_floor":[119,89,101,101,118,118,144,159,159,159,175,200,34,45,45,124,124,142,155,173,173,190,190,190],"floor_reached":24,"playtime":863,"items_purged":[],"score":507,"play_id":"e3a718ad-0ba9-48c8-b386-818d329c1f2f","local_time":"20190615184210","is_ascension_mode":true,"campfire_choices":[{"floor":6.0,"key":"REST"},{"floor":10.0,"key":"REST"},{"floor":15.0,"key":"REST"},{"floor":23,"key":"REST"}],"neow_cost":"PERCENT_DAMAGE","seed_source_timestamp":226359486986491,"circlet_count":0,"master_deck":["AscendersBane","Strike_B","Strike_B","Defend_B","Defend_B","Defend_B","Zap","Dualcast","Seek","Gash","Gash","Gash","Defragment","Hologram","Hologram","Self Repair","All For One","Capacitor+1","Force Field+1","Aggregate+1","Coolheaded","Barrage","Cold Snap"],"special_seed":0,"relics":["Cracked Core","Oddly Smooth Stone","Symbiotic Virus","StoneCalendar","Regal Pillow","Astrolabe"],"potions_floor_usage":[20,20,24,24],"damage_taken":[{"damage":1.0,"enemies":"Cultist","floor":1.0,"turns":3.0},{"damage":1.0,"enemies":"2 Louse","floor":3.0,"turns":2.0},{"damage":4.0,"enemies":"Jaw Worm","floor":5.0,"turns":3.0},{"damage":47.0,"enemies":"Gremlin Nob","floor":7.0,"turns":5.0},{"damage":9.0,"enemies":"2 Fungi Beasts","floor":8.0,"turns":4.0},{"damage":5.0,"enemies":"Looter","floor":11.0,"turns":3.0},{"damage":10.0,"enemies":"3 Sentries","floor":12.0,"turns":4.0},{"damage":0.0,"enemies":"Large Slime","floor":14.0,"turns":3.0},{"damage":0.0,"enemies":"Slime Boss","floor":16.0,"turns":5.0},{"damage":28.0,"enemies":"3 Byrds","floor":18.0,"turns":5.0},{"damage":11.0,"enemies":"Spheric Guardian","floor":19.0,"turns":3.0},{"damage":25,"enemies":"Snecko","floor":20,"turns":7},{"damage":30,"enemies":"Centurion and Healer","floor":22,"turns":5},{"damage":72,"enemies":"Slavers","floor":24,"turns":3}],"seed_played":"-5231628915724693685","potions_obtained":[{"floor":2.0,"key":"Fire Potion"},{"floor":2.0,"key":"Weak Potion"},{"floor":7.0,"key":"FearPotion"},{"floor":14.0,"key":"FocusPotion"},{"floor":16.0,"key":"FearPotion"},{"floor":18.0,"key":"FocusPotion"},{"floor":20,"key":"Fruit Juice"},{"floor":22,"key":"LiquidBronze"}],"is_trial":false,"path_per_floor":["M","?","M","$","M","R","E","M","T","R","M","E","$","M","R","B",null,"M","M","M","?","M","R","E"],"character_chosen":"DEFECT","items_purchased":["Regal Pillow"],"campfire_rested":4,"item_purchase_floors":[13],"current_hp_per_floor":[45,45,44,44,40,61,14,5,5,26,21,11,11,11,47,54,67,46,42,29,44,21,58,0],"gold":190,"neow_bonus":"THREE_RARE_CARDS","is_prod":false,"is_daily":false,"chose_seed":false,"campfire_upgraded":0,"win_rate":0,"timestamp":1560595330,"path_taken":["M","?","M","$","M","R","E","M","T","R","?","E","$","M","R","BOSS","M","M","M","?","M","R","E"],"build_version":"2019-01-23","purchased_purges":0,"victory":false,"max_hp_per_floor":[71,71,71,71,71,71,71,71,71,71,71,71,71,71,71,71,71,71,71,76,76,76,76,76],"card_choices":[{"not_picked":["Fission","Amplify"],"picked":"Seek","floor":0.0},{"not_picked":["Ball Lightning","Capacitor"],"picked":"Gash","floor":1.0},{"not_picked":["Chaos","Auto Shields"],"picked":"Gash","floor":3.0},{"not_picked":["Compile Driver","Barrage"],"picked":"Gash","floor":5.0},{"not_picked":["Reprogram","Chill"],"picked":"Defragment","floor":7.0},{"not_picked":["Melter","Blizzard"],"picked":"Hologram","floor":8.0},{"not_picked":["Genetic Algorithm","Conserve Battery"],"picked":"Hologram","floor":11.0},{"not_picked":["Barrage","Scrape"],"picked":"Self Repair","floor":12.0},{"not_picked":["Compile Driver","Static Discharge","Barrage"],"picked":"SKIP","floor":14.0},{"not_picked":["Biased Cognition","Rainbow"],"picked":"All For One","floor":16.0},{"not_picked":["Barrage","Hello World"],"picked":"Coolheaded","floor":18.0},{"not_picked":["Beam Cell","Leap"],"picked":"Barrage","floor":19.0},{"not_picked":["Streamline","Blizzard","Sweeping Beam"],"picked":"SKIP","floor":20},{"not_picked":["BootSequence","Hologram"],"picked":"Cold Snap","floor":22}],"player_experience":695391,"relics_obtained":[{"floor":7.0,"key":"Oddly Smooth Stone"},{"floor":9.0,"key":"Symbiotic Virus"},{"floor":12.0,"key":"StoneCalendar"}],"event_choices":[{"damage_healed":0.0,"max_hp_gain":0.0,"max_hp_loss":0.0,"gold_gain":0.0,"event_name":"The Woman in Blue","player_choice":"Bought 2 Potions","floor":2.0,"gold_loss":0.0,"damage_taken":0.0},{"damage_healed":15,"gold_gain":0,"player_choice":"Heal","damage_taken":0,"max_hp_gain":0,"max_hp_loss":0,"event_name":"The Library","floor":21,"gold_loss":0}],"is_beta":false,"boss_relics":[{"not_picked":["Orrery","White Beast Statue"],"picked":"Astrolabe"}],"items_purged_floors":[],"is_endless":false,"potions_floor_spawned":[5,7,14,16,18,20,22],"killed_by":"Slavers","ascension_level":19}