{"gold_per_floor":[17,17,28,43,53,83,83,83,108,136,147,165,90,124,124,222,222,241,32,32,212,64,64,398,398,398,398,386,412,429,87,87,190,190,209,209,14,29,29,29],"floor_reached":41,"playtime":10531,"items_purged":["Regret"],"score":872,"play_id":"687fffdf-cd0a-4a51-90a2-556a471f5e36","local_time":"20180715125417","is_ascension_mode":false,"campfire_choices":[{"data":"Feed","floor":7,"key":"SMITH"},{"floor":15,"key":"REST"},{"floor":23,"key":"REST"},{"data":"1","floor":27,"key":"LIFT"},{"floor":32,"key":"REST"}],"neow_cost":"NO_GOLD","seed_source_timestamp":143125934482516,"circlet_count":0,"master_deck":["Strike_R+1","Strike_R","Strike_R","Strike_R","Strike_R","Defend_R","Defend_R+1","Defend_R","Defend_R","Bash","Feed+1","Power Through","Cleave","Anger","Power Through","Second Wind","Warcry","Evolve","Metallicize","Inflame","Double Tap","Clothesline+1","Clash+1","Offering","Hemokinesis+1","Power Through","Heavy Blade+1","Barricade","Hemokinesis+1","Warcry+1","Combust+1"],"relics":["Burning Blood","Anchor","Regal Pillow","Strawberry","Champion Belt","Shuriken","Runic Cube","Medical Kit","Nilry\u0027s Codex","Ancient Tea Set","Old Coin","Girya","Thread and Needle","Frozen Eye","Whetstone","Velvet Choker","Ice Cream","Red Skull"],"potions_floor_usage":[6,10,16,16,33,33,40,40,40],"damage_taken":[{"damage":10,"enemies":"Jaw Worm","floor":1,"turns":6},{"damage":0,"enemies":"Small Slimes","floor":3,"turns":3},{"damage":0,"enemies":"2 Louse","floor":4,"turns":1},{"damage":16,"enemies":"Blue Slaver","floor":5,"turns":9},{"damage":7,"enemies":"3 Sentries","floor":6,"turns":8},{"damage":44,"enemies":"Lagavulin","floor":10,"turns":8},{"damage":0,"enemies":"2 Fungi Beasts","floor":11,"turns":3},{"damage":9,"enemies":"Red Slaver","floor":12,"turns":4},{"damage":8,"enemies":"3 Sentries","floor":14,"turns":8},{"damage":36,"enemies":"The Guardian","floor":16,"turns":11},{"damage":16,"enemies":"Shell Parasite","floor":18,"turns":9},{"damage":44,"enemies":"Slavers","floor":24,"turns":7},{"damage":6,"enemies":"2 Thieves","floor":28,"turns":4},{"damage":31,"enemies":"Book of Stabbing","floor":29,"turns":6},{"damage":7,"enemies":"Chosen and Byrds","floor":30,"turns":6},{"damage":47,"enemies":"Champ","floor":33,"turns":9},{"damage":22,"enemies":"3 Darklings","floor":35,"turns":5},{"damage":31,"floor":36,"turns":6},{"damage":6,"enemies":"Orb Walker","floor":38,"turns":3},{"damage":64,"enemies":"Donu and Deca","floor":40,"turns":9}],"seed_played":"5487620321456122911","potions_obtained":[{"floor":1,"key":"Swift Potion"},{"floor":3,"key":"Fire Potion"},{"floor":5,"key":"Strength Potion"},{"floor":10,"key":"PowerPotion"},{"floor":24,"key":"Regen Potion"},{"floor":28,"key":"GamblersBrew"},{"floor":30,"key":"Weak Potion"},{"floor":36,"key":"AttackPotion"}],"is_trial":false,"path_per_floor":["M","?","M","M","M","E","R","?","T","E","M","M","$","E","R","B",null,"M","$","?","?","$","R","E","?","T","R","M","E","M","$","R","B",null,"M","?","$","M","?","B"],"character_chosen":"IRONCLAD","items_purchased":["Medical Kit","Ancient Tea Set","Frozen Eye","Whetstone","Red Skull","SkillPotion"],"campfire_rested":3,"item_purchase_floors":[19,22,31,31,37,37],"current_hp_per_floor":[79,62,71,80,73,75,75,75,82,44,54,51,51,53,101,71,110,100,100,84,51,51,99,61,61,61,61,61,40,39,39,88,62,114,106,81,81,85,85,27],"gold":29,"neow_bonus":"THREE_RARE_CARDS","is_prod":false,"is_daily":false,"chose_seed":false,"campfire_upgraded":1,"win_rate":0,"timestamp":1531673657,"path_taken":["M","?","M","M","M","E","R","?","T","E","M","?","$","E","R","BOSS","M","$","?","?","?","R","E","?","T","R","M","E","M","$","R","BOSS","M","?","$","M","?","BOSS"],"build_version":"2018-07-12","purchased_purges":1,"victory":true,"max_hp_per_floor":[83,83,86,89,92,95,95,95,102,102,106,106,106,110,110,110,110,110,110,110,110,110,110,110,110,110,110,110,114,114,114,114,114,114,114,114,114,118,118,118],"card_choices":[{"not_picked":["Juggernaut","Limit Break"],"picked":"Feed","floor":0},{"not_picked":["Shockwave","Dropkick"],"picked":"Power Through","floor":1},{"not_picked":["Rupture","True Grit"],"picked":"Cleave","floor":3},{"not_picked":["Headbutt","Corruption"],"picked":"Anger","floor":4},{"not_picked":["Shrug It Off","Heavy Blade"],"picked":"Power Through","floor":5},{"not_picked":["Clash","Reaper"],"picked":"Second Wind","floor":6},{"not_picked":["Cleave","Intimidate"],"picked":"Warcry","floor":10},{"not_picked":["Flex","Warcry"],"picked":"Evolve","floor":11},{"not_picked":["Entrench","Rupture"],"picked":"Metallicize","floor":12},{"not_picked":["Battle Trance","Sword Boomerang"],"picked":"Inflame","floor":14},{"not_picked":["Reaper","Immolate"],"picked":"Double Tap","floor":16},{"not_picked":["Rage","Headbutt"],"picked":"Clothesline+1","floor":18},{"not_picked":["Shrug It Off","True Grit"],"picked":"Clash","floor":24},{"not_picked":["Flex","Armaments"],"picked":"Hemokinesis","floor":28},{"not_picked":["Perfected Strike+1","Carnage"],"picked":"Power Through","floor":29},{"not_picked":["Armaments+1","Iron Wave"],"picked":"Heavy Blade+1","floor":30},{"not_picked":["Berserk","Brutality"],"picked":"Barricade","floor":33},{"not_picked":["Clash+1","Armaments"],"picked":"Hemokinesis+1","floor":35},{"not_picked":["Cleave","Armaments"],"picked":"Warcry+1","floor":36},{"not_picked":["Blood for Blood+1","Ghostly Armor+1"],"picked":"Combust+1","floor":38}],"player_experience":108955,"relics_obtained":[{"floor":6,"key":"Anchor"},{"floor":9,"key":"Strawberry"},{"floor":10,"key":"Champion Belt"},{"floor":14,"key":"Shuriken"},{"floor":20,"key":"Nilry\u0027s Codex"},{"floor":24,"key":"Old Coin"},{"floor":26,"key":"Girya"},{"floor":29,"key":"Thread and Needle"},{"floor":36,"key":"Ice Cream"}],"event_choices":[{"event_name":"Shining Light","player_choice":"Entered Light","floor":2,"damage_taken":0},{"event_name":"Big Fish","player_choice":"Box","floor":8,"damage_taken":0},{"event_name":"Cursed Tome","player_choice":"Obtained Book","floor":20,"damage_taken":0},{"event_name":"Knowing Skull","player_choice":"GOLD GOLD ","floor":21,"damage_taken":0},{"event_name":"The Library","player_choice":"Read","floor":25,"damage_taken":0},{"event_name":"MindBloom","player_choice":"Fight","floor":36,"damage_taken":0},{"event_name":"SecretPortal","player_choice":"Took Portal.","floor":39,"damage_taken":0}],"boss_relics":[{"not_picked":["Calling Bell","Lizard Tail"],"picked":"Runic Cube"},{"not_picked":["Astrolabe","Coffee Dripper"],"picked":"Velvet Choker"}],"items_purged_floors":[13],"is_endless":false,"potions_floor_spawned":[1,3,5,10,24,28,30,36],"ascension_level":0}