{"path_per_floor":["M","M","M","M","M","E","M","R","T","E","R","M","?","M","R","B",null,"M","?","M","$","M","R","M","R","T","R","M","M","M","M","R","B",null,"M","M","?","$","M","R","$","M","T","M","R","M","M","E","R","B"],"character_chosen":"DEFECT","items_purchased":["Hello World","Question Card","Defragment","Conserve Battery"],"gold_per_floor":[118,137,157,167,186,216,236,236,236,264,264,280,280,296,296,393,393,404,404,422,18,38,38,54,54,54,54,66,76,96,109,109,212,212,225,242,242,56,68,68,68,82,108,120,120,138,158,186,186,186],"floor_reached":51,"campfire_rested":0,"playtime":5206,"item_purchase_floors":[21,21,38,38],"current_hp_per_floor":[74,75,69,64,61,47,52,52,52,47,47,43,43,49,49,52,80,80,70,64,64,50,50,32,32,32,32,27,44,61,76,76,64,86,86,86,86,86,83,83,83,83,83,60,60,59,52,86,100,73],"items_purged":["Strike_B","Strike_B"],"gold":186,"score":985,"play_id":"599d5e9a-114d-41a0-b756-60143b2718d0","local_time":"20180616144321","is_prod":false,"is_daily":false,"chose_seed":false,"is_ascension_mode":true,"campfire_upgraded":9,"win_rate":0,"timestamp":1529131401,"campfire_choices":[{"data":"Self Repair","floor":8,"key":"SMITH"},{"data":"Defragment","floor":11,"key":"SMITH"},{"data":"Static Discharge","floor":15,"key":"SMITH"},{"data":"Machine Learning","floor":23,"key":"SMITH"},{"data":"Loop","floor":25,"key":"SMITH"},{"data":"Thunder Strike","floor":27,"key":"SMITH"},{"data":"Static Discharge","floor":32,"key":"SMITH"},{"data":"Echo Form","floor":40,"key":"SMITH"},{"data":"Defragment","floor":45,"key":"SMITH"},{"floor":49,"key":"DIG"}],"path_taken":["M","M","?","M","M","E","M","R","T","E","R","M","?","?","R","BOSS","M","?","M","$","M","R","M","R","T","R","M","M","M","M","R","BOSS","M","M","?","$","M","R","$","?","T","M","R","M","M","E","R","BOSS"],"build_version":"2018-06-14v2","seed_source_timestamp":104563023381374,"purchased_purges":2,"victory":true,"master_deck":["Strike_B","Defend_B","Defend_B","Defend_B","Defend_B","Zap+1","Dualcast","Self Repair+1","Static Discharge+1","Defragment+1","Stack","Static Discharge+1","Loop+1","Barrage","Stack","Steam","FTL","Self Repair","Stack","Thunder Strike+1","Force Field","Skim","Necronomicurse","Ball Lightning","Barrage","Hello World","Machine Learning+1","Conserve Battery","Hologram+1","Force Field","Hologram+1","Capacitor+1","Storm","Compile Driver+1","Hologram+1","Conserve Battery","Hologram+1","Echo Form+1","Hologram+1","Static Discharge+1","Sunder","Magnetism","Defragment+1","Conserve Battery","Leap+1","Hologram+1","Thunder Strike","Stack+1","Hologram+1","Static Discharge+1","Hologram+1","Defragment+1","Skim+1"],"max_hp_per_floor":[75,75,75,75,75,80,80,80,80,80,80,80,80,80,80,80,80,80,86,86,86,86,86,86,86,86,86,86,86,86,86,86,86,86,86,86,86,86,86,86,86,86,86,86,86,86,86,86,100,100],"relics":["Cracked Core","Prayer Wheel","Shovel","Darkstone Periapt","Snecko Eye","Necronomicon","Question Card","Kunai","Inserter","Potion Belt","The Courier","Mango"],"card_choices":[{"not_picked":["Hologram","Redo"],"picked":"Self Repair","floor":1},{"not_picked":["FTL","Leap"],"picked":"Static Discharge","floor":2},{"not_picked":["Gash","Coolheaded","Heatsinks"],"picked":"SKIP","floor":3},{"not_picked":["Aggregate","Leap"],"picked":"Defragment","floor":4},{"not_picked":["Fusion","Gash"],"picked":"Stack","floor":5},{"not_picked":["Fission","Reprogram"],"picked":"Static Discharge","floor":6},{"not_picked":["Scrape","Reprogram"],"picked":"Loop","floor":7},{"not_picked":["Chill","Streamline"],"picked":"Barrage","floor":7},{"not_picked":["Cold Snap","Compile Driver"],"picked":"Stack","floor":10},{"not_picked":["Chaos","Sweeping Beam"],"picked":"Steam","floor":12},{"not_picked":["Consume","Turbo"],"picked":"FTL","floor":12},{"not_picked":["Streamline","Cold Snap"],"picked":"Self Repair","floor":14},{"not_picked":["FTL","Streamline"],"picked":"Stack","floor":14},{"not_picked":["Amplify","Rainbow"],"picked":"Thunder Strike","floor":16},{"not_picked":["Glacier+1","Steam Power"],"picked":"Force Field","floor":18},{"not_picked":["Rebound","Coolheaded"],"picked":"Skim","floor":18},{"not_picked":["Conserve Battery","Beam Cell"],"picked":"Ball Lightning","floor":20},{"not_picked":["Scrape","Tempest"],"picked":"Barrage","floor":20},{"not_picked":["Steam Power+1","Steam","Auto Shields"],"picked":"Machine Learning","floor":22},{"not_picked":["Compile Driver","Streamline","Barrage"],"picked":"Conserve Battery","floor":22},{"not_picked":["Melter","Cold Snap","Lockon+1"],"picked":"Hologram+1","floor":24},{"not_picked":["Gash","Heatsinks","Static Discharge"],"picked":"Force Field","floor":24},{"not_picked":["Leap","Cold Snap+1","Auto Shields+1"],"picked":"Hologram+1","floor":28},{"not_picked":["Self Repair","White Noise","Coolheaded"],"picked":"Capacitor+1","floor":28},{"not_picked":["White Noise","Streamline","Stack+1"],"picked":"Storm","floor":29},{"not_picked":["Sweeping Beam","Rebound","Barrage"],"picked":"Compile Driver+1","floor":29},{"not_picked":["Leap","Rebound+1","Barrage"],"picked":"Hologram+1","floor":30},{"not_picked":["Undo","Darkness","Sweeping Beam"],"picked":"Conserve Battery","floor":30},{"not_picked":["Buffer","Leap","Conserve Battery"],"picked":"Hologram+1","floor":31},{"not_picked":["Coolheaded+1","Compile Driver","Hologram","Cold Snap"],"picked":"SKIP","floor":31},{"not_picked":["Creative AI","Fission","Machine Learning"],"picked":"Echo Form","floor":33},{"not_picked":["Skim+1","Streamline","Storm"],"picked":"Hologram+1","floor":35},{"not_picked":["Rebound+1","Recycle+1","Turbo+1"],"picked":"Static Discharge+1","floor":35},{"not_picked":["Gash+1","Undo","Stack+1"],"picked":"Sunder","floor":36},{"not_picked":["Cold Snap+1","Scrape+1","Beam Cell","Turbo"],"picked":"SKIP","floor":36},{"not_picked":["Thinking Ahead","Deep Breath","Sadistic Nature"],"picked":"Magnetism","floor":37},{"not_picked":["Steam","Compile Driver","Cold Snap"],"picked":"Leap+1","floor":39},{"not_picked":["Reprogram+1","Gash","Chaos+1","Streamline+1"],"picked":"SKIP","floor":39},{"not_picked":["Tempest+1","Coolheaded","Rebound+1"],"picked":"Hologram+1","floor":42},{"not_picked":["Beam Cell+1","Aggregate+1","Genetic Algorithm","Self Repair+1"],"picked":"SKIP","floor":42},{"not_picked":["Leap","Coolheaded","Cold Snap+1"],"picked":"Thunder Strike","floor":44},{"not_picked":["Coolheaded","Cold Snap","Hologram"],"picked":"Stack+1","floor":44},{"not_picked":["Stack+1","Conserve Battery","Go for the Eyes+1"],"picked":"Hologram+1","floor":46},{"not_picked":["Steam+1","Hello World+1","Aggregate+1"],"picked":"Static Discharge+1","floor":46},{"not_picked":["Self Repair","Redo","Steam Power"],"picked":"Hologram+1","floor":47},{"not_picked":["Rebound","Capacitor+1","Streamline"],"picked":"Defragment+1","floor":47},{"not_picked":["Scrape+1","Hello World","Go for the Eyes+1"],"picked":"Skim+1","floor":48}],"player_experience":135219,"potions_floor_usage":[6,10,10,16,33,50,50,50,50,50],"damage_taken":[{"damage":1,"enemies":"Cultist","floor":1,"turns":3},{"damage":0,"enemies":"2 Louse","floor":2,"turns":3},{"damage":13,"enemies":"Jaw Worm","floor":3,"turns":4},{"damage":12,"enemies":"3 Louse","floor":4,"turns":4},{"damage":10,"enemies":"2 Fungi Beasts","floor":5,"turns":3},{"damage":26,"enemies":"3 Sentries","floor":6,"turns":6},{"damage":2,"enemies":"Large Slime","floor":7,"turns":6},{"damage":15,"enemies":"Lagavulin","floor":10,"turns":5},{"damage":14,"enemies":"Lots of Slimes","floor":12,"turns":4},{"damage":4,"enemies":"Red Slaver","floor":14,"turns":4},{"damage":14,"enemies":"Hexaghost","floor":16,"turns":9},{"damage":9,"enemies":"Chosen","floor":18,"turns":4},{"damage":13,"enemies":"Shell Parasite","floor":20,"turns":4},{"damage":24,"enemies":"Centurion and Healer","floor":22,"turns":4},{"damage":18,"enemies":"Snecko","floor":24,"turns":5},{"damage":22,"enemies":"3 Cultists","floor":28,"turns":6},{"damage":0,"enemies":"Centurion and Healer","floor":29,"turns":9},{"damage":0,"enemies":"Snecko","floor":30,"turns":5},{"damage":2,"enemies":"Snake Plant","floor":31,"turns":5},{"damage":22,"enemies":"Champ","floor":33,"turns":8},{"damage":0,"enemies":"Orb Walker","floor":35,"turns":4},{"damage":6,"enemies":"3 Shapes","floor":36,"turns":5},{"damage":10,"enemies":"3 Darklings","floor":39,"turns":4},{"damage":0,"enemies":"Maw","floor":42,"turns":5},{"damage":33,"enemies":"Sphere and 2 Shapes","floor":44,"turns":6},{"damage":8,"enemies":"3 Darklings","floor":46,"turns":5},{"damage":17,"enemies":"4 Shapes","floor":47,"turns":7},{"damage":0,"enemies":"Giant Head","floor":48,"turns":6},{"damage":34,"enemies":"Awakened One","floor":50,"turns":8}],"relics_obtained":[{"floor":6,"key":"Prayer Wheel"},{"floor":9,"key":"Shovel"},{"floor":10,"key":"Darkstone Periapt"},{"floor":19,"key":"Necronomicon"},{"floor":26,"key":"Kunai"},{"floor":43,"key":"Potion Belt"},{"floor":48,"key":"The Courier"},{"floor":49,"key":"Mango"}],"event_choices":[{"event_name":"Bonfire Elementals","player_choice":"BASIC","floor":13,"damage_taken":0},{"event_name":"Cursed Tome","player_choice":"Obtained Book","floor":19,"damage_taken":0},{"event_name":"SensoryStone","player_choice":"Memory 1","floor":37,"damage_taken":0}],"boss_relics":[{"not_picked":["Calling Bell","Runic Dome"],"picked":"Snecko Eye"},{"not_picked":["Sozu","Eternal Feather"],"picked":"Inserter"}],"items_purged_floors":[21,38],"is_endless":false,"potions_floor_spawned":[2,3,6,7,12,14,20,22,31,36,46,48],"seed_played":"6379464185804602819","ascension_level":3,"potions_obtained":[{"floor":2,"key":"FocusPotion"},{"floor":3,"key":"Fruit Juice"},{"floor":6,"key":"Swift Potion"},{"floor":7,"key":"PowerPotion"},{"floor":12,"key":"Weak Potion"},{"floor":14,"key":"Dexterity Potion"},{"floor":20,"key":"Dexterity Potion"},{"floor":36,"key":"SteroidPotion"},{"floor":46,"key":"Strength Potion"},{"floor":48,"key":"Explosive Potion"}],"is_trial":false}