{"gold_per_floor":[111,36,36,55,55,55,55,55,78,78,90,90,100,100,100,174,174,194,174,31,55,55,55,75,75,375,375,375],"floor_reached":28,"playtime":1436,"items_purged":["Defend_B"],"score":357,"play_id":"ca1736a2-6e1a-4a86-85e0-ffe108a40bdb","local_time":"20190526210011","is_ascension_mode":true,"campfire_choices":[{"data":"Zap","floor":6.0,"key":"SMITH"},{"data":"Zap","floor":8.0,"key":"SMITH"},{"data":"Dualcast","floor":10.0,"key":"SMITH"},{"data":"Hologram","floor":12.0,"key":"SMITH"},{"data":"Self Repair","floor":15.0,"key":"SMITH"},{"floor":23.0,"key":"REST"},{"data":"Consume","floor":25.0,"key":"SMITH"}],"neow_cost":"NONE","seed_source_timestamp":528832086348200,"circlet_count":0,"master_deck":["AscendersBane","Strike_B+1","Strike_B+1","Defend_B","Defend_B","Defend_B","Zap+1","Dualcast+1","Consume+1","Hologram+1","Zap+1","Glacier","Self Repair+1","Buffer","Defragment","Capacitor"],"special_seed":0,"relics":["Cracked Core","Whetstone","Philosopher\u0027s Stone","Omamori","Old Coin"],"potions_floor_usage":[27],"damage_taken":[{"damage":7.0,"enemies":"Jaw Worm","floor":1.0,"turns":4.0},{"damage":7.0,"enemies":"2 Louse","floor":4.0,"turns":2.0},{"damage":0.0,"enemies":"Small Slimes","floor":11.0,"turns":2.0},{"damage":4.0,"enemies":"Gremlin Gang","floor":13.0,"turns":5.0},{"damage":57.0,"enemies":"Hexaghost","floor":16.0,"turns":13.0},{"damage":30.0,"enemies":"Chosen","floor":18.0,"turns":7.0},{"damage":0.0,"enemies":"Spheric Guardian","floor":24.0,"turns":5.0},{"damage":0,"enemies":"3 Cultists","floor":27,"turns":1},{"damage":77,"enemies":"Book of Stabbing","floor":28,"turns":7}],"seed_played":"8398522957028546185","potions_obtained":[{"floor":11.0,"key":"Poison Potion"},{"floor":13.0,"key":"SteroidPotion"},{"floor":19.0,"key":"SmokeBomb"}],"is_trial":false,"path_per_floor":["M","?","?","M","?","R","?","R","T","R","M","R","M","?","R","B",null,"M","?","$","T","$","R","M","R","T","M","E"],"character_chosen":"DEFECT","items_purchased":["Defragment"],"campfire_rested":1,"item_purchase_floors":[20],"current_hp_per_floor":[57,57,57,50,50,50,50,50,50,50,50,50,46,69,69,22,59,39,39,39,39,39,60,70,70,70,70,0],"gold":375,"neow_bonus":"REMOVE_CARD","is_prod":false,"is_daily":false,"chose_seed":false,"campfire_upgraded":6,"win_rate":0,"timestamp":1558918811,"path_taken":["M","?","?","M","?","R","?","R","T","R","M","R","?","?","R","BOSS","M","?","?","?","?","R","M","R","T","?","E"],"build_version":"2019-01-23","purchased_purges":1,"victory":false,"max_hp_per_floor":[71,71,71,71,71,71,71,71,71,71,71,71,71,71,71,71,71,71,71,71,71,71,71,71,71,71,71,71],"card_choices":[{"not_picked":["Hologram","Go for the Eyes"],"picked":"Consume","floor":1.0},{"not_picked":["Tempest","Leap"],"picked":"Hologram","floor":4.0},{"not_picked":["Sunder","Coolheaded"],"picked":"Glacier","floor":11.0},{"not_picked":["Hologram","Steam Power"],"picked":"Self Repair","floor":13.0},{"not_picked":["Fission","Seek"],"picked":"Buffer","floor":16.0},{"not_picked":["Streamline+1","Cold Snap","Barrage"],"picked":"SKIP","floor":18.0},{"not_picked":["Go for the Eyes","Cold Snap"],"picked":"Capacitor","floor":24.0}],"player_experience":1112758,"relics_obtained":[{"floor":9.0,"key":"Whetstone"},{"floor":21.0,"key":"Omamori"},{"floor":26.0,"key":"Old Coin"}],"event_choices":[{"cards_removed":["Strike_B"],"damage_healed":0.0,"max_hp_gain":0.0,"max_hp_loss":0.0,"gold_gain":0.0,"event_name":"The Cleric","player_choice":"Card Removal","floor":2.0,"gold_loss":75.0,"damage_taken":0.0},{"damage_healed":0.0,"max_hp_gain":0.0,"max_hp_loss":0.0,"gold_gain":0.0,"event_name":"Scrap Ooze","player_choice":"Fled","floor":3.0,"gold_loss":0.0,"damage_taken":0.0},{"damage_healed":0.0,"max_hp_gain":0.0,"max_hp_loss":0.0,"gold_gain":0.0,"event_name":"Liars Game","player_choice":"Ignored","floor":5.0,"gold_loss":0.0,"damage_taken":0.0},{"damage_healed":0.0,"max_hp_gain":0.0,"max_hp_loss":0.0,"gold_gain":0.0,"event_name":"Match and Keep!","player_choice":"1 cards matched","floor":7.0,"gold_loss":0.0,"damage_taken":0.0,"cards_obtained":["Zap"]},{"damage_healed":23.0,"max_hp_gain":0.0,"max_hp_loss":0.0,"gold_gain":0.0,"event_name":"Big Fish","player_choice":"Banana","floor":14.0,"gold_loss":0.0,"damage_taken":0.0},{"damage_healed":0.0,"max_hp_gain":0.0,"max_hp_loss":0.0,"gold_gain":0.0,"event_name":"The Woman in Blue","player_choice":"Bought 1 Potion","floor":19.0,"gold_loss":0.0,"damage_taken":0.0}],"is_beta":false,"boss_relics":[{"not_picked":["Astrolabe","Sozu"],"picked":"Philosopher\u0027s Stone"}],"items_purged_floors":[20],"is_endless":false,"potions_floor_spawned":[11,13,27],"killed_by":"Book of Stabbing","ascension_level":15}