{"gold_per_floor":[118,129,129,129,153,153,173,204,227,252,264],"floor_reached":11,"playtime":680,"items_purged":[],"score":105,"play_id":"ab63c26c-ffde-4169-92be-1b0a242c215d","local_time":"20180913123357","is_ascension_mode":true,"campfire_choices":[{"floor":6,"key":"REST"}],"neow_cost":"PERCENT_DAMAGE","seed_source_timestamp":62208201722052,"circlet_count":0,"master_deck":["Defend_G","Defend_G","Defend_G","Defend_G","Defend_G","Strike_G","Strike_G","Strike_G","Strike_G","Strike_G","Survivor","Neutralize","Adrenaline","Backstab","Bouncing Flask","PiercingWail","Skewer","Infinite Blades","Backflip"],"relics":["Ring of the Snake","Golden Idol","Centennial Puzzle","MawBank"],"potions_floor_usage":[7,8],"damage_taken":[{"damage":0,"enemies":"Cultist","floor":1,"turns":4},{"damage":0,"enemies":"Jaw Worm","floor":2,"turns":5},{"damage":0,"enemies":"2 Louse","floor":5,"turns":3},{"damage":0,"enemies":"Gremlin Gang","floor":7,"turns":6},{"damage":44,"enemies":"3 Sentries","floor":8,"turns":10},{"damage":13,"enemies":"Large Slime","floor":10,"turns":4},{"damage":7,"enemies":"Gremlin Nob","floor":11,"turns":2}],"seed_played":"-7760526693573900154","potions_obtained":[{"floor":1,"key":"Energy Potion"},{"floor":2,"key":"AttackPotion"},{"floor":5,"key":"SteroidPotion"}],"is_trial":false,"path_per_floor":["M","M","?","?","M","R","M","E","T","M"],"character_chosen":"THE_SILENT","items_purchased":[],"campfire_rested":1,"item_purchase_floors":[],"current_hp_per_floor":[45,45,45,38,38,59,59,15,15,2,0],"gold":264,"neow_bonus":"THREE_RARE_CARDS","is_prod":false,"is_daily":false,"chose_seed":false,"campfire_upgraded":0,"win_rate":0,"timestamp":1536856437,"path_taken":["M","?","?","?","M","R","M","E","T","M","E"],"build_version":"2018-09-06","purchased_purges":0,"victory":false,"max_hp_per_floor":[70,70,70,70,70,70,70,70,70,70,70],"card_choices":[{"not_picked":["Unload","Night Terror"],"picked":"Adrenaline","floor":0},{"not_picked":["Heel Hook","PiercingWail"],"picked":"Backstab","floor":1},{"not_picked":["Dagger Spray","Deadly Poison"],"picked":"Bouncing Flask","floor":2},{"not_picked":["Bane","Endless Agony"],"picked":"PiercingWail","floor":5},{"not_picked":["Dagger Throw","Flying Knee"],"picked":"Skewer","floor":7},{"not_picked":["Poisoned Stab","Sucker Punch"],"picked":"Infinite Blades","floor":8},{"not_picked":["Concentrate","Sucker Punch"],"picked":"Backflip","floor":10}],"player_experience":167701,"relics_obtained":[{"floor":8,"key":"Centennial Puzzle"},{"floor":9,"key":"MawBank"}],"event_choices":[{"event_name":"Golden Idol","player_choice":"Take Wound","floor":3,"damage_taken":0},{"event_name":"Golden Wing","player_choice":"Card Removal","floor":4,"damage_taken":0}],"is_beta":false,"boss_relics":[],"items_purged_floors":[],"is_endless":false,"potions_floor_spawned":[1,2,5],"killed_by":"Gremlin Nob","ascension_level":8}