{"gold_per_floor":[366,2,2,2,2,2,37,37,37,56,85,95,120,45,45,144,144,144,0,0,0,0,0,0,0,0,0,0,0,0,0,0,0,0,0,0,0,0,0,0,0,0,0,0,0,0,0,0,0,0],"floor_reached":51,"playtime":17350,"items_purged":["Strike_G"],"score":1131,"play_id":"1a8dbefa-ffbd-45a1-86c4-e84232455740","local_time":"20190111193638","is_ascension_mode":true,"campfire_choices":[{"floor":6.0,"key":"REST"},{"floor":8.0,"key":"REST"},{"data":"1","floor":15.0,"key":"LIFT"},{"data":"Terror","floor":23.0,"key":"SMITH"},{"data":"2","floor":25.0,"key":"LIFT"},{"data":"3","floor":32,"key":"LIFT"},{"data":"After Image","floor":40,"key":"SMITH"},{"data":"Noxious Fumes","floor":42,"key":"SMITH"},{"data":"Malaise","floor":44,"key":"SMITH"},{"floor":49,"key":"REST"}],"neow_cost":"PERCENT_DAMAGE","seed_source_timestamp":0,"circlet_count":0,"master_deck":["Defend_G+1","Defend_G","Defend_G+1","Defend_G","Defend_G","Strike_G","Strike_G","Survivor","Neutralize","Well Laid Plans","Cloak And Dagger","PiercingWail","Blur","Terror+1","Dagger Spray","Malaise+1","Cloak And Dagger","Eviscerate","Noxious Fumes+1","After Image+1","Parasite"],"special_seed":0,"relics":["Ring of the Snake","Thread and Needle","Oddly Smooth Stone","Girya","Letter Opener","Shuriken","Ectoplasm","Bronze Scales","Potion Belt","Centennial Puzzle","Nilry\u0027s Codex","Dead Branch","Busted Crown","Bottled Tornado","MawBank","Happy Flower"],"potions_floor_usage":[33,39,46,50],"damage_taken":[{"damage":1.0,"enemies":"Small Slimes","floor":1.0,"turns":5.0},{"damage":4.0,"enemies":"3 Sentries","floor":7.0,"turns":15.0},{"damage":0.0,"enemies":"Jaw Worm","floor":10.0,"turns":5.0},{"damage":13.0,"enemies":"Gremlin Nob","floor":11.0,"turns":6.0},{"damage":0.0,"enemies":"2 Louse","floor":12.0,"turns":2.0},{"damage":0.0,"enemies":"Lagavulin","floor":13.0,"turns":9.0},{"damage":5.0,"enemies":"The Guardian","floor":16.0,"turns":12.0},{"damage":0.0,"enemies":"Shell Parasite","floor":18.0,"turns":7.0},{"damage":0.0,"enemies":"Colosseum Slavers","floor":20.0,"turns":4.0},{"damage":3.0,"enemies":"Slavers","floor":24.0,"turns":3.0},{"damage":0,"enemies":"Book of Stabbing","floor":30,"turns":6},{"damage":0,"enemies":"2 Thieves","floor":31,"turns":3},{"damage":10,"enemies":"Collector","floor":33,"turns":7},{"damage":4,"enemies":"3 Shapes","floor":35,"turns":4},{"damage":0,"enemies":"3 Darklings","floor":37,"turns":3},{"damage":0,"enemies":"Transient","floor":38,"turns":5},{"damage":0,"enemies":"Writhing Mass","floor":39,"turns":6},{"damage":0,"enemies":"Reptomancer","floor":41,"turns":6},{"damage":13,"enemies":"Spire Growth","floor":45,"turns":6},{"damage":2,"enemies":"Nemesis","floor":46,"turns":5},{"damage":17,"enemies":"Time Eater","floor":50,"turns":10}],"seed_played":"3202043539461510870","potions_obtained":[{"floor":1.0,"key":"Poison Potion"},{"floor":10.0,"key":"SkillPotion"},{"floor":13.0,"key":"Block Potion"},{"floor":16.0,"key":"Fire Potion"},{"floor":30,"key":"Swift Potion"},{"floor":33,"key":"Regen Potion"},{"floor":36,"key":"EntropicBrew"},{"floor":36,"key":"Energy Potion"},{"floor":46,"key":"PowerPotion"}],"is_trial":false,"path_per_floor":["M","$","?","$","?","R","E","R","T","M","E","M","E","$","R","B",null,"M","$","?","$","?","R","E","R","T","?","?","?","E","M","R","B",null,"M","?","M","M","M","R","E","R","T","R","M","E","?","$","R","B",null],"character_chosen":"THE_SILENT","items_purchased":["Thread and Needle","Cloak And Dagger","Bronze Scales"],"campfire_rested":3,"item_purchase_floors":[2,2,19],"current_hp_per_floor":[44,44,30,30,30,51,47,68,68,68,55,55,55,55,55,50,65,65,65,65,65,65,65,62,62,62,62,46,46,46,46,46,36,62,58,58,58,58,70,70,70,70,70,70,57,55,55,55,70,53],"gold":0,"neow_bonus":"TWO_FIFTY_GOLD","is_prod":false,"is_daily":false,"chose_seed":false,"campfire_upgraded":4,"win_rate":0,"timestamp":1547253398,"path_taken":["M","$","?","?","?","R","E","R","T","M","E","M","E","$","R","BOSS","M","$","?","$","?","R","E","R","T","?","?","?","E","M","R","BOSS","M","?","M","?","M","R","E","R","T","R","M","E","?","?","R","BOSS"],"build_version":"2019-01-10","purchased_purges":1,"victory":true,"max_hp_per_floor":[70,70,70,70,70,70,70,70,70,70,70,70,70,70,70,70,70,70,70,70,70,70,70,70,70,70,70,70,70,70,70,70,70,70,70,70,70,70,70,70,70,70,70,70,70,70,70,70,70,70],"card_choices":[{"not_picked":["Eviscerate","Underhanded Strike"],"picked":"Well Laid Plans","floor":1.0},{"not_picked":["Eviscerate","Riddle With Holes"],"picked":"PiercingWail","floor":7.0},{"not_picked":["Outmaneuver","Deflect"],"picked":"Blur","floor":10.0},{"not_picked":["Dodge and Roll","Dagger Throw"],"picked":"Terror","floor":11.0},{"not_picked":["Predator","Tactician","Accuracy"],"picked":"SKIP","floor":12.0},{"not_picked":["Setup","Outmaneuver"],"picked":"Dagger Spray","floor":13.0},{"not_picked":["Glass Knife","Envenom"],"picked":"Malaise","floor":16.0},{"not_picked":["Eviscerate+1","Escape Plan"],"picked":"Cloak And Dagger","floor":18.0},{"not_picked":["PiercingWail","Outmaneuver","Dagger Throw+1"],"picked":"SKIP","floor":24.0},{"not_picked":["Blade Dance+1","Flechettes","Bane"],"picked":"SKIP","floor":30},{"not_picked":["Deadly Poison","Expertise"],"picked":"Noxious Fumes","floor":31},{"not_picked":["Tools of the Trade","Burst"],"picked":"After Image","floor":33},{"not_picked":["Dodge and Roll"],"picked":"SKIP","floor":35},{"not_picked":["Deflect+1"],"picked":"SKIP","floor":37},{"not_picked":["PiercingWail+1"],"picked":"SKIP","floor":38},{"not_picked":["Poisoned Stab"],"picked":"SKIP","floor":39},{"not_picked":["PiercingWail+1"],"picked":"SKIP","floor":41},{"not_picked":["Tactician"],"picked":"SKIP","floor":45},{"not_picked":["Prepared"],"picked":"SKIP","floor":46}],"player_experience":587002,"relics_obtained":[{"floor":7.0,"key":"Oddly Smooth Stone"},{"floor":9.0,"key":"Girya"},{"floor":11.0,"key":"Letter Opener"},{"floor":13.0,"key":"Shuriken"},{"floor":24.0,"key":"Potion Belt"},{"floor":26.0,"key":"Centennial Puzzle"},{"floor":28,"key":"Nilry\u0027s Codex"},{"floor":30,"key":"Dead Branch"},{"floor":41,"key":"Bottled Tornado"},{"floor":43,"key":"MawBank"},{"floor":46,"key":"Happy Flower"}],"event_choices":[{"damage_healed":0.0,"max_hp_gain":0.0,"max_hp_loss":0.0,"gold_gain":0.0,"event_name":"Shining Light","player_choice":"Entered Light","floor":3.0,"gold_loss":0.0,"damage_taken":14.0,"cards_upgraded":["Defend_G","Defend_G"]},{"damage_healed":0.0,"max_hp_gain":0.0,"max_hp_loss":0.0,"gold_gain":0.0,"event_name":"The Cleric","player_choice":"Leave","floor":5.0,"gold_loss":0.0,"damage_taken":0.0},{"damage_healed":0.0,"max_hp_gain":0.0,"max_hp_loss":0.0,"gold_gain":0.0,"event_name":"Colosseum","player_choice":"Fight","floor":20.0,"gold_loss":0.0,"damage_taken":0.0},{"damage_healed":0.0,"max_hp_gain":0.0,"max_hp_loss":0.0,"gold_gain":0.0,"event_name":"Colosseum","player_choice":"Fled From Nobs","floor":20.0,"gold_loss":0.0,"damage_taken":0.0},{"damage_healed":0.0,"max_hp_gain":0.0,"max_hp_loss":0.0,"gold_gain":0.0,"cards_transformed":["Strike_G","Strike_G"],"event_name":"Drug Dealer","player_choice":"Became Test Subject","floor":22.0,"gold_loss":0.0,"damage_taken":0.0,"cards_obtained":["Eviscerate","Flying Knee"]},{"damage_healed":0,"gold_gain":0,"player_choice":"Obtained Book","damage_taken":16,"max_hp_gain":0,"max_hp_loss":0,"event_name":"Cursed Tome","floor":28,"gold_loss":0},{"damage_healed":0,"gold_gain":0,"player_choice":"Ignored","damage_taken":0,"max_hp_gain":0,"max_hp_loss":0,"event_name":"N\u0027loth","floor":29,"gold_loss":0},{"damage_healed":0,"gold_gain":0,"player_choice":"Got Potions","damage_taken":0,"max_hp_gain":0,"max_hp_loss":0,"event_name":"Lab","floor":36,"gold_loss":0},{"cards_removed":["Flying Knee"],"damage_healed":0,"gold_gain":0,"player_choice":"Removed Attack","damage_taken":0,"max_hp_gain":0,"max_hp_loss":0,"event_name":"Falling","floor":47,"gold_loss":0}],"is_beta":false,"boss_relics":[{"not_picked":["Coffee Dripper","Black Star"],"picked":"Ectoplasm"},{"not_picked":["Velvet Choker","Sozu"],"picked":"Busted Crown"}],"items_purged_floors":[14],"is_endless":false,"potions_floor_spawned":[1,10,13,16,20,30,33,38,46],"ascension_level":9}