{"gold_per_floor":[114,129,144,144,144,144,244,244,244,259,274,304,8,23,23,123,123,138,13,13,13,28,28,43,58,58,73,88,103,133,148,148,248,248,263,278,293,308,308,338,57,72,72,97,109,121,148,160],"floor_reached":48,"playtime":3853,"items_purged":["Core Surge"],"score":565,"play_id":"574edc92-c49e-4fc2-97a7-8f96580e574b","local_time":"20190225142539","daily_mods":["Shiny","Uncertain Future","Night Terrors"],"is_ascension_mode":false,"campfire_choices":[{"data":"Turbo","floor":6,"key":"SMITH"},{"data":"Buffer","floor":8,"key":"SMITH"},{"data":"White Noise","floor":15,"key":"SMITH"},{"data":"Seek","floor":23,"key":"SMITH"},{"floor":32,"key":"REST"},{"data":"Madness","floor":46,"key":"SMITH"}],"neow_cost":"","seed_source_timestamp":0,"circlet_count":0,"master_deck":["Multi-Cast","Hyperbeam","Thunder Strike","Biased Cognition","Machine Learning","Electrodynamics","Buffer+1","Rainbow+1","Seek+1","Meteor Strike","Echo Form","All For One","Reboot","Amplify","Creative AI","Fission","Leap+1","Turbo+1","White Noise+1","Capacitor","Leap","Capacitor","Electrodynamics","Conserve Battery","Steam+1","Steam Power","Turbo+1","White Noise","Buffer","Aggregate+1","Conserve Battery+1","Conserve Battery+1","White Noise","Madness","Madness+1"],"special_seed":17952,"relics":["Cracked Core","Sundial","Symbiotic Virus","Art of War","Runic Pyramid","Nloth\u0027s Gift","Molten Egg 2","War Paint","Nuclear Battery","Ancient Tea Set","Lee\u0027s Waffle","Potion Belt","MawBank"],"potions_floor_usage":[12,25,28,30],"damage_taken":[{"damage":0,"enemies":"2 Louse","floor":1,"turns":1},{"damage":11,"enemies":"Jaw Worm","floor":2,"turns":2},{"damage":0,"enemies":"Cultist","floor":3,"turns":2},{"damage":0,"enemies":"2 Fungi Beasts","floor":10,"turns":1},{"damage":3,"enemies":"Lots of Slimes","floor":11,"turns":2},{"damage":0,"enemies":"Gremlin Nob","floor":12,"turns":4},{"damage":7,"enemies":"Blue Slaver","floor":14,"turns":3},{"damage":24,"enemies":"Hexaghost","floor":16,"turns":5},{"damage":0,"enemies":"Chosen","floor":18,"turns":3},{"damage":28,"enemies":"3 Byrds","floor":22,"turns":3},{"damage":0,"enemies":"3 Cultists","floor":24,"turns":1},{"damage":0,"enemies":"Cultist and Chosen","floor":25,"turns":4},{"damage":0,"enemies":"Snecko","floor":27,"turns":5},{"damage":2,"enemies":"Centurion and Healer","floor":28,"turns":3},{"damage":9,"enemies":"Chosen and Byrds","floor":29,"turns":4},{"damage":1,"enemies":"Gremlin Leader","floor":30,"turns":4},{"damage":36,"enemies":"Snake Plant","floor":31,"turns":4},{"damage":34,"enemies":"Champ","floor":33,"turns":7},{"damage":1,"enemies":"3 Shapes","floor":35,"turns":3},{"damage":3,"enemies":"3 Darklings","floor":36,"turns":3},{"damage":0,"enemies":"4 Shapes","floor":37,"turns":3},{"damage":22,"enemies":"Sphere and 2 Shapes","floor":38,"turns":3},{"damage":0,"enemies":"Giant Head","floor":40,"turns":7},{"damage":0,"enemies":"Maw","floor":42,"turns":5},{"damage":47,"enemies":"Transient","floor":47,"turns":5},{"damage":25,"enemies":"3 Darklings","floor":48,"turns":2}],"seed_played":"-6516255005524469742","potions_obtained":[{"floor":3,"key":"Swift Potion"},{"floor":11,"key":"FearPotion"},{"floor":12,"key":"SteroidPotion"},{"floor":25,"key":"Regen Potion"},{"floor":27,"key":"Dexterity Potion"},{"floor":28,"key":"Swift Potion"},{"floor":31,"key":"LiquidBronze"},{"floor":33,"key":"Poison Potion"},{"floor":37,"key":"GamblersBrew"},{"floor":40,"key":"SkillPotion"}],"is_trial":false,"path_per_floor":["M","M","M","?","?","R","?","R","T","M","M","E","$","M","R","B",null,"M","$","$","?","M","R","M","M","T","M","M","M","E","M","R","B",null,"M","M","M","M","?","E","$","M","T","T","?","R","M","M"],"character_chosen":"DEFECT","items_purchased":["Letter Opener","Leap","Swift Potion","Lee\u0027s Waffle","White Noise"],"campfire_rested":1,"item_purchase_floors":[13,13,19,41,41],"current_hp_per_floor":[75,64,64,64,46,46,46,46,46,46,43,43,43,36,36,12,75,75,75,75,75,47,47,47,47,47,47,54,45,44,8,70,36,70,69,66,66,44,44,44,77,77,77,77,67,67,20,0],"gold":160,"neow_bonus":"","is_prod":false,"is_daily":true,"chose_seed":false,"campfire_upgraded":5,"win_rate":0,"timestamp":1551101139,"path_taken":["M","M","M","?","?","R","?","R","T","M","M","E","$","M","R","BOSS","M","?","$","?","M","R","?","M","T","M","M","M","E","M","R","BOSS","M","M","M","M","?","E","$","M","T","?","?","R","M","M"],"build_version":"2019-01-23","purchased_purges":1,"victory":false,"max_hp_per_floor":[75,75,75,75,75,75,75,75,75,75,75,75,75,75,75,75,75,75,75,75,75,75,75,75,75,75,75,75,75,75,75,70,70,70,70,70,70,70,70,70,77,77,77,77,77,77,77,77],"card_choices":[{"not_picked":["Stack","Tempest"],"picked":"Leap","floor":1},{"not_picked":["Streamline","Force Field"],"picked":"Turbo","floor":2},{"not_picked":["Redo","Go for the Eyes","Rebound"],"picked":"SKIP","floor":3},{"not_picked":["Conserve Battery","Rebound"],"picked":"White Noise","floor":10},{"not_picked":["Sweeping Beam","Compile Driver"],"picked":"Capacitor","floor":11},{"not_picked":["Coolheaded","Barrage","Core Surge"],"picked":"SKIP","floor":12},{"not_picked":["Force Field","Melter"],"picked":"Capacitor","floor":14},{"not_picked":["Biased Cognition","Multi-Cast"],"picked":"Electrodynamics","floor":16},{"not_picked":["Beam Cell","Gash","Leap"],"picked":"SKIP","floor":18},{"not_picked":["Cold Snap","Leap","Gash+1"],"picked":"SKIP","floor":22},{"not_picked":["Leap","Undo"],"picked":"Conserve Battery","floor":24},{"not_picked":["Sweeping Beam+1","Hologram"],"picked":"Steam+1","floor":25},{"not_picked":["Beam Cell+1","Coolheaded"],"picked":"Steam Power","floor":27},{"not_picked":["Coolheaded+1","Heatsinks+1"],"picked":"Turbo+1","floor":28},{"not_picked":["Force Field","Thunder Strike+1","Lockon+1"],"picked":"SKIP","floor":29},{"not_picked":["Ball Lightning+1","Go for the Eyes+1"],"picked":"White Noise","floor":30},{"not_picked":["Sweeping Beam+1","Gash+1","Steam"],"picked":"SKIP","floor":31},{"not_picked":["Thunder Strike+1","Echo Form"],"picked":"Buffer","floor":33},{"not_picked":["Coolheaded","Stack+1"],"picked":"Aggregate+1","floor":35},{"not_picked":["Capacitor","Chill"],"picked":"Conserve Battery+1","floor":36},{"not_picked":["Rebound+1","Streamline+1","Hello World+1"],"picked":"SKIP","floor":37},{"not_picked":["Redo","Beam Cell+1","Sweeping Beam+1"],"picked":"SKIP","floor":38},{"not_picked":["Leap","Streamline+1"],"picked":"Conserve Battery+1","floor":40},{"not_picked":["Turbo","Gash+1","Ball Lightning+1"],"picked":"SKIP","floor":42},{"not_picked":["Cold Snap+1","Doom and Gloom+1","Barrage+1"],"picked":"SKIP","floor":47}],"player_experience":228527,"relics_obtained":[{"floor":9,"key":"Symbiotic Virus"},{"floor":12,"key":"Art of War"},{"floor":26,"key":"Molten Egg 2"},{"floor":30,"key":"War Paint"},{"floor":40,"key":"Ancient Tea Set"},{"floor":43,"key":"Potion Belt"},{"floor":44,"key":"MawBank"}],"event_choices":[{"damage_healed":0,"gold_gain":0,"player_choice":"Ignored","damage_taken":0,"max_hp_gain":0,"max_hp_loss":0,"event_name":"Liars Game","floor":4,"gold_loss":0},{"damage_healed":0,"gold_gain":0,"player_choice":"Success","damage_taken":18,"relics_obtained":["Sundial"],"max_hp_gain":0,"max_hp_loss":0,"event_name":"Scrap Ooze","floor":5,"gold_loss":0},{"damage_healed":0,"gold_gain":100,"player_choice":"Pray","damage_taken":0,"max_hp_gain":0,"max_hp_loss":0,"event_name":"Golden Shrine","floor":7,"gold_loss":0},{"damage_healed":0,"gold_gain":0,"player_choice":"Traded Relic","damage_taken":0,"relics_obtained":["Nloth\u0027s Gift"],"max_hp_gain":0,"max_hp_loss":0,"event_name":"N\u0027loth","floor":21,"relics_lost":["Letter Opener"],"gold_loss":0},{"damage_healed":0,"gold_gain":0,"player_choice":"Memory 1","damage_taken":0,"max_hp_gain":0,"max_hp_loss":0,"event_name":"SensoryStone","floor":39,"gold_loss":0},{"damage_healed":0,"gold_gain":0,"player_choice":"Embrace Madness","damage_taken":10,"max_hp_gain":0,"max_hp_loss":0,"event_name":"Winding Halls","floor":45,"gold_loss":0,"cards_obtained":["Madness","Madness"]}],"is_beta":false,"boss_relics":[{"not_picked":["Velvet Choker","Orrery"],"picked":"Runic Pyramid"},{"not_picked":["FrozenCore","Lizard Tail"],"picked":"Nuclear Battery"}],"items_purged_floors":[19],"is_endless":false,"potions_floor_spawned":[3,11,12,25,27,28,31,33,35,37,40],"killed_by":"3 Darklings","ascension_level":0}