{"gold_per_floor":[118,68,68,68,80,113,129,129,129,140,140,170,170,183,183,280,280,299,313,330,330],"floor_reached":21,"playtime":677,"items_purged":[],"score":227,"play_id":"9998850a-55ca-42e7-a117-84ea27d7c000","local_time":"20190221223525","is_ascension_mode":true,"campfire_choices":[{"data":"Defragment","floor":8,"key":"SMITH"},{"floor":13,"key":"REST"},{"data":"Streamline","floor":15,"key":"SMITH"}],"neow_cost":"NONE","seed_source_timestamp":28687451736644,"circlet_count":0,"master_deck":["Strike_B","Strike_B","Defend_B","Defend_B","Defend_B","Defend_B","Zap","Dualcast","FTL","White Noise","FTL","Defragment+1","Gash","Streamline+1","Fission","Capacitor+1","Skim"],"relics":["Cracked Core","NeowsBlessing","Ice Cream","Sundial","Mercury Hourglass","Question Card"],"potions_floor_usage":[12,12,19,21,21],"damage_taken":[{"damage":0,"enemies":"Cultist","floor":1,"turns":1},{"damage":0,"enemies":"2 Louse","floor":5,"turns":1},{"damage":0,"enemies":"3 Sentries","floor":6,"turns":1},{"damage":3,"enemies":"Jaw Worm","floor":7,"turns":4},{"damage":9,"enemies":"2 Fungi Beasts","floor":10,"turns":3},{"damage":20,"enemies":"Lagavulin","floor":12,"turns":4},{"damage":7,"enemies":"Blue Slaver","floor":14,"turns":3},{"damage":23,"enemies":"Hexaghost","floor":16,"turns":7},{"damage":17,"enemies":"Spheric Guardian","floor":18,"turns":4},{"damage":21,"enemies":"Shell Parasite","floor":19,"turns":4},{"damage":27,"enemies":"Cultist and Chosen","floor":20,"turns":6},{"damage":13,"enemies":"Snake Plant","floor":21,"turns":2}],"seed_played":"-9080320095160805011","potions_obtained":[{"floor":5,"key":"Poison Potion"},{"floor":10,"key":"Poison Potion"},{"floor":16,"key":"Block Potion"},{"floor":18,"key":"AttackPotion"},{"floor":20,"key":"SpeedPotion"}],"is_trial":false,"path_per_floor":["M","?","?","$","M","E","M","R","T","M","?","E","R","M","R","B",null,"M","M","M","M"],"character_chosen":"DEFECT","items_purchased":[],"campfire_rested":1,"item_purchase_floors":[],"current_hp_per_floor":[75,75,63,63,63,63,60,60,60,51,44,24,46,39,39,16,75,58,37,10,0],"gold":330,"neow_bonus":"THREE_ENEMY_KILL","is_prod":false,"is_daily":false,"chose_seed":false,"campfire_upgraded":2,"win_rate":0,"timestamp":1550806525,"path_taken":["M","?","?","$","M","E","M","R","T","?","?","E","R","M","R","BOSS","M","M","M","M"],"build_version":"2019-01-23","purchased_purges":0,"victory":false,"max_hp_per_floor":[75,75,75,75,75,75,75,75,75,75,75,75,75,75,75,75,75,75,75,75,75],"card_choices":[{"not_picked":["Redo","Streamline"],"picked":"FTL","floor":1},{"not_picked":["Sweeping Beam","Gash"],"picked":"White Noise","floor":5},{"not_picked":["Hologram","Loop"],"picked":"FTL","floor":6},{"not_picked":["Redo","Barrage"],"picked":"Defragment","floor":7},{"not_picked":["Sweeping Beam","Turbo"],"picked":"Gash","floor":10},{"not_picked":["Glacier","Genetic Algorithm","Steam Power"],"picked":"SKIP","floor":12},{"not_picked":["Consume","Conserve Battery","Darkness"],"picked":"Streamline","floor":14},{"not_picked":["Hyperbeam","Electrodynamics","Reboot"],"picked":"Fission","floor":16},{"not_picked":["Rebound","Sweeping Beam+1","Force Field+1"],"picked":"Capacitor+1","floor":18},{"not_picked":["Reinforced Body","Reprogram+1","Stack","Barrage"],"picked":"SKIP","floor":19},{"not_picked":["Ball Lightning+1","Streamline","Turbo"],"picked":"Skim","floor":20}],"player_experience":333317,"relics_obtained":[{"floor":6,"key":"Sundial"},{"floor":9,"key":"Mercury Hourglass"},{"floor":12,"key":"Question Card"}],"event_choices":[{"cards_removed":["Strike_B"],"damage_healed":0,"gold_gain":0,"player_choice":"Card Removal","damage_taken":0,"max_hp_gain":0,"max_hp_loss":0,"event_name":"The Cleric","floor":2,"gold_loss":50},{"damage_healed":0,"gold_gain":0,"player_choice":"Success","damage_taken":12,"relics_obtained":["Ice Cream"],"max_hp_gain":0,"max_hp_loss":0,"event_name":"Scrap Ooze","floor":3,"gold_loss":0},{"cards_removed":["Strike_B"],"damage_healed":0,"gold_gain":0,"player_choice":"Card Removal","damage_taken":7,"max_hp_gain":0,"max_hp_loss":0,"event_name":"Golden Wing","floor":11,"gold_loss":0}],"is_beta":false,"boss_relics":[{"not_picked":["Ectoplasm","Snecko Eye","Velvet Choker"]}],"items_purged_floors":[],"is_endless":false,"potions_floor_spawned":[5,10,16,18,20],"killed_by":"Snake Plant","ascension_level":1}