{"gold_per_floor":[115,39,52,52,13,48,48,48,48,48,48,58,84,111,111,187,187,202,38,52,64,78,78,110,110,110,128,160,176,176,176,176,250,250,260,260,185,205,217,217,233,233,259,41,41,72,72,86,86,86],"floor_reached":50,"playtime":2059,"items_purged":["Strike_R"],"score":1059,"play_id":"4bc55cdf-872d-42c1-9f71-e4f51d334009","local_time":"20190530200700","is_ascension_mode":true,"campfire_choices":[{"data":"Bash","floor":7,"key":"SMITH"},{"data":"Pommel Strike","floor":10,"key":"SMITH"},{"data":"Spot Weakness","floor":15,"key":"SMITH"},{"floor":23,"key":"REST"},{"floor":25,"key":"REST"},{"data":"Heavy Blade","floor":30,"key":"SMITH"},{"data":"Battle Trance","floor":32,"key":"SMITH"},{"data":"Offering","floor":40,"key":"SMITH"},{"data":"Anger","floor":42,"key":"SMITH"},{"data":"Sword Boomerang","floor":49,"key":"SMITH"}],"neow_cost":"NONE","seed_source_timestamp":345809052446800,"circlet_count":0,"master_deck":["AscendersBane","Strike_R","Defend_R","Defend_R","Defend_R","Bash+1","Pommel Strike+1","Spot Weakness+1","Carnage","Twin Strike","Shrug It Off","Cleave","Evolve+1","Intimidate+1","Rage+1","Battle Trance+1","Offering+1","Sword Boomerang+1","Heavy Blade+1","Shrug It Off","Pummel","Sword Boomerang","Pummel","Pummel","Anger+1","Doubt","Warcry+1","Iron Wave"],"relics":["Black Blood","NeowsBlessing","CultistMask","Juzu Bracelet","Red Skull","Paper Frog","Odd Mushroom","Astrolabe","Bottled Lightning","Bag of Marbles","Pantograph","MutagenicStrength","Happy Flower","Sling","Strawberry"],"potions_floor_usage":[14,16,24,27,33,35,48,50,50],"damage_taken":[{"damage":0,"enemies":"Jaw Worm","floor":1,"turns":1},{"damage":0,"enemies":"Cultist","floor":3,"turns":1},{"damage":0,"enemies":"3 Sentries","floor":6,"turns":2},{"damage":6,"enemies":"2 Louse","floor":12,"turns":2},{"damage":55,"enemies":"Gremlin Nob","floor":13,"turns":5},{"damage":18,"enemies":"The Mushroom Lair","floor":14,"turns":4},{"damage":27,"enemies":"Hexaghost","floor":16,"turns":9},{"damage":25,"enemies":"Spheric Guardian","floor":18,"turns":4},{"damage":11,"enemies":"Chosen","floor":20,"turns":4},{"damage":27,"enemies":"3 Cultists","floor":21,"turns":5},{"damage":11,"enemies":"Centurion and Healer","floor":22,"turns":4},{"damage":24,"enemies":"Gremlin Leader","floor":24,"turns":5},{"damage":6,"enemies":"Snake Plant","floor":27,"turns":2},{"damage":21,"enemies":"Book of Stabbing","floor":28,"turns":3},{"damage":11,"enemies":"Chosen and Byrds","floor":29,"turns":4},{"damage":26,"enemies":"Champ","floor":33,"turns":6},{"damage":52,"enemies":"3 Darklings","floor":35,"turns":5},{"damage":43,"enemies":"3 Shapes","floor":38,"turns":9},{"damage":10,"enemies":"3 Darklings","floor":39,"turns":2},{"damage":22,"enemies":"4 Shapes","floor":41,"turns":5},{"damage":20,"enemies":"Giant Head","floor":46,"turns":5},{"damage":10,"enemies":"Sphere and 2 Shapes","floor":48,"turns":2},{"damage":106,"enemies":"Awakened One","floor":50,"turns":7}],"seed_played":"4108880257377505050","potions_obtained":[{"floor":3,"key":"SpeedPotion"},{"floor":12,"key":"Regen Potion"},{"floor":16,"key":"PowerPotion"},{"floor":18,"key":"FearPotion"},{"floor":28,"key":"Swift Potion"},{"floor":33,"key":"SteroidPotion"},{"floor":35,"key":"Ancient Potion"},{"floor":41,"key":"Fire Potion"},{"floor":48,"key":"Weak Potion"}],"is_trial":false,"path_per_floor":["M","$","M","?","$","E","R","$","T","R","?","M","E","?","R","B",null,"M","$","M","M","M","R","E","R","T","M","E","M","R","?","R","B",null,"M","?","$","M","M","R","M","R","T","$","?","E","?","M","R","B"],"character_chosen":"IRONCLAD","items_purchased":["Spot Weakness","Carnage","Offering","Sling"],"campfire_rested":2,"item_purchase_floors":[2,5,19,44],"current_hp_per_floor":[74,74,75,75,75,75,75,75,75,75,80,80,31,31,31,10,63,44,44,39,18,13,37,19,43,43,43,28,23,23,23,23,28,67,25,66,66,33,33,33,21,21,21,21,66,63,63,63,63,0],"gold":86,"neow_bonus":"THREE_ENEMY_KILL","is_prod":false,"is_daily":false,"chose_seed":false,"campfire_upgraded":8,"win_rate":0,"timestamp":1559272020,"path_taken":["M","$","M","?","?","E","R","?","T","R","?","M","E","?","R","BOSS","M","$","M","M","M","R","E","R","T","M","E","M","R","?","R","BOSS","M","?","$","M","M","R","M","R","T","$","?","E","?","M","R","BOSS"],"build_version":"2019-01-23","purchased_purges":1,"victory":false,"max_hp_per_floor":[75,75,75,75,75,75,75,75,75,75,80,80,80,80,80,80,80,80,80,80,80,80,80,80,80,80,80,80,80,80,80,80,80,80,80,66,66,66,66,66,66,66,66,66,66,73,73,73,73,73],"card_choices":[{"not_picked":["Armaments","Sword Boomerang"],"picked":"Pommel Strike","floor":1},{"not_picked":["Armaments","Juggernaut","Fire Breathing"],"picked":"SKIP","floor":3},{"not_picked":["Clash","Shockwave"],"picked":"Twin Strike","floor":6},{"not_picked":["Inflame","Body Slam","Headbutt"],"picked":"SKIP","floor":12},{"not_picked":["Uppercut","Anger"],"picked":"Shrug It Off","floor":13},{"not_picked":["Body Slam","Clothesline"],"picked":"Cleave","floor":14},{"not_picked":["Anger","Perfected Strike"],"picked":"Battle Trance","floor":18},{"not_picked":["Evolve","Twin Strike"],"picked":"Sword Boomerang","floor":20},{"not_picked":["Ghostly Armor","Shockwave","Uppercut"],"picked":"SKIP","floor":21},{"not_picked":["Clash","Twin Strike"],"picked":"Heavy Blade","floor":22},{"not_picked":["True Grit","Feel No Pain","Sword Boomerang+1"],"picked":"SKIP","floor":24},{"not_picked":["Evolve","Perfected Strike"],"picked":"Shrug It Off","floor":27},{"not_picked":["Feed","Iron Wave"],"picked":"Pummel","floor":28},{"not_picked":["Pommel Strike","Thunderclap+1"],"picked":"Sword Boomerang","floor":29},{"not_picked":["Cleave","Wild Strike"],"picked":"Pummel","floor":35},{"not_picked":["Perfected Strike","Heavy Blade","Clothesline"],"picked":"SKIP","floor":38},{"not_picked":["Clothesline+1","Armaments"],"picked":"Pummel","floor":39},{"not_picked":["Perfected Strike","Feel No Pain"],"picked":"Anger","floor":41},{"not_picked":["Wild Strike","Carnage"],"picked":"Warcry+1","floor":46},{"not_picked":["Flex","Iron Wave","Double Tap"],"picked":"SKIP","floor":48}],"player_experience":500875,"relics_obtained":[{"floor":6,"key":"Juzu Bracelet"},{"floor":9,"key":"Red Skull"},{"floor":13,"key":"Paper Frog"},{"floor":14,"key":"Odd Mushroom"},{"floor":24,"key":"Bottled Lightning"},{"floor":26,"key":"Bag of Marbles"},{"floor":28,"key":"Pantograph"},{"floor":43,"key":"Happy Flower"},{"floor":46,"key":"Strawberry"}],"event_choices":[{"damage_healed":0,"gold_gain":0,"player_choice":"Trade","damage_taken":0,"relics_obtained":["CultistMask"],"max_hp_gain":0,"max_hp_loss":0,"event_name":"FaceTrader","floor":4,"gold_loss":0},{"damage_healed":0,"gold_gain":0,"player_choice":"Donut","damage_taken":0,"max_hp_gain":5,"max_hp_loss":0,"event_name":"Big Fish","floor":11,"gold_loss":0},{"damage_healed":0,"gold_gain":0,"player_choice":"Fought Mushrooms","damage_taken":0,"max_hp_gain":0,"max_hp_loss":0,"event_name":"Mushrooms","floor":14,"gold_loss":0},{"damage_healed":0,"gold_gain":0,"player_choice":"Inject Mutagens","damage_taken":0,"relics_obtained":["MutagenicStrength"],"max_hp_gain":0,"max_hp_loss":0,"event_name":"Drug Dealer","floor":31,"gold_loss":0},{"damage_healed":66,"gold_gain":0,"player_choice":"Heal","damage_taken":0,"max_hp_gain":0,"max_hp_loss":14,"event_name":"The Moai Head","floor":36,"gold_loss":0},{"damage_healed":45,"gold_gain":0,"player_choice":"Heal","damage_taken":0,"max_hp_gain":0,"max_hp_loss":0,"event_name":"MindBloom","floor":45,"gold_loss":0,"cards_obtained":["Doubt"]},{"damage_healed":0,"gold_gain":0,"cards_transformed":["Strike_R"],"player_choice":"Transformed","damage_taken":0,"max_hp_gain":0,"max_hp_loss":0,"event_name":"Transmorgrifier","floor":47,"gold_loss":0,"cards_obtained":["Iron Wave"]}],"is_beta":false,"boss_relics":[{"not_picked":["Empty Cage","Runic Pyramid"],"picked":"Astrolabe"},{"not_picked":["Busted Crown","Pandora\u0027s Box"],"picked":"Black Blood"}],"items_purged_floors":[37],"is_endless":false,"potions_floor_spawned":[3,12,13,16,18,20,28,33,35,41,48],"killed_by":"Awakened One","ascension_level":19}