{"gold_per_floor":[11,22,22,33,33,62,62,18,18,71,85,85],"floor_reached":12,"playtime":635,"items_purged":[],"score":156,"play_id":"282e0ab5-973f-495f-83e9-4c4662f9b671","local_time":"20190616054838","is_ascension_mode":true,"campfire_choices":[{"floor":7,"key":"REST"}],"neow_cost":"NO_GOLD","seed_source_timestamp":266571668908671,"circlet_count":0,"master_deck":["AscendersBane","Strike_R","Strike_R","Strike_R","Strike_R","Strike_R","Defend_R","Defend_R","Defend_R","Defend_R","Bash","Havoc","Uppercut","Burning Pact","Battle Trance"],"special_seed":0,"relics":["Burning Blood","Champion Belt","Singing Bowl","Boot","Ornamental Fan","Bag of Preparation"],"potions_floor_usage":[12],"damage_taken":[{"damage":5,"enemies":"Cultist","floor":1,"turns":4},{"damage":4,"enemies":"Small Slimes","floor":2,"turns":4},{"damage":4,"enemies":"Jaw Worm","floor":4,"turns":3},{"damage":69,"enemies":"3 Sentries","floor":6,"turns":11},{"damage":29,"enemies":"Lots of Slimes","floor":11,"turns":5},{"damage":16,"enemies":"Exordium Thugs","floor":12,"turns":3}],"seed_played":"5964280097702540024","potions_obtained":[{"floor":11,"key":"FearPotion"}],"is_trial":false,"path_per_floor":["M","M","T","M","?","E","R","$","T","T","M","M"],"character_chosen":"IRONCLAD","items_purchased":["Battle Trance"],"campfire_rested":1,"item_purchase_floors":[8],"current_hp_per_floor":[69,71,71,73,73,12,35,35,35,35,14,0],"gold":85,"neow_bonus":"ONE_RARE_RELIC","is_prod":false,"is_daily":false,"chose_seed":false,"campfire_upgraded":0,"win_rate":0,"timestamp":1560635318,"path_taken":["M","M","?","?","?","E","R","$","T","?","M","?"],"build_version":"2019-01-23","purchased_purges":0,"victory":false,"max_hp_per_floor":[75,75,75,75,75,77,77,77,77,77,79,79],"card_choices":[{"not_picked":["Twin Strike","Spot Weakness"],"picked":"Havoc","floor":1},{"not_picked":["Battle Trance","Reckless Charge"],"picked":"Uppercut","floor":2},{"not_picked":["Headbutt","Clash"],"picked":"Burning Pact","floor":4},{"not_picked":["Clash","Warcry","Searing Blow"],"picked":"Singing Bowl","floor":6},{"not_picked":["Thunderclap","Iron Wave","Sever Soul"],"picked":"Singing Bowl","floor":11}],"player_experience":698113,"relics_obtained":[{"floor":3,"key":"Singing Bowl"},{"floor":6,"key":"Boot"},{"floor":9,"key":"Ornamental Fan"},{"floor":10,"key":"Bag of Preparation"}],"event_choices":[{"damage_healed":0,"gold_gain":0,"player_choice":"Ignored","damage_taken":0,"max_hp_gain":0,"max_hp_loss":0,"event_name":"Golden Idol","floor":5,"gold_loss":0}],"is_beta":false,"boss_relics":[],"items_purged_floors":[],"is_endless":false,"potions_floor_spawned":[11],"killed_by":"Exordium Thugs","ascension_level":20}