{"gold_per_floor":[115,40,52,65,84,110,110,126,126,139,174,189,189,201,201,201],"floor_reached":16,"playtime":3746,"items_purged":["Normality"],"score":197,"play_id":"8e8fb7c8-60fb-4849-b967-d82c95e69a65","local_time":"20190217104924","is_ascension_mode":true,"campfire_choices":[{"floor":7.0,"key":"REST"},{"floor":15.0,"key":"REST"}],"neow_cost":"CURSE","seed_source_timestamp":148572127823300,"circlet_count":0,"master_deck":["AscendersBane","Defend_G","Defend_G","Defend_G","Defend_G","Defend_G","Strike_G","Strike_G","Strike_G","Strike_G","Strike_G","Survivor","Neutralize","Dagger Throw","PiercingWail","Well Laid Plans","Venomology","Backflip","Escape Plan","Bouncing Flask"],"special_seed":0,"relics":["Ring of the Snake","Torii","The Courier","Lantern"],"potions_floor_usage":[16,16],"damage_taken":[{"damage":4.0,"enemies":"Cultist","floor":1.0,"turns":6.0},{"damage":1.0,"enemies":"2 Louse","floor":3.0,"turns":4.0},{"damage":0.0,"enemies":"Jaw Worm","floor":4.0,"turns":5.0},{"damage":0.0,"enemies":"Lots of Slimes","floor":5.0,"turns":6.0},{"damage":45.0,"enemies":"Lagavulin","floor":6.0,"turns":7.0},{"damage":14.0,"enemies":"Exordium Thugs","floor":8.0,"turns":7.0},{"damage":0.0,"enemies":"3 Louse","floor":10.0,"turns":7.0},{"damage":12.0,"enemies":"3 Sentries","floor":11.0,"turns":9.0},{"damage":0.0,"enemies":"Blue Slaver","floor":12.0,"turns":6.0},{"damage":0.0,"enemies":"Exordium Wildlife","floor":14.0,"turns":3.0},{"damage":50,"enemies":"Slime Boss","floor":16,"turns":11}],"seed_played":"3911555299759496122","potions_obtained":[{"floor":4.0,"key":"LiquidBronze"},{"floor":5.0,"key":"FearPotion"},{"floor":11.0,"key":"Swift Potion"},{"floor":12.0,"key":"PowerPotion"},{"floor":14.0,"key":"Fire Potion"}],"is_trial":false,"path_per_floor":["M","$","M","M","M","E","R","M","T","M","E","M","?","M","R","B"],"character_chosen":"THE_SILENT","items_purchased":[],"campfire_rested":2,"item_purchase_floors":[],"current_hp_per_floor":[67,67,66,66,66,21,44,30,30,30,18,18,18,18,41,0],"gold":201,"neow_bonus":"TWENTY_PERCENT_HP_BONUS","is_prod":false,"is_daily":false,"chose_seed":false,"campfire_upgraded":0,"win_rate":0,"timestamp":1550418564,"path_taken":["M","$","M","M","M","E","R","M","T","M","E","?","?","M","R","BOSS"],"build_version":"2019-01-23","purchased_purges":1,"victory":false,"max_hp_per_floor":[78,78,78,78,78,78,78,78,78,78,78,78,78,78,78,78],"card_choices":[{"not_picked":["Outmaneuver","Acrobatics","Slice"],"picked":"SKIP","floor":1.0},{"not_picked":["Deadly Poison","Bane"],"picked":"Dagger Throw","floor":3.0},{"not_picked":["Blade Dance","Dagger Throw"],"picked":"PiercingWail","floor":4.0},{"not_picked":["Dodge and Roll","Quick Slash"],"picked":"Well Laid Plans","floor":5.0},{"not_picked":["All Out Attack","Setup"],"picked":"Venomology","floor":6.0},{"not_picked":["All Out Attack","PiercingWail"],"picked":"Backflip","floor":8.0},{"not_picked":["All Out Attack","Sucker Punch"],"picked":"Escape Plan","floor":10.0},{"not_picked":["Calculated Gamble","Choke","Heel Hook"],"picked":"SKIP","floor":11.0},{"not_picked":["Quick Slash","Bane","Prepared"],"picked":"SKIP","floor":12.0},{"not_picked":["Dagger Spray","Expertise"],"picked":"Bouncing Flask","floor":14.0}],"player_experience":889681,"relics_obtained":[{"floor":6.0,"key":"Torii"},{"floor":9.0,"key":"The Courier"},{"floor":11.0,"key":"Lantern"}],"event_choices":[{"damage_healed":0.0,"max_hp_gain":0.0,"max_hp_loss":0.0,"gold_gain":0.0,"event_name":"Scrap Ooze","player_choice":"Fled","floor":13.0,"gold_loss":0.0,"damage_taken":0.0}],"is_beta":false,"boss_relics":[],"items_purged_floors":[2],"is_endless":false,"potions_floor_spawned":[4,5,11,12,14],"killed_by":"Slime Boss","ascension_level":14}