{"gold_per_floor":[15,15,15,34,54,54,110,110,110,120,120,140,140,65,65,139,139,112,36,56,75,91,91,107,7,32,32,50,67,67],"floor_reached":30,"playtime":1619,"items_purged":["Regret","Defend_R"],"score":429,"play_id":"69970500-3974-4d33-9768-186439ad5ad9","local_time":"20190528155638","is_ascension_mode":true,"campfire_choices":[{"data":"Uppercut","floor":6.0,"key":"SMITH"},{"data":"Bash","floor":11.0,"key":"SMITH"},{"floor":15.0,"key":"REST"},{"floor":23,"key":"REST"},{"data":"Limit Break","floor":27,"key":"SMITH"}],"neow_cost":"NO_GOLD","seed_source_timestamp":0,"circlet_count":0,"master_deck":["AscendersBane","Strike_R","Strike_R","Strike_R","Strike_R","Strike_R","Defend_R","Defend_R","Defend_R","Bash+1","Limit Break+1","Cleave","Disarm","Uppercut+1","Bloodletting","Disarm","Fiend Fire","Carnage+1","Inflame","Whirlwind","Twin Strike","Regret","Shockwave"],"special_seed":0,"relics":["Burning Blood","Boot","Unceasing Top","Bronze Scales","Ornamental Fan","Cursed Key","Art of War"],"potions_floor_usage":[22,24,28,29],"damage_taken":[{"damage":7.0,"enemies":"Small Slimes","floor":1.0,"turns":4.0},{"damage":13.0,"enemies":"Jaw Worm","floor":4.0,"turns":4.0},{"damage":4.0,"enemies":"2 Louse","floor":5.0,"turns":3.0},{"damage":25.0,"enemies":"3 Sentries","floor":7.0,"turns":6.0},{"damage":10.0,"enemies":"Looter","floor":10.0,"turns":3.0},{"damage":21.0,"enemies":"Exordium Thugs","floor":12.0,"turns":4.0},{"damage":19.0,"enemies":"3 Louse","floor":13.0,"turns":2.0},{"damage":16.0,"enemies":"Hexaghost","floor":16.0,"turns":11.0},{"damage":30,"enemies":"2 Thieves","floor":18,"turns":4},{"damage":6,"enemies":"3 Byrds","floor":20,"turns":4},{"damage":27,"enemies":"Snecko","floor":21,"turns":5},{"damage":8,"enemies":"Snake Plant","floor":22,"turns":3},{"damage":8,"enemies":"Cultist and Chosen","floor":24,"turns":5},{"damage":12,"enemies":"3 Cultists","floor":28,"turns":4},{"damage":24,"enemies":"Sentry and Sphere","floor":29,"turns":5},{"damage":16,"enemies":"Colosseum Slavers","floor":30,"turns":1}],"seed_played":"8572705278265383239","potions_obtained":[{"floor":4.0,"key":"Strength Potion"},{"floor":7.0,"key":"SmokeBomb"},{"floor":10.0,"key":"Fire Potion"},{"floor":20,"key":"Weak Potion"},{"floor":22,"key":"SkillPotion"},{"floor":24,"key":"SteroidPotion"}],"is_trial":false,"path_per_floor":["M","?","?","M","M","R","?","T","T","M","R","M","M","$","R","B",null,"M","$","M","M","M","R","M","$","T","R","M","M","?"],"character_chosen":"IRONCLAD","items_purchased":["Inflame"],"campfire_rested":2,"item_purchase_floors":[19],"current_hp_per_floor":[67,67,67,60,62,62,43,43,43,39,39,24,11,11,33,23,62,38,38,38,17,15,37,35,35,35,35,29,11,0],"gold":67,"neow_bonus":"THREE_RARE_CARDS","is_prod":false,"is_daily":false,"chose_seed":false,"campfire_upgraded":3,"win_rate":0,"timestamp":1559084198,"path_taken":["M","?","?","M","M","R","?","?","T","M","R","M","M","$","R","BOSS","M","$","M","M","M","R","M","$","T","R","M","M","?"],"build_version":"2019-01-23","purchased_purges":2,"victory":false,"max_hp_per_floor":[75,75,75,75,75,75,75,75,75,75,75,75,75,75,75,75,75,75,75,75,75,75,75,75,75,75,75,75,75,75],"card_choices":[{"not_picked":["Double Tap","Barricade"],"picked":"Limit Break","floor":0.0},{"not_picked":["Anger","Thunderclap"],"picked":"Cleave","floor":1.0},{"not_picked":["Blood for Blood","True Grit"],"picked":"Disarm","floor":4.0},{"not_picked":["Dark Embrace","Sentinel"],"picked":"Uppercut","floor":5.0},{"not_picked":["Clothesline","Iron Wave"],"picked":"Bloodletting","floor":10.0},{"not_picked":["Havoc","Thunderclap"],"picked":"Disarm","floor":12.0},{"not_picked":["Berserk","Brutality"],"picked":"Fiend Fire","floor":16.0},{"not_picked":["Rage","Perfected Strike"],"picked":"Carnage+1","floor":18},{"not_picked":["Ghostly Armor","Rupture"],"picked":"Whirlwind","floor":20},{"not_picked":["Wild Strike","Iron Wave","Pommel Strike"],"picked":"SKIP","floor":21},{"not_picked":["Sentinel","Headbutt"],"picked":"Twin Strike","floor":22},{"not_picked":["Entrench","Dark Embrace","Pommel Strike"],"picked":"SKIP","floor":24},{"not_picked":["Corruption","Anger+1"],"picked":"Shockwave","floor":28},{"not_picked":["Iron Wave","Whirlwind","Entrench"],"picked":"SKIP","floor":29}],"player_experience":489595,"relics_obtained":[{"floor":8.0,"key":"Bronze Scales"},{"floor":9.0,"key":"Ornamental Fan"},{"floor":26,"key":"Art of War"}],"event_choices":[{"damage_healed":0.0,"max_hp_gain":0.0,"max_hp_loss":0.0,"gold_gain":0.0,"event_name":"Big Fish","player_choice":"Box","floor":2.0,"gold_loss":0.0,"damage_taken":0.0,"relics_obtained":["Boot"],"cards_obtained":["Regret"]},{"damage_healed":0.0,"max_hp_gain":0.0,"max_hp_loss":0.0,"gold_gain":0.0,"event_name":"The Cleric","player_choice":"Leave","floor":3.0,"gold_loss":0.0,"damage_taken":0.0},{"damage_healed":0.0,"max_hp_gain":0.0,"max_hp_loss":0.0,"gold_gain":0.0,"event_name":"Dead Adventurer","player_choice":"Searched \u00272\u0027 times","floor":7.0,"gold_loss":0.0,"damage_taken":0.0,"relics_obtained":["Unceasing Top"]},{"damage_healed":0,"gold_gain":0,"player_choice":"Fight","damage_taken":0,"max_hp_gain":0,"max_hp_loss":0,"event_name":"Colosseum","floor":30,"gold_loss":0}],"is_beta":false,"boss_relics":[{"not_picked":["Calling Bell","White Beast Statue"],"picked":"Cursed Key"}],"items_purged_floors":[14,25],"is_endless":false,"potions_floor_spawned":[4,7,10,12,20,21,22,24],"killed_by":"Colosseum Slavers","ascension_level":18}