{"gold_per_floor":[110,110,127,145,145,175,175,175,200,218,218,246,262,278,278,278],"floor_reached":16,"playtime":466,"items_purged":[],"score":218,"play_id":"5d6710b1-1bcc-4907-93ef-a3102b6c0bdd","local_time":"20190615000629","is_ascension_mode":true,"campfire_choices":[{"floor":8.0,"key":"REST"},{"floor":15,"key":"REST"}],"neow_cost":"NONE","seed_source_timestamp":159831499536319,"circlet_count":0,"master_deck":["AscendersBane","Strike_B","Strike_B","Strike_B","Strike_B","Defend_B","Defend_B","Defend_B","Defend_B","Zap","Dualcast","Cold Snap","Blizzard","Force Field","Self Repair","Coolheaded+1","Reinforced Body","Force Field","Hologram"],"special_seed":0,"relics":["Cracked Core","Dream Catcher","Centennial Puzzle","Bronze Scales","Turnip"],"potions_floor_usage":[12,16],"damage_taken":[{"damage":0.0,"enemies":"2 Louse","floor":1.0,"turns":2.0},{"damage":7.0,"enemies":"Small Slimes","floor":3.0,"turns":3.0},{"damage":1.0,"enemies":"Cultist","floor":4.0,"turns":4.0},{"damage":36.0,"enemies":"Lagavulin","floor":6.0,"turns":6.0},{"damage":7.0,"enemies":"Blue Slaver","floor":10.0,"turns":4.0},{"damage":26,"enemies":"3 Sentries","floor":12,"turns":11},{"damage":10,"enemies":"Looter","floor":13,"turns":3},{"damage":7,"enemies":"Exordium Wildlife","floor":14,"turns":4},{"damage":61,"enemies":"The Guardian","floor":16,"turns":13}],"seed_played":"3311176490232424996","potions_obtained":[{"floor":1.0,"key":"Dexterity Potion"},{"floor":3.0,"key":"Weak Potion"},{"floor":4.0,"key":"Strength Potion"},{"floor":6.0,"key":"EssenceOfSteel"},{"floor":14,"key":"Weak Potion"}],"is_trial":false,"path_per_floor":["M","?","M","M","?","E","?","R","T","M","?","E","M","M","R","B"],"character_chosen":"DEFECT","items_purchased":[],"campfire_rested":2,"item_purchase_floors":[],"current_hp_per_floor":[64,64,57,56,61,25,25,47,47,47,47,28,25,25,47,0],"gold":278,"neow_bonus":"RANDOM_COMMON_RELIC","is_prod":false,"is_daily":false,"chose_seed":false,"campfire_upgraded":0,"win_rate":0,"timestamp":1560528389,"path_taken":["M","?","M","M","?","E","?","R","T","M","?","E","M","M","R","BOSS"],"build_version":"2019-01-23","purchased_purges":0,"victory":false,"max_hp_per_floor":[71,71,71,71,76,76,76,76,76,76,76,76,76,76,76,76],"card_choices":[{"not_picked":["Lockon","Static Discharge"],"picked":"Cold Snap","floor":1.0},{"not_picked":["Rebound","Sweeping Beam","Redo"],"picked":"SKIP","floor":3.0},{"not_picked":["Aggregate","Go for the Eyes"],"picked":"Blizzard","floor":4.0},{"not_picked":["Steam","Stack"],"picked":"Force Field","floor":6.0},{"not_picked":["Conserve Battery","Turbo"],"picked":"Self Repair","floor":8.0},{"not_picked":["Reprogram","Storm"],"picked":"Coolheaded","floor":10.0},{"not_picked":["Darkness","Steam"],"picked":"Reinforced Body","floor":12},{"not_picked":["Rebound","Beam Cell"],"picked":"Force Field","floor":13},{"not_picked":["Ball Lightning","Go for the Eyes"],"picked":"Hologram","floor":14}],"player_experience":685035,"relics_obtained":[{"floor":6.0,"key":"Centennial Puzzle"},{"floor":9.0,"key":"Bronze Scales"},{"floor":12,"key":"Turnip"}],"event_choices":[{"damage_healed":0.0,"max_hp_gain":0.0,"max_hp_loss":0.0,"gold_gain":0.0,"event_name":"Liars Game","player_choice":"Ignored","floor":2.0,"gold_loss":0.0,"damage_taken":0.0},{"damage_healed":0.0,"max_hp_gain":5.0,"max_hp_loss":0.0,"gold_gain":0.0,"event_name":"Big Fish","player_choice":"Donut","floor":5.0,"gold_loss":0.0,"damage_taken":0.0},{"damage_healed":0.0,"max_hp_gain":0.0,"max_hp_loss":0.0,"gold_gain":0.0,"event_name":"Dead Adventurer","player_choice":"Searched \u00270\u0027 times","floor":7.0,"gold_loss":0.0,"damage_taken":0.0},{"damage_healed":0.0,"max_hp_gain":0.0,"max_hp_loss":0.0,"gold_gain":0.0,"event_name":"Upgrade Shrine","player_choice":"Upgraded","floor":11.0,"gold_loss":0.0,"damage_taken":0.0,"cards_upgraded":["Coolheaded"]}],"is_beta":false,"boss_relics":[],"items_purged_floors":[],"is_endless":false,"potions_floor_spawned":[1,3,4,6,14],"killed_by":"The Guardian","ascension_level":19}