{"gold_per_floor":[110,127,81,94,148,148,174,4,84,84,101,101,101,101,101,101],"floor_reached":16,"playtime":766,"items_purged":[],"score":103,"play_id":"acad621c-9dd3-47f7-8ceb-00d39ac9d091","local_time":"20180901004046","is_ascension_mode":true,"campfire_choices":[{"floor":6,"key":"REST"},{"data":"Anger","floor":10,"key":"SMITH"},{"floor":15,"key":"REST"}],"neow_cost":"PERCENT_DAMAGE","seed_source_timestamp":1451725293328620,"circlet_count":0,"master_deck":["Strike_R","Strike_R","Strike_R","Strike_R","Defend_R","Defend_R","Defend_R","Defend_R","Bash","Juggernaut","Flex","Shrug It Off","Heavy Blade","Thunderclap","Anger+1","Flame Barrier","Metallicize","Offering","Feed","Regret","Heavy Blade"],"relics":["Burning Blood","Dream Catcher","Unceasing Top","The Courier","Prayer Wheel","Golden Idol"],"potions_floor_usage":[7],"damage_taken":[{"damage":1,"enemies":"Cultist","floor":1,"turns":4},{"damage":10,"enemies":"Small Slimes","floor":2,"turns":3},{"damage":0,"enemies":"2 Louse","floor":4,"turns":3},{"damage":16,"enemies":"Lagavulin","floor":7,"turns":8},{"damage":10,"enemies":"Blue Slaver","floor":11,"turns":4},{"damage":70,"enemies":"Hexaghost","floor":16,"turns":9}],"seed_played":"-2676289741170952443","potions_obtained":[{"floor":1,"key":"EssenceOfSteel"},{"floor":2,"key":"Ancient Potion"}],"is_trial":false,"path_per_floor":["M","M","$","M","T","R","E","$","T","R","M","?","?","?","R"],"character_chosen":"IRONCLAD","items_purchased":["Heavy Blade","Metallicize","Offering"],"campfire_rested":2,"item_purchase_floors":[3,8,8],"current_hp_per_floor":[61,57,57,63,63,80,70,70,70,70,66,66,66,46,70,0],"gold":101,"neow_bonus":"THREE_RARE_CARDS","is_prod":false,"is_daily":false,"chose_seed":false,"campfire_upgraded":1,"win_rate":0,"timestamp":1535776846,"path_taken":["M","M","?","?","?","R","E","$","T","R","M","?","?","?","R","BOSS"],"build_version":"2018-08-30","purchased_purges":0,"victory":false,"max_hp_per_floor":[80,80,80,80,80,80,80,80,80,80,80,80,80,80,80,80],"card_choices":[{"not_picked":["Berserk","Dark Embrace"],"picked":"Juggernaut","floor":0},{"not_picked":["Pummel","Fire Breathing"],"picked":"Flex","floor":1},{"not_picked":["Flex","Twin Strike"],"picked":"Shrug It Off","floor":2},{"not_picked":["Warcry","Twin Strike"],"picked":"Thunderclap","floor":4},{"not_picked":["Clash","Wild Strike"],"picked":"Anger","floor":6},{"not_picked":["Hemokinesis","True Grit"],"picked":"Flame Barrier","floor":7},{"not_picked":["Reckless Charge","Ghostly Armor"],"picked":"Feed","floor":11},{"not_picked":["Wild Strike","Sword Boomerang"],"picked":"Heavy Blade","floor":15}],"player_experience":137650,"relics_obtained":[{"floor":5,"key":"Dream Catcher"},{"floor":7,"key":"Unceasing Top"},{"floor":9,"key":"The Courier"}],"event_choices":[{"event_name":"Bonfire Elementals","player_choice":"BASIC","floor":12,"damage_taken":0},{"event_name":"Big Fish","player_choice":"Box","floor":13,"damage_taken":0},{"event_name":"Golden Idol","player_choice":"Take Damage","floor":14,"damage_taken":0}],"is_beta":false,"boss_relics":[],"items_purged_floors":[],"is_endless":false,"potions_floor_spawned":[1,2],"killed_by":"Hexaghost","ascension_level":1}