{"gold_per_floor":[109,109,74,74,38,38,68,84,110,121,132,132,307,320,320,418,418,398,323,323,323,349,381,381,392,437,262,262,272,288,307,307,405,405,422,422,433,139,158,158,0,27,27,59,69,82,82,96,96,96],"floor_reached":51,"playtime":4704,"items_purged":["Doubt","Normality"],"score":736,"play_id":"d324ea81-c9cb-4146-97d6-a8a8d76dca19","local_time":"20180731221236","is_ascension_mode":true,"campfire_choices":[{"floor":6,"key":"REST"},{"floor":12,"key":"REST"},{"floor":15,"key":"REST"},{"floor":24,"key":"REST"},{"floor":28,"key":"REST"},{"floor":32,"key":"REST"},{"floor":40,"key":"REST"},{"floor":47,"key":"REST"},{"floor":49,"key":"REST"}],"neow_cost":"FIFTY_PERCENT_DAMAGE","seed_source_timestamp":427220912307069,"circlet_count":0,"master_deck":["Defend_G","Defend_G","Defend_G","Defend_G","Strike_G+1","Strike_G","Survivor","Neutralize","Leg Sweep","Catalyst","Backflip","Terror","Caltrops","Crippling Poison","Backstab","Envenom","Blade Dance+1","Slice+1","Wraith Form v2+1","Bane","RitualDagger","Flying Knee","Deflect","Bane","Caltrops","Backstab","PiercingWail","Backstab","Corpse Explosion","Clumsy","Doubt","Slice+1","Distraction+1","Apotheosis","Caltrops+1","Bane+1","Poisoned Stab+1","Blur","PiercingWail+1","Bouncing Flask"],"relics":["Ring of the Snake","The Specimen","Incense Burner","Gambling Chip","Ancient Tea Set","Astrolabe","Letter Opener","Pen Nib","Ice Cream","Regal Pillow","Calling Bell","Bag of Preparation","Frozen Egg 2","Mango","Red Mask","Blood Vial","Snake Skull","Centennial Puzzle"],"potions_floor_usage":[16,16,33,44,46,50],"damage_taken":[{"damage":0,"enemies":"Jaw Worm","floor":1,"turns":4},{"damage":57,"enemies":"Gremlin Nob","floor":7,"turns":8},{"damage":0,"enemies":"Small Slimes","floor":8,"turns":4},{"damage":0,"enemies":"2 Louse","floor":10,"turns":3},{"damage":0,"enemies":"Large Slime","floor":11,"turns":8},{"damage":0,"enemies":"3 Louse","floor":14,"turns":3},{"damage":28,"enemies":"The Guardian","floor":16,"turns":16},{"damage":12,"enemies":"2 Thieves","floor":18,"turns":4},{"damage":24,"enemies":"Book of Stabbing","floor":23,"turns":7},{"damage":0,"enemies":"3 Byrds","floor":25,"turns":4},{"damage":13,"enemies":"Snake Plant","floor":29,"turns":3},{"damage":23,"enemies":"Sentry and Sphere","floor":30,"turns":6},{"damage":16,"enemies":"Slaver and Parasite","floor":31,"turns":7},{"damage":43,"enemies":"Champ","floor":33,"turns":14},{"damage":7,"enemies":"Orb Walker","floor":35,"turns":2},{"damage":14,"enemies":"3 Shapes","floor":37,"turns":4},{"damage":4,"enemies":"Maw","floor":39,"turns":6},{"damage":26,"enemies":"2 Orb Walkers","floor":42,"turns":5},{"damage":21,"enemies":"Giant Head","floor":44,"turns":7},{"damage":36,"enemies":"4 Shapes","floor":45,"turns":5},{"damage":4,"enemies":"3 Darklings","floor":46,"turns":3},{"damage":6,"enemies":"Maw","floor":48,"turns":6},{"damage":48,"enemies":"Time Eater","floor":50,"turns":10}],"seed_played":"6968282982003216986","potions_obtained":[{"floor":7,"key":"Block Potion"},{"floor":11,"key":"Swift Potion"},{"floor":14,"key":"Block Potion"},{"floor":30,"key":"Energy Potion"},{"floor":33,"key":"GamblersBrew"},{"floor":37,"key":"FearPotion"},{"floor":39,"key":"Dexterity Potion"},{"floor":42,"key":"Explosive Potion"},{"floor":44,"key":"Fire Potion"}],"is_trial":false,"path_per_floor":["M","?","?","?","$","R","E","M","T","M","M","R","?","M","R","B",null,"M","?","?","?","T","E","R","M","T","$","R","M","M","M","R","B",null,"M","?","M","$","M","R","?","E","T","E","M","M","R","M","R","B"],"character_chosen":"THE_SILENT","items_purchased":["Catalyst","Bane","Caltrops","Apotheosis"],"campfire_rested":9,"item_purchase_floors":[5,27,27,38],"current_hp_per_floor":[35,21,38,38,38,59,2,2,2,2,2,23,23,23,44,16,70,58,58,58,52,52,28,49,49,49,49,70,57,34,18,54,11,84,77,77,63,63,59,84,84,58,58,39,5,3,43,39,79,33],"gold":96,"neow_bonus":"ONE_RARE_RELIC","is_prod":false,"is_daily":false,"chose_seed":false,"campfire_upgraded":0,"win_rate":0,"timestamp":1533089556,"path_taken":["M","?","?","?","$","R","E","M","T","?","M","R","?","M","R","BOSS","M","?","?","?","?","E","R","M","T","$","R","M","M","M","R","BOSS","M","?","?","$","M","R","?","E","T","E","M","M","R","M","R","BOSS"],"build_version":"2018-07-26","purchased_purges":2,"victory":true,"max_hp_per_floor":[70,70,70,70,70,70,70,70,70,70,70,70,70,70,70,70,70,70,70,70,70,70,70,70,70,70,70,70,70,70,70,70,70,84,84,84,84,84,84,84,84,84,84,84,84,84,84,84,84,84],"card_choices":[{"not_picked":["Sucker Punch","Reflex"],"picked":"Leg Sweep","floor":1},{"not_picked":["Heel Hook","Outmaneuver"],"picked":"Backflip","floor":7},{"not_picked":["Footwork","Poisoned Stab"],"picked":"Terror","floor":8},{"not_picked":["Underhanded Strike","Well Laid Plans"],"picked":"Caltrops","floor":10},{"not_picked":["Sucker Punch","Prepared"],"picked":"Crippling Poison","floor":11},{"not_picked":["Poisoned Stab","Outmaneuver"],"picked":"Backstab","floor":14},{"not_picked":["Unload","Glass Knife"],"picked":"Envenom","floor":16},{"not_picked":["Finisher","PiercingWail"],"picked":"Bane","floor":18},{"not_picked":["Acrobatics","Masterful Stab"],"picked":"Flying Knee","floor":23},{"not_picked":["Sucker Punch","Tactician"],"picked":"Deflect","floor":25},{"not_picked":["Deflect","Prepared+1"],"picked":"Backstab","floor":29},{"not_picked":["Dagger Throw","Dagger Spray"],"picked":"PiercingWail","floor":30},{"not_picked":["Flechettes","Acrobatics+1"],"picked":"Backstab","floor":31},{"not_picked":["Bullet Time","Doppelganger"],"picked":"Corpse Explosion","floor":33},{"not_picked":["PiercingWail","Expertise+1"],"picked":"Slice+1","floor":35},{"not_picked":["Deflect+1","Underhanded Strike"],"picked":"Distraction+1","floor":37},{"not_picked":["Predator","Underhanded Strike"],"picked":"Caltrops+1","floor":39},{"not_picked":["Predator","Prepared"],"picked":"Bane+1","floor":42},{"not_picked":["Grand Finale","Distraction+1"],"picked":"Poisoned Stab+1","floor":44},{"not_picked":["Poisoned Stab+1","Leg Sweep"],"picked":"Blur","floor":45},{"not_picked":["Acrobatics+1","Underhanded Strike+1"],"picked":"PiercingWail+1","floor":46},{"not_picked":["Footwork+1","Dagger Throw+1"],"picked":"Bouncing Flask","floor":48}],"player_experience":66291,"relics_obtained":[{"floor":7,"key":"Gambling Chip"},{"floor":9,"key":"Ancient Tea Set"},{"floor":22,"key":"Pen Nib"},{"floor":23,"key":"Ice Cream"},{"floor":26,"key":"Regal Pillow"},{"floor":34,"key":"Bag of Preparation"},{"floor":34,"key":"Frozen Egg 2"},{"floor":34,"key":"Mango"},{"floor":42,"key":"Blood Vial"},{"floor":43,"key":"Snake Skull"},{"floor":44,"key":"Centennial Puzzle"}],"event_choices":[{"event_name":"Shining Light","player_choice":"Entered Light","floor":2,"damage_taken":0},{"event_name":"The Cleric","player_choice":"Healed","floor":3,"damage_taken":0},{"event_name":"Accursed Blacksmith","player_choice":"Rummage","floor":4,"damage_taken":0},{"event_name":"Liars Game","player_choice":"agreed","floor":13,"damage_taken":0},{"event_name":"Beggar","player_choice":"Gave Gold","floor":19,"damage_taken":0},{"event_name":"WeMeetAgain","player_choice":"Potion","floor":20,"damage_taken":0},{"event_name":"Nest","player_choice":"Joined the Cult","floor":21,"damage_taken":0},{"event_name":"Falling","player_choice":"Removed Skill","floor":36,"damage_taken":0},{"event_name":"Tomb of Lord Red Mask","player_choice":"Paid","floor":41,"damage_taken":0}],"is_beta":false,"boss_relics":[{"not_picked":["White Beast Statue","Lizard Tail"],"picked":"Astrolabe"},{"not_picked":["Orrery","HoveringKite"],"picked":"Calling Bell"}],"items_purged_floors":[27,38],"is_endless":false,"potions_floor_spawned":[7,11,14,30,33,37,39,42,44],"ascension_level":1}