{"gold_per_floor":[15,30,55,330,346,380,380,89,89,89,148,13,30,48,48,143,143,156,168,168,43,58,89,89,103,126,126,154,169,181,211,211,312,312,326,344,363,374,391,421,421,271,271,285,40,66,66,76,76,76,76,76,4,31,31],"floor_reached":56,"playtime":9924,"items_purged":["Regret","Strike_B","Strike_B","Parasite"],"score":1747,"play_id":"8f559017-ce3f-4576-9cdb-9f545efb334a","local_time":"20190126215030","is_ascension_mode":true,"campfire_choices":[{"data":"Zap","floor":7.0,"key":"SMITH"},{"floor":10.0,"key":"REST"},{"data":"White Noise","floor":15.0,"key":"SMITH"},{"data":"Creative AI","floor":24.0,"key":"SMITH"},{"data":"Hologram","floor":27.0,"key":"SMITH"},{"data":"Dualcast","floor":32.0,"key":"SMITH"},{"data":"Echo Form","floor":41.0,"key":"SMITH"},{"floor":49.0,"key":"RECALL"},{"data":"Chill","floor":52.0,"key":"SMITH"}],"neow_cost":"NO_GOLD","seed_source_timestamp":3880491001412346,"circlet_count":0,"master_deck":["AscendersBane","Defend_B+1","Defend_B+1","Defend_B","Zap+1","Dualcast+1","Genetic Algorithm","Hologram+1","Rainbow","Leap","Self Repair","Glacier","Chill+1","Cold Snap","White Noise+1","Creative AI+1","Coolheaded","Electrodynamics","Hologram+1","Loop","Seek","Seek","Echo Form+1","Stack+1","Melter+1","Rainbow+1","Core Surge+1","Rainbow","Storm+1","Reboot","Cold Snap+1","Coolheaded"],"special_seed":0,"relics":["Cracked Core","Emotion Chip","Lantern","War Paint","DataDisk","Matryoshka","Sozu","Nloth\u0027s Gift","Molten Egg 2","Dream Catcher","Ancient Tea Set","Blood Vial","Bag of Preparation","Astrolabe","Dead Branch","Ornamental Fan","Letter Opener","Bottled Tornado","Bottled Lightning"],"potions_floor_usage":[55,55],"damage_taken":[{"damage":1.0,"enemies":"Cultist","floor":1.0,"turns":4.0},{"damage":0.0,"enemies":"2 Louse","floor":2.0,"turns":3.0},{"damage":2.0,"enemies":"Jaw Worm","floor":5.0,"turns":4.0},{"damage":20.0,"enemies":"Gremlin Nob","floor":6.0,"turns":3.0},{"damage":11.0,"enemies":"3 Sentries","floor":11.0,"turns":6.0},{"damage":0.0,"enemies":"Exordium Thugs","floor":13.0,"turns":4.0},{"damage":0.0,"enemies":"2 Fungi Beasts","floor":14.0,"turns":3.0},{"damage":14.0,"enemies":"The Guardian","floor":16.0,"turns":14.0},{"damage":8.0,"enemies":"2 Thieves","floor":18.0,"turns":5.0},{"damage":0.0,"enemies":"Spheric Guardian","floor":19.0,"turns":5.0},{"damage":8.0,"enemies":"Centurion and Healer","floor":22.0,"turns":12.0},{"damage":12.0,"enemies":"Book of Stabbing","floor":23.0,"turns":10.0},{"damage":0.0,"enemies":"Snake Plant","floor":25.0,"turns":5.0},{"damage":0.0,"enemies":"Slavers","floor":28.0,"turns":3.0},{"damage":10.0,"enemies":"Shelled Parasite and Fungi","floor":29.0,"turns":7.0},{"damage":5.0,"enemies":"Centurion and Healer","floor":30.0,"turns":8.0},{"damage":17.0,"enemies":"Book of Stabbing","floor":31.0,"turns":12.0},{"damage":13.0,"enemies":"Collector","floor":33.0,"turns":12.0},{"damage":0.0,"enemies":"3 Darklings","floor":35.0,"turns":2.0},{"damage":0.0,"enemies":"Orb Walker","floor":36.0,"turns":4.0},{"damage":5.0,"enemies":"Writhing Mass","floor":37.0,"turns":6.0},{"damage":3.0,"enemies":"Sphere and 2 Shapes","floor":38.0,"turns":3.0},{"damage":0.0,"enemies":"4 Shapes","floor":39.0,"turns":2.0},{"damage":11.0,"enemies":"Giant Head","floor":40.0,"turns":10.0},{"damage":26.0,"enemies":"Spire Growth","floor":44.0,"turns":5.0},{"damage":7.0,"enemies":"Nemesis","floor":46.0,"turns":7.0},{"damage":8.0,"enemies":"Jaw Worm Horde","floor":48.0,"turns":4.0},{"damage":36.0,"enemies":"Awakened One","floor":50.0,"turns":20.0},{"damage":30,"enemies":"Shield and Spear","floor":54,"turns":6},{"damage":43,"enemies":"The Heart","floor":55,"turns":9}],"seed_played":"-8959784401373770035","potions_obtained":[{"floor":2.0,"key":"PowerPotion"},{"floor":6.0,"key":"Weak Potion"},{"floor":11.0,"key":"SpeedPotion"},{"floor":13.0,"key":"PowerPotion"}],"is_trial":false,"path_per_floor":["M","M","T","?","M","E","R","$","T","R","E","$","M","M","R","B",null,"M","M","?","$","M","E","R","M","T","R","E","M","M","E","R","B",null,"M","M","M","M","M","E","R","$","T","M","$","E","?","M","R","B",null,"R","$","E","B",null],"character_chosen":"DEFECT","items_purchased":["DataDisk","Self Repair","Chill","Letter Opener","Cold Snap+1","Coolheaded"],"campfire_rested":1,"item_purchase_floors":[8,8,12,45,53,53],"current_hp_per_floor":[67,67,67,67,65,45,45,45,45,67,63,63,70,70,70,63,72,71,75,75,75,74,69,69,75,75,75,75,72,75,65,65,61,72,74,75,75,75,75,64,64,64,64,54,54,56,56,64,64,37,63,63,63,49,8],"gold":31,"neow_bonus":"ONE_RARE_RELIC","is_prod":false,"is_daily":false,"chose_seed":false,"campfire_upgraded":7,"win_rate":0,"timestamp":1548557430,"path_taken":["M","M","?","?","?","E","R","$","T","R","E","?","M","M","R","BOSS","M","M","?","$","?","E","R","M","T","R","E","M","M","E","R","BOSS","M","M","M","M","M","E","R","$","T","M","$","E","?","M","R","BOSS","R","$","E","BOSS"],"build_version":"2019-01-23","purchased_purges":4,"victory":true,"max_hp_per_floor":[75,75,75,75,75,75,75,75,75,75,75,75,75,75,75,75,75,75,75,75,75,75,75,75,75,75,75,75,75,75,75,75,75,75,75,75,75,75,75,75,75,72,72,72,72,72,72,72,72,72,72,72,72,72,72],"card_choices":[{"not_picked":["Cold Snap","Ball Lightning"],"picked":"Genetic Algorithm","floor":1.0},{"not_picked":["Rebound","Barrage"],"picked":"Hologram","floor":2.0},{"not_picked":["Steam","Turbo"],"picked":"Rainbow","floor":5.0},{"not_picked":["Rebound","Steam"],"picked":"Leap","floor":6.0},{"not_picked":["Genetic Algorithm","Stack"],"picked":"Glacier","floor":11.0},{"not_picked":["Go for the Eyes","Darkness"],"picked":"Cold Snap","floor":13.0},{"not_picked":["Cold Snap","Recycle"],"picked":"White Noise","floor":14.0},{"not_picked":["Thunder Strike","Core Surge"],"picked":"Creative AI","floor":16.0},{"not_picked":["Cold Snap","Undo+1"],"picked":"Coolheaded","floor":18.0},{"not_picked":["Turbo","Genetic Algorithm","Double Energy"],"picked":"SKIP","floor":19.0},{"not_picked":["Sweeping Beam","Beam Cell","Force Field"],"picked":"SKIP","floor":22.0},{"not_picked":["Undo+1","Scrape+1"],"picked":"Electrodynamics","floor":23.0},{"not_picked":["Double Energy","Turbo+1"],"picked":"Hologram+1","floor":25.0},{"not_picked":["Gash+1","Leap"],"picked":"Loop","floor":28.0},{"not_picked":["Fusion+1","Compile Driver+1"],"picked":"Seek","floor":29.0},{"not_picked":["Conserve Battery","Turbo+1","Ball Lightning+1"],"picked":"SKIP","floor":30.0},{"not_picked":["Fusion","Redo"],"picked":"Seek","floor":31.0},{"not_picked":["Thunder Strike+1","Seek"],"picked":"Echo Form","floor":33.0},{"not_picked":["Hologram","Steam","Coolheaded+1"],"picked":"SKIP","floor":35.0},{"not_picked":["Rainbow","Scrape+1"],"picked":"Core Surge+1","floor":36.0},{"not_picked":["Doom and Gloom+1","Coolheaded+1","Turbo+1"],"picked":"SKIP","floor":37.0},{"not_picked":["Cold Snap+1","Hologram"],"picked":"Rainbow","floor":38.0},{"not_picked":["Compile Driver+1","Loop"],"picked":"Storm+1","floor":39.0},{"not_picked":["All For One+1","Sweeping Beam+1","Leap"],"picked":"SKIP","floor":40.0},{"not_picked":["Sweeping Beam+1","Coolheaded","Auto Shields"],"picked":"SKIP","floor":44.0},{"not_picked":["Core Surge+1","Fission"],"picked":"Reboot","floor":46.0},{"not_picked":["Beam Cell+1","Ball Lightning+1","Seek"],"picked":"SKIP","floor":48.0},{"not_picked":["Sweeping Beam+1","Conserve Battery+1","Redo"],"picked":"SKIP","floor":54}],"player_experience":785366,"relics_obtained":[{"floor":3.0,"key":"Lantern"},{"floor":6.0,"key":"War Paint"},{"floor":9.0,"key":"Matryoshka"},{"floor":11.0,"key":"Tiny Chest"},{"floor":23.0,"key":"Molten Egg 2"},{"floor":26.0,"key":"Dream Catcher"},{"floor":26.0,"key":"Ancient Tea Set"},{"floor":28.0,"key":"Blood Vial"},{"floor":31.0,"key":"Bag of Preparation"},{"floor":40.0,"key":"Dead Branch"},{"floor":43.0,"key":"Ornamental Fan"},{"floor":46.0,"key":"Bottled Tornado"},{"floor":54,"key":"Bottled Lightning"}],"event_choices":[{"damage_healed":0.0,"max_hp_gain":0.0,"max_hp_loss":0.0,"gold_gain":275.0,"event_name":"Golden Shrine","player_choice":"Desecrate","floor":4.0,"gold_loss":0.0,"damage_taken":0.0,"cards_obtained":["Regret"]},{"damage_healed":0.0,"max_hp_gain":0.0,"max_hp_loss":0.0,"gold_gain":0.0,"event_name":"N\u0027loth","player_choice":"Traded Relic","floor":20.0,"relics_lost":["Tiny Chest"],"gold_loss":0.0,"damage_taken":0.0,"relics_obtained":["Nloth\u0027s Gift"]},{"damage_healed":0.0,"max_hp_gain":0.0,"max_hp_loss":0.0,"gold_gain":0.0,"event_name":"SecretPortal","player_choice":"Ignored","floor":47.0,"gold_loss":0.0,"damage_taken":0.0}],"is_beta":false,"boss_relics":[{"not_picked":["Calling Bell","Tiny House"],"picked":"Sozu"},{"not_picked":["FrozenCore","Pandora\u0027s Box"],"picked":"Astrolabe"}],"items_purged_floors":[8,12,21,42],"is_endless":false,"potions_floor_spawned":[2,6,11,13,16,18,29,30,31,38,39,44,48],"ascension_level":10}