{"gold_per_floor":[109,122,139,139,59,59,0,0,0,59,74,74,74,91,91,165,165,183,63],"floor_reached":19,"playtime":512,"items_purged":[],"score":317,"play_id":"e412da64-2555-41d6-b29d-8e4d6c83a298","local_time":"20190526110406","is_ascension_mode":true,"campfire_choices":[{"data":"Limit Break","floor":6,"key":"SMITH"},{"floor":15,"key":"REST"}],"neow_cost":"NONE","seed_source_timestamp":488792615970500,"circlet_count":0,"master_deck":["AscendersBane","Strike_R","Strike_R","Strike_R","Strike_R","Strike_R","Defend_R","Defend_R","Defend_R","Defend_R","Bash+1","Uppercut","Clothesline","Limit Break+1","Inflame","Evolve","Impervious","Shockwave+1"],"relics":["Burning Blood","Lantern","Tiny Chest","Strawberry","Black Star"],"potions_floor_usage":[10,16,16,19],"damage_taken":[{"damage":1,"enemies":"Cultist","floor":1,"turns":3},{"damage":19,"enemies":"Small Slimes","floor":2,"turns":3},{"damage":4,"enemies":"Jaw Worm","floor":3,"turns":4},{"damage":30,"enemies":"Lagavulin","floor":10,"turns":7},{"damage":19,"enemies":"Blue Slaver","floor":11,"turns":5},{"damage":7,"enemies":"Looter","floor":14,"turns":3},{"damage":43,"enemies":"The Guardian","floor":16,"turns":12},{"damage":43,"enemies":"Spheric Guardian","floor":18,"turns":6},{"damage":49,"enemies":"2 Thieves","floor":19,"turns":3}],"seed_played":"-2764972354346455145","potions_obtained":[{"floor":1,"key":"Poison Potion"},{"floor":2,"key":"Swift Potion"},{"floor":10,"key":"GamblersBrew"},{"floor":18,"key":"Regen Potion"}],"is_trial":false,"path_per_floor":["M","M","M","?","$","R","?","$","T","E","M","T","$","M","R","B",null,"M","M"],"character_chosen":"IRONCLAD","items_purchased":["Inflame"],"campfire_rested":1,"item_purchase_floors":[5],"current_hp_per_floor":[73,60,62,51,51,51,51,51,51,27,14,21,21,20,44,7,63,26,0],"gold":63,"neow_bonus":"UPGRADE_CARD","is_prod":false,"is_daily":false,"chose_seed":false,"campfire_upgraded":1,"win_rate":0,"timestamp":1558893846,"path_taken":["M","?","M","?","$","R","?","$","T","E","M","?","?","M","R","BOSS","M","M"],"build_version":"2019-01-23","purchased_purges":0,"victory":false,"max_hp_per_floor":[75,75,75,75,75,75,75,75,75,75,75,82,82,82,82,82,82,82,82],"card_choices":[{"not_picked":["Iron Wave","Heavy Blade"],"picked":"Uppercut","floor":1},{"not_picked":["Headbutt","Dual Wield"],"picked":"Clothesline","floor":2},{"not_picked":["Entrench","Iron Wave"],"picked":"Limit Break","floor":3},{"not_picked":["Flame Barrier","Pommel Strike"],"picked":"Evolve","floor":10},{"not_picked":["Entrench","Fire Breathing","Perfected Strike"],"picked":"SKIP","floor":11},{"not_picked":["Carnage","Flame Barrier","Infernal Blade"],"picked":"SKIP","floor":14},{"not_picked":["Dark Embrace","Exhume"],"picked":"Impervious","floor":16},{"not_picked":["Anger","Armaments"],"picked":"Shockwave+1","floor":18}],"player_experience":482295,"relics_obtained":[{"floor":9,"key":"Lantern"},{"floor":10,"key":"Tiny Chest"},{"floor":12,"key":"Strawberry"}],"event_choices":[{"damage_healed":0,"gold_gain":0,"player_choice":"Fled","damage_taken":11,"max_hp_gain":0,"max_hp_loss":0,"event_name":"Scrap Ooze","floor":4,"gold_loss":0},{"damage_healed":0,"gold_gain":0,"player_choice":"Left Gold","damage_taken":0,"max_hp_gain":0,"max_hp_loss":0,"event_name":"World of Goop","floor":7,"gold_loss":59}],"is_beta":false,"boss_relics":[{"not_picked":["White Beast Statue","Lizard Tail"],"picked":"Black Star"}],"items_purged_floors":[],"is_endless":false,"potions_floor_spawned":[1,2,10,18],"killed_by":"2 Thieves","ascension_level":18}