{"gold_per_floor":[117,117,142,142,158,158,9,53,53,69,87,110,110,110,110,241,241,255,280,280,33,33,33,51,51],"floor_reached":25,"playtime":1352,"items_purged":[],"score":233,"play_id":"ceac051c-ed58-4853-921d-d15b697b2745","local_time":"20180829120335","is_ascension_mode":true,"campfire_choices":[{"floor":6,"key":"REST"},{"floor":13,"key":"REST"},{"floor":15,"key":"REST"},{"data":"Noxious Fumes","floor":23,"key":"SMITH"}],"neow_cost":"","seed_source_timestamp":1232900294501044,"circlet_count":0,"master_deck":["Defend_G","Defend_G","Defend_G","Defend_G","Defend_G","Strike_G","Strike_G","Strike_G","Strike_G","Strike_G","Survivor","Neutralize+1","Dagger Throw","Dodge and Roll","Cloak And Dagger","Noxious Fumes+1","Poisoned Stab","Deadly Poison","Sucker Punch","Accuracy","Quick Slash","Blade Dance","Regret","A Thousand Cuts","Dodge and Roll+1","Accuracy","Blur"],"relics":["Ring of the Snake","Bloody Idol","Gremlin Horn","Letter Opener","Ninja Scroll","Black Star","Matryoshka"],"potions_floor_usage":[18,20,24,25,25],"damage_taken":[{"damage":0,"enemies":"2 Louse","floor":1,"turns":3},{"damage":3,"enemies":"Small Slimes","floor":3,"turns":8},{"damage":0,"enemies":"Jaw Worm","floor":5,"turns":5},{"damage":18,"enemies":"Gremlin Nob","floor":8,"turns":5},{"damage":9,"enemies":"Blue Slaver","floor":10,"turns":4},{"damage":8,"enemies":"Exordium Wildlife","floor":11,"turns":4},{"damage":19,"enemies":"Exordium Thugs","floor":12,"turns":3},{"damage":17,"enemies":"Hexaghost","floor":16,"turns":10},{"damage":0,"enemies":"Chosen","floor":18,"turns":4},{"damage":16,"enemies":"Spheric Guardian","floor":19,"turns":5},{"damage":34,"enemies":"Snake Plant","floor":24,"turns":6},{"damage":35,"enemies":"Book of Stabbing","floor":25,"turns":6}],"seed_played":"253122964468566309","potions_obtained":[{"floor":3,"key":"Weak Potion"},{"floor":10,"key":"Block Potion"},{"floor":11,"key":"Energy Potion"},{"floor":20,"key":"Fruit Juice"},{"floor":24,"key":"GhostInAJar"}],"is_trial":false,"path_per_floor":["M","?","M","?","M","R","$","E","T","M","M","M","R","?","R","B",null,"M","M","?","$","?","R","M"],"character_chosen":"THE_SILENT","items_purchased":["Noxious Fumes","Poisoned Stab","Deadly Poison","Matryoshka"],"campfire_rested":3,"item_purchase_floors":[7,7,7,21],"current_hp_per_floor":[70,53,50,50,50,70,70,52,52,43,35,16,37,37,58,41,70,70,54,59,59,59,59,30,0],"gold":51,"neow_bonus":"","is_prod":false,"is_daily":false,"chose_seed":false,"campfire_upgraded":1,"win_rate":0,"timestamp":1535558615,"path_taken":["M","?","M","?","M","R","?","E","T","?","M","M","R","?","R","BOSS","M","?","?","$","?","R","M","E"],"build_version":"2018-08-23v2","purchased_purges":0,"victory":false,"max_hp_per_floor":[70,70,70,70,70,70,70,70,70,70,70,70,70,70,70,70,70,70,70,75,75,75,75,75,75],"card_choices":[{"not_picked":["Dagger Spray","Deflect"],"picked":"Dagger Throw","floor":1},{"not_picked":["Deflect","All Out Attack"],"picked":"Dodge and Roll","floor":3},{"not_picked":["Calculated Gamble","Eviscerate"],"picked":"Cloak And Dagger","floor":5},{"not_picked":["Prepared","Tools of the Trade"],"picked":"Sucker Punch","floor":8},{"not_picked":["Underhanded Strike","Skewer"],"picked":"Accuracy","floor":10},{"not_picked":["Blade Dance","Acrobatics"],"picked":"Quick Slash","floor":11},{"not_picked":["Flying Knee","Prepared"],"picked":"Blade Dance","floor":12},{"not_picked":["Bullet Time","Wraith Form v2"],"picked":"A Thousand Cuts","floor":16},{"not_picked":["Deadly Poison","Poisoned Stab"],"picked":"Dodge and Roll+1","floor":18},{"not_picked":["Riddle With Holes","Endless Agony"],"picked":"Accuracy","floor":19},{"not_picked":["Underhanded Strike+1","Escape Plan"],"picked":"Blur","floor":24}],"player_experience":93458,"relics_obtained":[{"floor":8,"key":"Gremlin Horn"},{"floor":9,"key":"Letter Opener"}],"event_choices":[{"event_name":"Golden Idol","player_choice":"Take Damage","floor":2,"damage_taken":0},{"event_name":"Living Wall","player_choice":"Grow","floor":4,"damage_taken":0},{"event_name":"Big Fish","player_choice":"Box","floor":14,"damage_taken":0},{"event_name":"The Lab","player_choice":"Got Potions","floor":20,"damage_taken":0},{"event_name":"Forgotten Altar","player_choice":"Gave Idol","floor":22,"damage_taken":0}],"is_beta":false,"boss_relics":[{"not_picked":["Runic Pyramid","Philosopher\u0027s Stone"],"picked":"Black Star"}],"items_purged_floors":[],"is_endless":false,"potions_floor_spawned":[3,10,11,12,24],"killed_by":"Book of Stabbing","ascension_level":3}