{"gold_per_floor":[113,113,129,54,129,129,160,172,207,247,259,294,323,335],"floor_reached":14,"playtime":1340,"items_purged":[],"score":125,"play_id":"04c77c81-dadd-49f1-8b98-03f48c24c450","local_time":"20181231103957","is_ascension_mode":true,"campfire_choices":[{"data":"Well Laid Plans","floor":6.0,"key":"SMITH"},{"floor":8,"key":"REST"}],"neow_cost":"TEN_PERCENT_HP_LOSS","seed_source_timestamp":0,"circlet_count":0,"master_deck":["Defend_G","Defend_G","Defend_G","Defend_G","Defend_G","Strike_G","Strike_G","Strike_G","Strike_G","Strike_G","Survivor","Neutralize","Burst+1","Blur","Blur","Well Laid Plans+1","Footwork","Skewer"],"special_seed":0,"relics":["Ring of the Snake","MawBank","Bronze Scales","Mummified Hand","Art of War"],"potions_floor_usage":[7,14],"damage_taken":[{"damage":1.0,"enemies":"Jaw Worm","floor":1.0,"turns":5.0},{"damage":0.0,"enemies":"Cultist","floor":3.0,"turns":6.0},{"damage":45,"enemies":"Gremlin Nob","floor":7,"turns":6},{"damage":6,"enemies":"3 Sentries","floor":10,"turns":13},{"damage":0,"enemies":"Small Slimes","floor":13,"turns":4},{"damage":24,"enemies":"Gremlin Nob","floor":14,"turns":4}],"seed_played":"-8624744076667194099","potions_obtained":[{"floor":3.0,"key":"AttackPotion"},{"floor":10,"key":"SpeedPotion"}],"is_trial":false,"path_per_floor":["M","?","M","$","?","R","E","R","T","E","?","T","M","E"],"character_chosen":"THE_SILENT","items_purchased":["Well Laid Plans"],"campfire_rested":1,"item_purchase_floors":[4],"current_hp_per_floor":[62,62,62,62,51,51,6,24,24,18,18,18,18,0],"gold":335,"neow_bonus":"THREE_RARE_CARDS","is_prod":false,"is_daily":false,"chose_seed":false,"campfire_upgraded":1,"win_rate":0,"timestamp":1546270797,"path_taken":["M","?","?","$","?","R","E","R","T","E","?","?","M","E"],"build_version":"2018-12-20","purchased_purges":0,"victory":false,"max_hp_per_floor":[63,63,63,63,63,63,63,63,63,63,63,63,63,63],"card_choices":[{"not_picked":["Storm of Steel","Night Terror"],"picked":"Burst","floor":0.0},{"not_picked":["Underhanded Strike","Quick Slash"],"picked":"Blur","floor":1.0},{"not_picked":["Acrobatics","Dagger Throw"],"picked":"Blur","floor":3.0},{"not_picked":["Acrobatics","Poisoned Stab"],"picked":"Footwork","floor":7},{"not_picked":["Grand Finale","Dodge and Roll","Concentrate"],"picked":"SKIP","floor":10},{"not_picked":["Blade Dance","Prepared"],"picked":"Skewer","floor":13}],"player_experience":497235,"relics_obtained":[{"floor":7,"key":"MawBank"},{"floor":9,"key":"Bronze Scales"},{"floor":10,"key":"Mummified Hand"},{"floor":12,"key":"Art of War"}],"event_choices":[{"damage_healed":0.0,"max_hp_gain":0.0,"max_hp_loss":0.0,"gold_gain":0.0,"event_name":"Upgrade Shrine","player_choice":"Upgraded","floor":2.0,"gold_loss":0.0,"damage_taken":0.0,"cards_upgraded":["Burst"]},{"damage_healed":0.0,"max_hp_gain":0.0,"max_hp_loss":0.0,"gold_gain":75.0,"event_name":"World of Goop","player_choice":"Gather Gold","floor":5.0,"gold_loss":0.0,"damage_taken":11.0},{"damage_healed":0,"gold_gain":0,"player_choice":"Fled","damage_taken":0,"max_hp_gain":0,"max_hp_loss":0,"event_name":"Scrap Ooze","floor":11,"gold_loss":0}],"is_beta":false,"boss_relics":[],"items_purged_floors":[],"is_endless":false,"potions_floor_spawned":[3,10],"killed_by":"Gremlin Nob","ascension_level":6}