{"gold_per_floor":[115,133,151,151,171,196,206,241,241,241,255,3,22,55,55,157,157,157,67,20,0,0,0,0,0],"floor_reached":25,"playtime":1540,"items_purged":[],"score":250,"play_id":"fbda796a-57a5-4d2f-9075-4c3dbe1cc77c","local_time":"20190609185613","is_ascension_mode":true,"campfire_choices":[{"floor":10,"key":"REST"},{"floor":15,"key":"RECALL"},{"data":"Demon Form","floor":23,"key":"SMITH"}],"neow_cost":"NONE","seed_source_timestamp":2215629336941709,"circlet_count":0,"master_deck":["Strike_R","Strike_R","Strike_R","Strike_R","Defend_R","Defend_R","Defend_R","Defend_R","Bash","Hemokinesis+1","Whirlwind","Rupture+1","Shrug It Off","Heavy Blade","Iron Wave","Demon Form+1","Clothesline"],"relics":["Burning Blood","Boot","Darkstone Periapt","Sling","Matryoshka","Ectoplasm"],"potions_floor_usage":[5,6,8,16,16,16,22],"damage_taken":[{"damage":1,"enemies":"Cultist","floor":1,"turns":4},{"damage":5,"enemies":"Jaw Worm","floor":2,"turns":3},{"damage":8,"enemies":"Small Slimes","floor":3,"turns":3},{"damage":29,"enemies":"Exordium Thugs","floor":5,"turns":5},{"damage":41,"enemies":"Lagavulin","floor":6,"turns":6},{"damage":13,"enemies":"2 Fungi Beasts","floor":7,"turns":4},{"damage":16,"enemies":"Gremlin Nob","floor":8,"turns":4},{"damage":0,"enemies":"Lots of Slimes","floor":11,"turns":1},{"damage":12,"enemies":"Red Slaver","floor":13,"turns":3},{"damage":20,"enemies":"Lagavulin","floor":14,"turns":5},{"damage":14,"enemies":"Slime Boss","floor":16,"turns":11},{"damage":0,"enemies":"3 Byrds","floor":18,"turns":4},{"damage":46,"enemies":"2 Thieves","floor":21,"turns":5},{"damage":27,"enemies":"Snake Plant","floor":22,"turns":5},{"damage":19,"enemies":"3 Cultists","floor":24,"turns":5},{"damage":14,"enemies":"Cultist and Chosen","floor":25,"turns":4}],"seed_played":"2412121906131497222","potions_obtained":[{"floor":2,"key":"SteroidPotion"},{"floor":3,"key":"SteroidPotion"},{"floor":7,"key":"AttackPotion"},{"floor":8,"key":"Block Potion"},{"floor":13,"key":"Energy Potion"},{"floor":18,"key":"Dexterity Potion"}],"is_trial":false,"path_per_floor":["M","M","M","?","M","E","M","E","T","R","M","$","M","E","R","B",null,"M","?","$","M","M","R","M","M"],"character_chosen":"IRONCLAD","items_purchased":["Sling","PowerPotion","Clothesline"],"campfire_rested":1,"item_purchase_floors":[12,12,20],"current_hp_per_floor":[88,88,86,86,63,28,21,11,11,37,43,43,37,23,23,15,88,88,88,88,48,27,27,14,0],"gold":0,"neow_bonus":"TEN_PERCENT_HP_BONUS","is_prod":false,"is_daily":false,"chose_seed":false,"campfire_upgraded":1,"win_rate":0,"timestamp":1560077773,"path_taken":["M","M","?","?","M","E","M","E","T","R","M","?","?","E","R","BOSS","M","?","?","?","M","R","M","M"],"build_version":"2019-01-23","purchased_purges":0,"victory":false,"max_hp_per_floor":[88,88,88,88,88,88,88,88,88,88,88,88,88,88,88,88,88,88,88,88,88,88,88,88,88],"card_choices":[{"not_picked":["Clothesline","Fire Breathing"],"picked":"Hemokinesis","floor":1},{"not_picked":["Second Wind","Anger","Hemokinesis"],"picked":"SKIP","floor":2},{"not_picked":["Dual Wield","Body Slam","Reckless Charge"],"picked":"SKIP","floor":3},{"not_picked":["Clothesline","Cleave"],"picked":"Whirlwind","floor":5},{"not_picked":["Body Slam","Anger"],"picked":"Rupture","floor":6},{"not_picked":["Iron Wave","Battle Trance"],"picked":"Shrug It Off","floor":7},{"not_picked":["Body Slam","Rupture","Thunderclap"],"picked":"SKIP","floor":8},{"not_picked":["Carnage","Body Slam"],"picked":"Heavy Blade","floor":11},{"not_picked":["Metallicize","Exhume"],"picked":"Iron Wave","floor":13},{"not_picked":["Heavy Blade","Cleave","Headbutt"],"picked":"SKIP","floor":14},{"not_picked":["Offering","Berserk"],"picked":"Demon Form","floor":16},{"not_picked":["Inflame","Headbutt","Body Slam"],"picked":"SKIP","floor":18},{"not_picked":["Twin Strike","Flex","Fire Breathing"],"picked":"SKIP","floor":21},{"not_picked":["Entrench","Body Slam","Sentinel"],"picked":"SKIP","floor":22},{"not_picked":["Sentinel","Bloodletting","Iron Wave"],"picked":"SKIP","floor":24}],"player_experience":177723,"relics_obtained":[{"floor":6,"key":"Boot"},{"floor":8,"key":"Darkstone Periapt"},{"floor":14,"key":"Matryoshka"}],"event_choices":[{"damage_healed":0,"gold_gain":0,"player_choice":"Grow","damage_taken":0,"max_hp_gain":0,"max_hp_loss":0,"event_name":"Living Wall","floor":4,"gold_loss":0,"cards_upgraded":["Hemokinesis"]},{"cards_removed":["Strike_R"],"damage_healed":0,"gold_gain":0,"player_choice":"Upgrade and Remove","damage_taken":0,"max_hp_gain":0,"max_hp_loss":0,"event_name":"Designer","floor":19,"gold_loss":90,"cards_upgraded":["Rupture"]}],"is_beta":false,"boss_relics":[{"not_picked":["Runic Cube","Black Star"],"picked":"Ectoplasm"}],"items_purged_floors":[],"is_endless":false,"potions_floor_spawned":[2,3,7,8,13,18],"killed_by":"Cultist and Chosen","ascension_level":2}