{"gold_per_floor":[117,117,129,129,129,129,149,179,179,196,196,216,22,57,57,153,153,123,33,50,102,1,1,36,1,28,28,44,59,90,105,105,201,201,217,117,217,230,230,230,262,262,262,288,288,320,320,347,347,347],"floor_reached":51,"playtime":3145,"items_purged":["Strike_G","Strike_G"],"score":1068,"play_id":"0e06fb9c-c8d0-4c58-8367-60480547f70f","local_time":"20190217235651","is_ascension_mode":true,"campfire_choices":[{"data":"Backflip","floor":6.0,"key":"SMITH"},{"data":"Blade Dance","floor":11.0,"key":"SMITH"},{"floor":15.0,"key":"REST"},{"data":"Accuracy","floor":23,"key":"SMITH"},{"data":"Infinite Blades","floor":27,"key":"SMITH"},{"floor":32,"key":"REST"},{"data":"Survivor","floor":40,"key":"SMITH"},{"data":"Footwork","floor":42,"key":"SMITH"},{"data":"Defend_G","floor":45,"key":"SMITH"},{"data":"Defend_G","floor":47,"key":"SMITH"},{"floor":49,"key":"REST"}],"neow_cost":"NONE","seed_source_timestamp":0,"circlet_count":0,"master_deck":["Defend_G+1","Defend_G+1","Defend_G+1","Defend_G+1","Strike_G","Strike_G+1","Survivor+1","Neutralize+1","Accuracy+1","Backflip+1","Blade Dance+1","Adrenaline+1","Backflip+1","Metamorphosis+1","Cloak And Dagger+1","Malaise+1","Calculated Gamble+1","Blade Dance+1","Cloak And Dagger+1","Burst+1","Concentrate+1","Footwork+1"],"special_seed":0,"relics":["Ring of the Snake","NeowsBlessing","Toxic Egg 2","Boot","Oddly Smooth Stone","White Beast Statue","Regal Pillow","Darkstone Periapt","Ancient Tea Set","Pen Nib","Runic Pyramid","Ice Cream","Strawberry","Vajra","Omamori","Mummified Hand","Lantern"],"potions_floor_usage":[20,30,33,33,33,46,50],"damage_taken":[{"damage":0.0,"enemies":"Small Slimes","floor":1.0,"turns":1.0},{"damage":0.0,"enemies":"Cultist","floor":3.0,"turns":1.0},{"damage":0.0,"enemies":"Jaw Worm","floor":7.0,"turns":1.0},{"damage":13.0,"enemies":"3 Sentries","floor":8.0,"turns":10.0},{"damage":13.0,"enemies":"Large Slime","floor":10.0,"turns":7.0},{"damage":2.0,"enemies":"Gremlin Gang","floor":12.0,"turns":5.0},{"damage":15.0,"enemies":"Lagavulin","floor":14.0,"turns":5.0},{"damage":28.0,"enemies":"The Guardian","floor":16.0,"turns":12.0},{"damage":5,"enemies":"2 Thieves","floor":18,"turns":5},{"damage":0,"enemies":"Spheric Guardian","floor":20,"turns":3},{"damage":4,"enemies":"Slavers","floor":24,"turns":7},{"damage":0,"enemies":"Shelled Parasite and Fungi","floor":28,"turns":3},{"damage":1,"enemies":"3 Cultists","floor":29,"turns":5},{"damage":7,"enemies":"Book of Stabbing","floor":30,"turns":4},{"damage":0,"enemies":"Snake Plant","floor":31,"turns":4},{"damage":8,"enemies":"Champ","floor":33,"turns":8},{"damage":1,"enemies":"Orb Walker","floor":35,"turns":3},{"damage":0,"enemies":"Mind Bloom Boss Battle","floor":37,"turns":2},{"damage":8,"enemies":"3 Shapes","floor":38,"turns":3},{"damage":0,"enemies":"Giant Head","floor":41,"turns":5},{"damage":2,"enemies":"Nemesis","floor":44,"turns":5},{"damage":10,"enemies":"Reptomancer","floor":46,"turns":5},{"damage":0,"enemies":"Giant Head","floor":48,"turns":6},{"damage":1,"enemies":"Donu and Deca","floor":50,"turns":8}],"seed_played":"519344436752740837","potions_obtained":[{"floor":7.0,"key":"SkillPotion"},{"floor":10.0,"key":"Fire Potion"},{"floor":12.0,"key":"Dexterity Potion"},{"floor":14.0,"key":"Block Potion"},{"floor":18,"key":"Swift Potion"},{"floor":20,"key":"PowerPotion"},{"floor":29,"key":"SteroidPotion"},{"floor":30,"key":"Strength Potion"},{"floor":33,"key":"GamblersBrew"},{"floor":35,"key":"Fire Potion"},{"floor":37,"key":"SkillPotion"},{"floor":41,"key":"GhostInAJar"},{"floor":46,"key":"Explosive Potion"}],"is_trial":false,"path_per_floor":["M","?","M","?","?","R","M","E","T","M","R","M","$","E","R","B",null,"M","?","M","T","$","R","E","$","T","R","M","M","E","M","R","B",null,"M","$","?","M","?","R","E","R","T","E","R","E","R","E","R","B",null],"character_chosen":"THE_SILENT","items_purchased":["Metamorphosis+1","Blade Dance+1","Infinite Blades"],"campfire_rested":3,"item_purchase_floors":[13,22,25],"current_hp_per_floor":[70,70,70,56,56,56,56,43,43,30,30,28,28,13,34,6,54,49,49,49,49,49,49,45,45,45,45,45,44,37,37,70,62,68,67,67,67,59,59,59,66,66,66,64,64,54,54,54,77,76],"gold":347,"neow_bonus":"THREE_ENEMY_KILL","is_prod":false,"is_daily":false,"chose_seed":false,"campfire_upgraded":8,"win_rate":0,"timestamp":1550465811,"path_taken":["M","?","?","?","?","R","?","E","T","M","R","M","?","E","R","BOSS","M","?","?","?","$","R","E","?","T","R","M","M","E","M","R","BOSS","M","$","?","M","?","R","E","R","T","E","R","E","R","E","R","BOSS"],"build_version":"2019-01-23","purchased_purges":2,"victory":true,"max_hp_per_floor":[70,70,70,70,70,70,70,70,70,70,70,70,70,70,70,70,70,70,70,70,70,70,70,70,70,70,70,70,70,70,70,70,70,70,70,70,70,70,70,70,77,77,77,77,77,77,77,77,77,77],"card_choices":[{"not_picked":["Blade Dance","Poisoned Stab"],"picked":"Accuracy","floor":1.0},{"not_picked":["Sucker Punch","Bane"],"picked":"Backflip","floor":3.0},{"not_picked":["Sucker Punch","Flying Knee"],"picked":"Blade Dance","floor":7.0},{"not_picked":["Underhanded Strike","Eviscerate","Dagger Spray"],"picked":"SKIP","floor":8.0},{"not_picked":["Dagger Throw","Deadly Poison+1"],"picked":"Adrenaline+1","floor":10.0},{"not_picked":["Skewer","Flying Knee"],"picked":"Backflip+1","floor":12.0},{"not_picked":["Dodge and Roll+1","Slice"],"picked":"Cloak And Dagger+1","floor":14.0},{"not_picked":["Burst+1","Corpse Explosion+1"],"picked":"Malaise+1","floor":16.0},{"not_picked":["Masterful Stab","Underhanded Strike"],"picked":"Calculated Gamble+1","floor":18},{"not_picked":["Dodge and Roll+1","Flying Knee","Sucker Punch"],"picked":"SKIP","floor":20},{"not_picked":["Dagger Spray","Reflex+1"],"picked":"Cloak And Dagger+1","floor":24},{"not_picked":["Dagger Throw","Dagger Spray+1","Outmaneuver+1"],"picked":"SKIP","floor":28},{"not_picked":["Sucker Punch","Blade Dance+1","Backflip+1"],"picked":"SKIP","floor":29},{"not_picked":["Quick Slash","Bouncing Flask+1","Slice+1"],"picked":"SKIP","floor":30},{"not_picked":["Quick Slash","Flying Knee+1","Prepared+1"],"picked":"SKIP","floor":31},{"not_picked":["Glass Knife","After Image"],"picked":"Burst+1","floor":33},{"not_picked":["Flying Knee","Skewer"],"picked":"Concentrate+1","floor":35},{"not_picked":["Deadly Poison+1","Eviscerate","Dagger Spray+1"],"picked":"SKIP","floor":38},{"not_picked":["Choke+1","Catalyst+1"],"picked":"Footwork","floor":41},{"not_picked":["Finisher","Acrobatics+1","Dagger Throw+1"],"picked":"SKIP","floor":44},{"not_picked":["Dodge and Roll+1","Reflex+1","Finisher"],"picked":"SKIP","floor":46},{"not_picked":["Slice+1","Acrobatics+1","Flying Knee+1"],"picked":"SKIP","floor":48}],"player_experience":304666,"relics_obtained":[{"floor":8.0,"key":"Toxic Egg 2"},{"floor":9.0,"key":"Boot"},{"floor":14.0,"key":"Oddly Smooth Stone"},{"floor":21,"key":"Regal Pillow"},{"floor":24,"key":"Darkstone Periapt"},{"floor":26,"key":"Ancient Tea Set"},{"floor":30,"key":"Pen Nib"},{"floor":37,"key":"Ice Cream"},{"floor":41,"key":"Strawberry"},{"floor":43,"key":"Vajra"},{"floor":44,"key":"Omamori"},{"floor":46,"key":"Mummified Hand"},{"floor":48,"key":"Lantern"}],"event_choices":[{"damage_healed":0.0,"max_hp_gain":0.0,"max_hp_loss":0.0,"gold_gain":0.0,"event_name":"Accursed Blacksmith","player_choice":"Forge","floor":2.0,"gold_loss":0.0,"damage_taken":0.0,"cards_upgraded":["Neutralize"]},{"damage_healed":0.0,"max_hp_gain":0.0,"max_hp_loss":0.0,"gold_gain":0.0,"event_name":"Shining Light","player_choice":"Entered Light","floor":4.0,"gold_loss":0.0,"damage_taken":14.0,"cards_upgraded":["Defend_G","Defend_G"]},{"cards_removed":["Defend_G"],"damage_healed":0.0,"max_hp_gain":0.0,"max_hp_loss":0.0,"gold_gain":0.0,"event_name":"Bonfire Elementals","player_choice":"Offered Basic","floor":5.0,"gold_loss":0.0,"damage_taken":0.0},{"cards_removed":["Strike_G"],"damage_healed":0,"gold_gain":0,"player_choice":"Upgrade and Remove","damage_taken":0,"max_hp_gain":0,"max_hp_loss":0,"event_name":"Designer","floor":19,"gold_loss":90,"cards_upgraded":["Strike_G"]},{"damage_healed":0,"gold_gain":0,"player_choice":"Fight","damage_taken":0,"max_hp_gain":0,"max_hp_loss":0,"event_name":"MindBloom","floor":37,"gold_loss":0},{"cards_removed":["Infinite Blades"],"damage_healed":0,"gold_gain":0,"player_choice":"Removed Power","damage_taken":0,"max_hp_gain":0,"max_hp_loss":0,"event_name":"Falling","floor":39,"gold_loss":0}],"is_beta":false,"boss_relics":[{"not_picked":["Coffee Dripper","Calling Bell"],"picked":"White Beast Statue"},{"not_picked":["Lizard Tail","Eternal Feather"],"picked":"Runic Pyramid"}],"items_purged_floors":[22,36],"is_endless":false,"potions_floor_spawned":[7,10,12,14,18,20,24,28,29,30,31,33,35,37,38,41,44,46,48],"ascension_level":5}