{"gold_per_floor":[109,33,53,3,21,21,37,37,37,37,55,70,70,89,89,189,189,199,199,219,235,246,272,272,285,337,353,21,21,21,21,21,121,121,131,231,249,0,0,0,12,30,30,30,30,47,64,80,80,80],"floor_reached":51,"playtime":3659,"items_purged":[],"score":665,"play_id":"021392a7-a9c1-4443-81c8-917db865e637","local_time":"20181118143810","is_ascension_mode":false,"campfire_choices":[{"data":"Whirlwind","floor":6,"key":"SMITH"},{"data":"Intimidate","floor":8,"key":"SMITH"},{"data":"Heavy Blade","floor":10,"key":"SMITH"},{"data":"Immolate","floor":13,"key":"SMITH"},{"data":"Body Slam","floor":15,"key":"SMITH"},{"floor":24,"key":"REST"},{"data":"Barricade","floor":32,"key":"SMITH"},{"data":"Inflame","floor":40,"key":"SMITH"},{"data":"Body Slam","floor":45,"key":"SMITH"},{"data":"Seeing Red","floor":49,"key":"SMITH"}],"neow_cost":"NONE","seed_source_timestamp":331355577410300,"circlet_count":0,"master_deck":["Strike_R","Strike_R","Strike_R","Strike_R","Strike_R","Defend_R","Defend_R","Defend_R","Defend_R","Bash","Intimidate+1","Shrug It Off","Whirlwind+1","Ghostly Armor","Shrug It Off","Shrug It Off","Heavy Blade+1","Body Slam+1","Immolate+1","Heavy Blade","Offering+1","Inflame+1","Body Slam+1","Ghostly Armor","Iron Wave","Barricade+1","Metallicize","Pommel Strike+1","Reaper+1","Inflame+1","Shame","Feed+1","Shrug It Off+1","Metallicize","Armaments+1","Thunderclap+1","Feel No Pain+1","Disarm","Seeing Red+1"],"relics":["Burning Blood","Self Forming Clay","Eternal Feather","Molten Egg 2","Anchor","Vajra","Pen Nib","Pantograph","Sozu","Torii","Kunai","Darkstone Periapt"],"potions_floor_usage":[33,50,50],"damage_taken":[{"damage":2,"enemies":"2 Louse","floor":1,"turns":3},{"damage":6,"enemies":"Cultist","floor":3,"turns":4},{"damage":0,"enemies":"Jaw Worm","floor":5,"turns":5},{"damage":2,"enemies":"Looter","floor":7,"turns":3},{"damage":2,"enemies":"Blue Slaver","floor":11,"turns":5},{"damage":8,"enemies":"Red Slaver","floor":12,"turns":4},{"damage":2,"enemies":"Looter","floor":14,"turns":3},{"damage":14,"enemies":"Slime Boss","floor":16,"turns":8},{"damage":6,"enemies":"3 Byrds","floor":18,"turns":4},{"damage":16,"enemies":"Chosen","floor":20,"turns":5},{"damage":6,"enemies":"Snecko","floor":21,"turns":3},{"damage":10,"enemies":"Cultist and Chosen","floor":22,"turns":4},{"damage":33,"enemies":"Gremlin Leader","floor":23,"turns":4},{"damage":15,"enemies":"Centurion and Healer","floor":25,"turns":4},{"damage":37,"enemies":"3 Cultists","floor":27,"turns":5},{"damage":37,"enemies":"Collector","floor":33,"turns":12},{"damage":19,"enemies":"3 Shapes","floor":35,"turns":4},{"damage":0,"enemies":"Mind Bloom Boss Battle","floor":36,"turns":4},{"damage":32,"enemies":"3 Darklings","floor":37,"turns":5},{"damage":9,"enemies":"Sphere and 2 Shapes","floor":41,"turns":2},{"damage":3,"enemies":"4 Shapes","floor":42,"turns":6},{"damage":23,"enemies":"Maw","floor":46,"turns":8},{"damage":7,"enemies":"Transient","floor":47,"turns":5},{"damage":11,"enemies":"3 Darklings","floor":48,"turns":2},{"damage":91,"enemies":"Time Eater","floor":50,"turns":16}],"seed_played":"8453583304267379475","potions_obtained":[{"floor":3,"key":"Regen Potion"},{"floor":7,"key":"Swift Potion"},{"floor":14,"key":"Weak Potion"},{"floor":25,"key":"PowerPotion"}],"is_trial":false,"path_per_floor":["M","$","M","$","M","R","M","R","T","R","M","M","R","M","R","B",null,"M","?","M","M","M","E","R","M","T","M","$","?","$","T","R","B",null,"M","?","M","$","?","R","M","M","T","$","R","M","M","M","R","B",null],"character_chosen":"IRONCLAD","items_purchased":["Whirlwind","Shrug It Off","Reaper+1","Vajra","Inflame","Kunai"],"campfire_rested":1,"item_purchase_floors":[2,4,28,28,28,38],"current_hp_per_floor":[80,80,80,80,80,80,80,80,80,80,80,78,78,80,80,72,80,80,80,70,70,66,39,78,69,69,38,38,38,38,38,56,55,80,71,84,58,58,94,94,91,94,94,94,94,89,88,83,94,33],"gold":80,"neow_bonus":"THREE_CARDS","is_prod":false,"is_daily":false,"chose_seed":false,"campfire_upgraded":9,"win_rate":0,"timestamp":1542569890,"path_taken":["M","$","M","$","M","R","M","R","T","R","M","M","R","M","R","BOSS","M","?","M","?","M","E","R","M","T","?","$","?","$","?","R","BOSS","M","?","M","$","?","R","M","?","T","?","R","M","M","M","R","BOSS"],"build_version":"2018-11-15","purchased_purges":0,"victory":true,"max_hp_per_floor":[80,80,80,80,80,80,80,80,80,80,80,80,80,80,80,80,80,80,80,80,80,80,80,80,80,80,80,80,80,80,80,80,80,80,84,84,84,84,94,94,94,94,94,94,94,94,94,94,94,94],"card_choices":[{"not_picked":["Sword Boomerang","Pummel"],"picked":"Intimidate","floor":0},{"not_picked":["Twin Strike","Armaments"],"picked":"Shrug It Off","floor":1},{"not_picked":["Wild Strike","Iron Wave"],"picked":"Ghostly Armor","floor":3},{"not_picked":["Sword Boomerang","Iron Wave"],"picked":"Shrug It Off","floor":5},{"not_picked":["Second Wind","Perfected Strike"],"picked":"Heavy Blade","floor":7},{"not_picked":["Cleave","Rage"],"picked":"Body Slam","floor":11},{"not_picked":["Anger","Second Wind"],"picked":"Immolate","floor":12},{"not_picked":["Fire Breathing","Rampage"],"picked":"Heavy Blade","floor":14},{"not_picked":["Berserk","Bludgeon"],"picked":"Offering","floor":16},{"not_picked":["Warcry","Clash+1"],"picked":"Inflame+1","floor":18},{"not_picked":["Fire Breathing","Blood for Blood"],"picked":"Body Slam","floor":20},{"not_picked":["Body Slam","Flex"],"picked":"Ghostly Armor","floor":21},{"not_picked":["Wild Strike+1","Twin Strike"],"picked":"Iron Wave","floor":22},{"not_picked":["Burning Pact","Intimidate+1"],"picked":"Barricade","floor":23},{"not_picked":["Twin Strike+1","Headbutt+1"],"picked":"Metallicize","floor":25},{"not_picked":["Sword Boomerang+1","Intimidate"],"picked":"Pommel Strike+1","floor":27},{"not_picked":["Brutality","Impervious"],"picked":"Feed+1","floor":33},{"not_picked":["Cleave+1","True Grit"],"picked":"Shrug It Off+1","floor":35},{"not_picked":["Anger+1","Shrug It Off"],"picked":"Fiend Fire+1","floor":36},{"not_picked":["Pommel Strike+1","Flex"],"picked":"Metallicize","floor":37},{"not_picked":["Reckless Charge+1","Clothesline+1"],"picked":"Armaments+1","floor":41},{"not_picked":["Wild Strike+1","Armaments"],"picked":"Thunderclap+1","floor":42},{"not_picked":["True Grit+1","Wild Strike+1"],"picked":"Feel No Pain+1","floor":46},{"not_picked":["Wild Strike+1","Thunderclap+1"],"picked":"Disarm","floor":47},{"not_picked":["Warcry","Sever Soul+1"],"picked":"Seeing Red","floor":48}],"player_experience":230981,"relics_obtained":[{"floor":9,"key":"Self Forming Clay"},{"floor":23,"key":"Molten Egg 2"},{"floor":26,"key":"Anchor"},{"floor":31,"key":"Pantograph"},{"floor":36,"key":"Torii"},{"floor":43,"key":"Darkstone Periapt"}],"event_choices":[{"damage_healed":0,"gold_gain":0,"player_choice":"Upgraded","damage_taken":0,"max_hp_gain":0,"max_hp_loss":0,"event_name":"Upgrade Shrine","floor":19,"gold_loss":0,"cards_upgraded":["Offering"]},{"damage_healed":0,"gold_gain":0,"player_choice":"Stole Relic","damage_taken":0,"relics_obtained":["Pen Nib"],"max_hp_gain":0,"max_hp_loss":0,"event_name":"Addict","floor":29,"gold_loss":0,"cards_obtained":["Shame"]},{"damage_healed":0,"gold_gain":0,"player_choice":"Fight","damage_taken":0,"max_hp_gain":0,"max_hp_loss":0,"event_name":"MindBloom","floor":36,"gold_loss":0},{"cards_removed":["Fiend Fire"],"damage_healed":26,"gold_gain":0,"player_choice":"Offered Rare","damage_taken":0,"max_hp_gain":10,"max_hp_loss":0,"event_name":"Bonfire Elementals","floor":39,"gold_loss":0}],"is_beta":false,"boss_relics":[{"not_picked":["Fusion Hammer","Orrery"],"picked":"Eternal Feather"},{"not_picked":["Coffee Dripper","Black Blood"],"picked":"Sozu"}],"items_purged_floors":[],"is_endless":false,"potions_floor_spawned":[3,7,14,18,25,35,41,47,48],"ascension_level":0}