{"gold_per_floor":[112,6,16,29,42,42,67,67,118,135,135],"floor_reached":11,"playtime":506,"items_purged":[],"score":113,"play_id":"d2ef0496-0e7d-4fef-b346-a89117872b8e","local_time":"20190329160625","is_ascension_mode":true,"campfire_choices":[{"data":"Dark Shackles","floor":6,"key":"SMITH"},{"data":"Caltrops","floor":8,"key":"SMITH"}],"neow_cost":"CURSE","seed_source_timestamp":757509593373000,"circlet_count":0,"master_deck":["AscendersBane","Defend_G","Defend_G","Defend_G","Defend_G","Defend_G","Strike_G","Strike_G","Strike_G","Strike_G","Strike_G","Survivor","Neutralize","Doubt","Flying Knee","Dark Shackles+1","Deflect","Poisoned Stab","Sucker Punch","Caltrops+1","Catalyst","Bane"],"relics":["Ring of the Snake","Gambling Chip","Bottled Lightning","Juzu Bracelet"],"potions_floor_usage":[10,11],"damage_taken":[{"damage":4,"enemies":"Small Slimes","floor":1,"turns":7},{"damage":0,"enemies":"2 Louse","floor":3,"turns":3},{"damage":7,"enemies":"Jaw Worm","floor":4,"turns":4},{"damage":1,"enemies":"Red Slaver","floor":5,"turns":6},{"damage":21,"enemies":"Gremlin Nob","floor":7,"turns":5},{"damage":27,"enemies":"Gremlin Gang","floor":10,"turns":5},{"damage":6,"enemies":"Lots of Slimes","floor":11,"turns":2}],"seed_played":"4140804186108418572","potions_obtained":[{"floor":4,"key":"GamblersBrew"},{"floor":10,"key":"Strength Potion"}],"is_trial":false,"path_per_floor":["M","$","M","M","M","R","E","R","T","M","M"],"character_chosen":"THE_SILENT","items_purchased":["Dark Shackles","Deflect"],"campfire_rested":0,"item_purchase_floors":[2,2],"current_hp_per_floor":[59,59,59,52,51,51,30,30,30,3,0],"gold":135,"neow_bonus":"ONE_RARE_RELIC","is_prod":false,"is_daily":false,"chose_seed":false,"campfire_upgraded":2,"win_rate":0,"timestamp":1553889985,"path_taken":["M","$","M","M","M","R","E","R","T","M","M"],"build_version":"2019-01-23","purchased_purges":0,"victory":false,"max_hp_per_floor":[70,70,70,70,70,70,70,70,70,70,70],"card_choices":[{"not_picked":["Concentrate","Deadly Poison"],"picked":"Flying Knee","floor":1},{"not_picked":["Slice","Concentrate"],"picked":"Poisoned Stab","floor":3},{"not_picked":["Calculated Gamble","Bane"],"picked":"Sucker Punch","floor":4},{"not_picked":["Backflip","Deadly Poison"],"picked":"Caltrops","floor":5},{"not_picked":["Setup","Caltrops"],"picked":"Catalyst","floor":7},{"not_picked":["Riddle With Holes","Concentrate"],"picked":"Bane","floor":10}],"player_experience":354562,"relics_obtained":[{"floor":7,"key":"Bottled Lightning"},{"floor":9,"key":"Juzu Bracelet"}],"event_choices":[],"is_beta":false,"boss_relics":[],"items_purged_floors":[],"is_endless":false,"potions_floor_spawned":[4,10],"killed_by":"Lots of Slimes","ascension_level":10}