{"gold_per_floor":[111,25,43,53,18,18,48,48,48,61,61,95,95,126,126,126],"floor_reached":16,"playtime":505,"items_purged":[],"score":224,"play_id":"76de5cc3-de2a-4319-8430-aeeffa3984b0","local_time":"20190525201530","is_ascension_mode":true,"campfire_choices":[{"data":"Armaments","floor":6,"key":"SMITH"},{"floor":11,"key":"REST"},{"data":"Feel No Pain","floor":13,"key":"SMITH"},{"floor":15,"key":"REST"}],"neow_cost":"PERCENT_DAMAGE","seed_source_timestamp":435485171652000,"circlet_count":0,"master_deck":["AscendersBane","Strike_R","Strike_R","Strike_R","Strike_R","Strike_R","Defend_R","Defend_R","Defend_R","Defend_R","Bash","Barricade","Perfected Strike","Iron Wave","Armaments+1","Shrug It Off","Flame Barrier","Feel No Pain+1"],"relics":["Burning Blood","Sundial","PreservedInsect","Matryoshka","Art of War","Potion Belt"],"potions_floor_usage":[16],"damage_taken":[{"damage":8,"enemies":"2 Louse","floor":1,"turns":4},{"damage":7,"enemies":"Small Slimes","floor":3,"turns":3},{"damage":7,"enemies":"Jaw Worm","floor":4,"turns":5},{"damage":49,"enemies":"Gremlin Nob","floor":7,"turns":5},{"damage":0,"enemies":"2 Fungi Beasts","floor":10,"turns":5},{"damage":23,"enemies":"Lagavulin","floor":12,"turns":6},{"damage":9,"enemies":"3 Sentries","floor":14,"turns":11},{"damage":47,"enemies":"The Guardian","floor":16,"turns":8}],"seed_played":"3285222480290341954","potions_obtained":[{"floor":7,"key":"GamblersBrew"},{"floor":12,"key":"FearPotion"}],"is_trial":false,"path_per_floor":["M","$","M","M","?","R","E","?","T","M","R","E","R","E","R","B"],"character_chosen":"IRONCLAD","items_purchased":["Iron Wave","Armaments"],"campfire_rested":2,"item_purchase_floors":[2,2],"current_hp_per_floor":[48,48,47,46,64,64,21,16,16,22,44,27,27,24,46,0],"gold":126,"neow_bonus":"THREE_RARE_CARDS","is_prod":false,"is_daily":false,"chose_seed":false,"campfire_upgraded":2,"win_rate":0,"timestamp":1558840530,"path_taken":["M","$","M","M","?","R","E","?","T","M","R","E","R","E","R","BOSS"],"build_version":"2019-01-23","purchased_purges":0,"victory":false,"max_hp_per_floor":[75,75,75,75,75,75,75,75,75,75,75,75,75,75,75,75],"card_choices":[{"not_picked":["Dark Embrace","Impervious"],"picked":"Barricade","floor":0},{"not_picked":["Anger","Havoc"],"picked":"Perfected Strike","floor":1},{"not_picked":["Warcry","Perfected Strike"],"picked":"Shrug It Off","floor":3},{"not_picked":["Sword Boomerang","Blood for Blood","Armaments"],"picked":"SKIP","floor":4},{"not_picked":["Thunderclap","Cleave"],"picked":"Flame Barrier","floor":7},{"not_picked":["Pommel Strike","Flex","Reckless Charge"],"picked":"SKIP","floor":10},{"not_picked":["Hemokinesis","Clash"],"picked":"Feel No Pain","floor":12},{"not_picked":["Clash","Wild Strike","Headbutt"],"picked":"SKIP","floor":14}],"player_experience":480147,"relics_obtained":[{"floor":7,"key":"Sundial"},{"floor":9,"key":"Matryoshka"},{"floor":12,"key":"Art of War"},{"floor":14,"key":"Potion Belt"}],"event_choices":[{"damage_healed":18,"gold_gain":0,"player_choice":"Healed","damage_taken":0,"max_hp_gain":0,"max_hp_loss":0,"event_name":"The Cleric","floor":5,"gold_loss":35},{"damage_healed":0,"gold_gain":0,"player_choice":"Success","damage_taken":5,"relics_obtained":["PreservedInsect"],"max_hp_gain":0,"max_hp_loss":0,"event_name":"Scrap Ooze","floor":8,"gold_loss":0}],"is_beta":false,"boss_relics":[],"items_purged_floors":[],"is_endless":false,"potions_floor_spawned":[7,12],"killed_by":"The Guardian","ascension_level":18}