{"gold_per_floor":[111,122,122,141,216,216,244,244,271,271,304,28,28,58,58,162,162,175,1,1,1,1,1],"floor_reached":23,"playtime":5912,"items_purged":["Strike_R"],"score":319,"play_id":"ebd4d014-891c-4703-95a7-b871669cf6d5","local_time":"20190202182225","is_ascension_mode":true,"campfire_choices":[{"data":"True Grit","floor":6.0,"key":"SMITH"},{"floor":8.0,"key":"REST"},{"data":"Flame Barrier","floor":10.0,"key":"SMITH"},{"floor":15.0,"key":"REST"}],"neow_cost":"NONE","seed_source_timestamp":4475588206440773,"circlet_count":0,"master_deck":["Strike_R+1","Strike_R+1","Strike_R+1","Defend_R+1","Defend_R+1","Defend_R+1","Defend_R+1","Bash","Clothesline","Evolve","True Grit+1","Flame Barrier+1","Offering","Adrenaline","Shrug It Off+1"],"special_seed":0,"relics":["Burning Blood","Regal Pillow","The Courier","PrismaticShard","Strawberry","Bottled Flame","Runic Pyramid","Bag of Preparation"],"potions_floor_usage":[],"damage_taken":[{"damage":3.0,"enemies":"2 Louse","floor":1.0,"turns":3.0},{"damage":7.0,"enemies":"Small Slimes","floor":2.0,"turns":3.0},{"damage":1.0,"enemies":"Cultist","floor":4.0,"turns":4.0},{"damage":65.0,"enemies":"Lagavulin","floor":7.0,"turns":9.0},{"damage":16.0,"enemies":"3 Sentries","floor":11.0,"turns":15.0},{"damage":24.0,"enemies":"Gremlin Nob","floor":14.0,"turns":4.0},{"damage":70.0,"enemies":"Slime Boss","floor":16.0,"turns":23.0},{"damage":18,"enemies":"Spheric Guardian","floor":18,"turns":12},{"damage":106,"enemies":"Gremlin Leader","floor":23,"turns":11}],"seed_played":"-9058522897581235417","potions_obtained":[{"floor":2.0,"key":"Swift Potion"},{"floor":7.0,"key":"Explosive Potion"}],"is_trial":false,"path_per_floor":["M","M","?","M","?","R","E","R","T","R","E","$","?","E","R","B",null,"M","$","?","?","?","E"],"character_chosen":"IRONCLAD","items_purchased":["PrismaticShard","Strawberry","Bag of Preparation"],"campfire_rested":2,"item_purchase_floors":[12,12,19],"current_hp_per_floor":[83,82,87,92,81,81,22,64,64,64,54,61,61,43,88,24,81,69,69,69,69,100,0],"gold":1,"neow_bonus":"TEN_PERCENT_HP_BONUS","is_prod":false,"is_daily":false,"chose_seed":false,"campfire_upgraded":2,"win_rate":0,"timestamp":1549149745,"path_taken":["M","M","?","M","?","R","E","R","T","R","E","$","?","E","R","BOSS","M","$","?","?","?","E"],"build_version":"2019-01-23","purchased_purges":1,"victory":false,"max_hp_per_floor":[88,88,93,93,93,93,93,93,93,93,93,100,100,100,100,100,100,100,100,100,100,100,100],"card_choices":[{"not_picked":["Heavy Blade","Dual Wield"],"picked":"Clothesline","floor":1.0},{"not_picked":["Perfected Strike","Cleave"],"picked":"Evolve","floor":2.0},{"not_picked":["Warcry","Body Slam"],"picked":"True Grit","floor":4.0},{"not_picked":["Twin Strike","Iron Wave"],"picked":"Flame Barrier","floor":7.0},{"not_picked":["Shrug It Off","Iron Wave"],"picked":"Offering","floor":11.0},{"not_picked":["Cold Snap","Sucker Punch","Predator"],"picked":"SKIP","floor":14.0},{"not_picked":["Creative AI","Burst"],"picked":"Adrenaline","floor":16.0},{"not_picked":["Body Slam","Fusion"],"picked":"Shrug It Off+1","floor":18}],"player_experience":820275,"relics_obtained":[{"floor":7.0,"key":"Regal Pillow"},{"floor":11.0,"key":"The Courier"},{"floor":14.0,"key":"Bottled Flame"}],"event_choices":[{"damage_healed":0.0,"max_hp_gain":5.0,"max_hp_loss":0.0,"gold_gain":0.0,"event_name":"Big Fish","player_choice":"Donut","floor":3.0,"gold_loss":0.0,"damage_taken":0.0},{"damage_healed":0.0,"max_hp_gain":0.0,"max_hp_loss":0.0,"gold_gain":75.0,"event_name":"World of Goop","player_choice":"Gather Gold","floor":5.0,"gold_loss":0.0,"damage_taken":11.0},{"cards_removed":["Strike_R"],"damage_healed":0.0,"max_hp_gain":0.0,"max_hp_loss":0.0,"gold_gain":0.0,"event_name":"Bonfire Elementals","player_choice":"Offered Basic","floor":13.0,"gold_loss":0.0,"damage_taken":0.0},{"damage_healed":0,"gold_gain":0,"player_choice":"Simplicity","damage_taken":0,"max_hp_gain":0,"max_hp_loss":0,"event_name":"Back to Basics","floor":20,"gold_loss":0,"cards_upgraded":["Strike_R","Strike_R","Strike_R","Defend_R","Defend_R","Defend_R","Defend_R"]},{"damage_healed":33,"gold_gain":0,"player_choice":"Heal","damage_taken":0,"max_hp_gain":0,"max_hp_loss":0,"event_name":"The Library","floor":22,"gold_loss":0}],"is_beta":false,"boss_relics":[{"not_picked":["Pandora\u0027s Box","Empty Cage"],"picked":"Runic Pyramid"}],"items_purged_floors":[19],"is_endless":false,"potions_floor_spawned":[2,7],"killed_by":"Gremlin Leader","ascension_level":9}