{"gold_per_floor":[119,134,134,146,166,166,180,180,204,204,239,63,126,145,145,245,245,255,269,319,381,356,414,414,447,495,495],"floor_reached":27,"playtime":1887,"items_purged":[],"score":344,"play_id":"c8a5709b-d8d5-4168-8e53-0524fe3c5f20","local_time":"20190612171438","is_ascension_mode":true,"campfire_choices":[{"data":"Coolheaded","floor":6,"key":"SMITH"},{"data":"Beam Cell","floor":8,"key":"SMITH"},{"data":"Dualcast","floor":10,"key":"SMITH"},{"data":"Metamorphosis","floor":15,"key":"SMITH"},{"floor":24,"key":"REST"}],"neow_cost":"NONE","seed_source_timestamp":52857809127500,"circlet_count":0,"master_deck":["Strike_B","Strike_B","Strike_B","Defend_B","Defend_B","Defend_B","Defend_B","Zap+1","Dualcast+1","Coolheaded+1","Leap","Conserve Battery","Beam Cell+1","Rip and Tear","Metamorphosis+1","All For One","Leap","Go for the Eyes+1","Leap+1"],"relics":["Cracked Core","SsserpentHead","Omamori","Strawberry","Sozu","Tiny Chest","Pantograph","Regal Pillow"],"potions_floor_usage":[16,23,23],"damage_taken":[{"damage":0,"enemies":"Cultist","floor":1,"turns":3},{"damage":0,"enemies":"Small Slimes","floor":2,"turns":2},{"damage":0,"enemies":"Jaw Worm","floor":4,"turns":5},{"damage":2,"enemies":"Exordium Wildlife","floor":5,"turns":4},{"damage":4,"enemies":"Looter","floor":7,"turns":3},{"damage":5,"enemies":"3 Sentries","floor":11,"turns":10},{"damage":10,"enemies":"Gremlin Gang","floor":13,"turns":4},{"damage":11,"enemies":"Exordium Thugs","floor":14,"turns":4},{"damage":14,"enemies":"The Guardian","floor":16,"turns":9},{"damage":0,"enemies":"3 Byrds","floor":18,"turns":3},{"damage":0,"enemies":"Spheric Guardian","floor":19,"turns":3},{"damage":0,"enemies":"Snake Plant","floor":21,"turns":2},{"damage":43,"enemies":"Slavers","floor":23,"turns":4},{"damage":29,"enemies":"Gremlin Leader","floor":25,"turns":5},{"damage":17,"enemies":"Slavers","floor":27,"turns":1}],"seed_played":"4464774319423310386","potions_obtained":[{"floor":4,"key":"EssenceOfSteel"},{"floor":5,"key":"Energy Potion"},{"floor":7,"key":"EntropicBrew"}],"is_trial":false,"path_per_floor":["M","M","?","M","M","R","M","R","T","R","E","$","M","M","R","B",null,"M","M","?","M","?","E","R","E","T","E"],"character_chosen":"DEFECT","items_purchased":["Metamorphosis"],"campfire_rested":1,"item_purchase_floors":[12],"current_hp_per_floor":[68,68,68,68,66,66,62,62,62,62,64,64,54,43,43,29,69,69,69,61,61,61,18,42,13,13,0],"gold":495,"neow_bonus":"UPGRADE_CARD","is_prod":false,"is_daily":false,"chose_seed":false,"campfire_upgraded":4,"win_rate":0,"timestamp":1560384878,"path_taken":["M","?","?","M","M","R","M","R","T","R","E","$","?","M","R","BOSS","M","M","?","?","?","E","R","E","T","E"],"build_version":"2019-01-23","purchased_purges":0,"victory":false,"max_hp_per_floor":[75,75,75,75,75,75,75,75,75,75,82,82,82,82,82,82,82,82,82,82,82,82,82,82,82,82,82],"card_choices":[{"not_picked":["Streamline","Rip and Tear"],"picked":"Coolheaded","floor":1},{"not_picked":["Redo","Gash"],"picked":"Leap","floor":2},{"not_picked":["Thunder Strike","Gash"],"picked":"Conserve Battery","floor":4},{"not_picked":["Compile Driver","Stack","Streamline"],"picked":"SKIP","floor":5},{"not_picked":["Recycle","Coolheaded"],"picked":"Beam Cell","floor":7},{"not_picked":["Beam Cell","Heatsinks"],"picked":"Rip and Tear","floor":11},{"not_picked":["Conserve Battery","Storm","Leap"],"picked":"SKIP","floor":13},{"not_picked":["FTL","Stack","Double Energy"],"picked":"SKIP","floor":14},{"not_picked":["Biased Cognition","Buffer"],"picked":"All For One","floor":16},{"not_picked":["Stack","Gash"],"picked":"Leap","floor":18},{"not_picked":["Doom and Gloom","Rip and Tear","Barrage+1"],"picked":"SKIP","floor":19},{"not_picked":["Streamline","Gash","Rebound"],"picked":"SKIP","floor":21},{"not_picked":["Barrage+1","Leap"],"picked":"Go for the Eyes+1","floor":23},{"not_picked":["Meteor Strike","Tempest"],"picked":"Leap+1","floor":25}],"player_experience":563142,"relics_obtained":[{"floor":9,"key":"Omamori"},{"floor":11,"key":"Strawberry"},{"floor":23,"key":"Tiny Chest"},{"floor":25,"key":"Pantograph"},{"floor":26,"key":"Regal Pillow"}],"event_choices":[{"damage_healed":0,"gold_gain":0,"player_choice":"Trade","damage_taken":0,"relics_obtained":["SsserpentHead"],"max_hp_gain":0,"max_hp_loss":0,"event_name":"FaceTrader","floor":3,"gold_loss":0},{"damage_healed":0,"gold_gain":0,"player_choice":"","damage_taken":8,"max_hp_gain":0,"max_hp_loss":0,"event_name":"Knowing Skull","floor":20,"potions_obtained":[],"gold_loss":0,"cards_obtained":[]},{"cards_removed":["Strike_B"],"damage_healed":0,"gold_gain":0,"player_choice":"Gave Gold","damage_taken":0,"max_hp_gain":0,"max_hp_loss":0,"event_name":"Beggar","floor":22,"gold_loss":75}],"is_beta":false,"boss_relics":[{"not_picked":["Ectoplasm","Fusion Hammer"],"picked":"Sozu"}],"items_purged_floors":[],"is_endless":false,"potions_floor_spawned":[4,5,7,19],"killed_by":"Slavers","ascension_level":7}