{"gold_per_floor":[17,17,30,44,60,60,85,149,149,26,26,44,44,63,63,160,160,179,179,194,194,220,220,40,40,89,105,105,122,122,148,148,247,247,262,262,277,291,311,311,329,329,329,345,24,24,38,4,4,4],"floor_reached":51,"playtime":2948,"items_purged":["Pain"],"score":930,"play_id":"871db7f6-e82b-412d-8b4d-d9d3642741a1","local_time":"20180911110852","is_ascension_mode":true,"campfire_choices":[{"data":"Sucker Punch","floor":6,"key":"SMITH"},{"floor":13,"key":"REST"},{"floor":15,"key":"REST"},{"floor":23,"key":"REST"},{"data":"Apotheosis","floor":25,"key":"SMITH"},{"floor":32,"key":"REST"},{"floor":40,"key":"REST"},{"floor":46,"key":"REST"},{"floor":49,"key":"REST"}],"neow_cost":"NO_GOLD","seed_source_timestamp":2351238224829321,"circlet_count":0,"master_deck":["Defend_G","Defend_G","Defend_G","Defend_G","Defend_G","Strike_G","Strike_G","Strike_G","Strike_G","Strike_G","Survivor","Neutralize+1","Sucker Punch+1","Skewer","Calculated Gamble","Cloak And Dagger","Backflip","Quick Slash","Dagger Spray","Corpse Explosion","Acrobatics","Riddle With Holes","Footwork","Deflect","Cloak And Dagger","Terror","Dodge and Roll","Deflect","After Image","Poisoned Stab+1","Deflect","Crippling Poison","Terror+1","Catalyst","Apotheosis+1","Accuracy","Blur","Crippling Poison","Bane","Backflip","Burst","Sucker Punch+1","Blade Dance","Infinite Blades+1","Slice","Infinite Blades","Bane+1","PiercingWail","Deflect+1","Blur","Sucker Punch+1","Heel Hook+1","Accuracy","Blade Dance+1","Deflect","Caltrops"],"relics":["Ring of the Snake","Prayer Wheel","Mummified Hand","Question Card","Matryoshka","Busted Crown","Paper Crane","Juzu Bracelet","Bronze Scales","Blood Vial","Vajra","Darkstone Periapt","WristBlade","WarpedTongs","Ginger","Pear","Bottled Lightning"],"potions_floor_usage":[8,12,16,27,38,38,50],"damage_taken":[{"damage":0,"enemies":"2 Louse","floor":1,"turns":5},{"damage":0,"enemies":"Small Slimes","floor":3,"turns":4},{"damage":0,"enemies":"Cultist","floor":4,"turns":3},{"damage":0,"enemies":"3 Louse","floor":5,"turns":4},{"damage":12,"enemies":"3 Sentries","floor":7,"turns":4},{"damage":42,"enemies":"Lagavulin Event","floor":8,"turns":7},{"damage":1,"enemies":"Large Slime","floor":12,"turns":6},{"damage":10,"enemies":"2 Fungi Beasts","floor":14,"turns":4},{"damage":2,"enemies":"Slime Boss","floor":16,"turns":8},{"damage":0,"enemies":"Shell Parasite","floor":18,"turns":8},{"damage":3,"enemies":"Spheric Guardian","floor":20,"turns":6},{"damage":0,"enemies":"Snake Plant","floor":27,"turns":3},{"damage":0,"enemies":"Cultist and Chosen","floor":29,"turns":4},{"damage":13,"enemies":"Slavers","floor":31,"turns":4},{"damage":17,"enemies":"Champ","floor":33,"turns":11},{"damage":18,"enemies":"3 Darklings","floor":35,"turns":4},{"damage":2,"enemies":"Orb Walker","floor":37,"turns":5},{"damage":18,"enemies":"Transient","floor":38,"turns":5},{"damage":14,"enemies":"Sphere and 2 Shapes","floor":39,"turns":4},{"damage":12,"enemies":"3 Darklings","floor":41,"turns":4},{"damage":0,"enemies":"Mind Bloom Boss Battle","floor":42,"turns":5},{"damage":2,"enemies":"4 Shapes","floor":44,"turns":5},{"damage":0,"enemies":"Transient","floor":47,"turns":5},{"damage":40,"enemies":"Donu and Deca","floor":50,"turns":9}],"seed_played":"-3518860437136224848","potions_obtained":[{"floor":1,"key":"SkillPotion"},{"floor":8,"key":"FearPotion"},{"floor":14,"key":"Strength Potion"},{"floor":16,"key":"Regen Potion"},{"floor":27,"key":"GhostInAJar"},{"floor":33,"key":"Poison Potion"},{"floor":35,"key":"Strength Potion"},{"floor":37,"key":"Block Potion"},{"floor":41,"key":"Energy Potion"},{"floor":44,"key":"SpeedPotion"}],"is_trial":false,"path_per_floor":["M","?","M","M","M","R","E","?","T","$","?","M","R","M","R","B",null,"M","?","M","?","T","R","$","R","T","M","T","M","$","E","R","B",null,"M","?","M","M","M","R","M","?","T","M","$","R","M","$","R","B"],"character_chosen":"THE_SILENT","items_purchased":["Footwork","Deflect","Apotheosis","Bottled Lightning","Caltrops"],"campfire_rested":7,"item_purchase_floors":[10,10,24,45,48],"current_hp_per_floor":[63,63,63,63,63,63,51,9,9,9,9,8,29,19,40,38,62,62,62,59,59,59,70,70,70,70,70,70,70,70,57,70,53,66,50,56,56,40,28,50,40,42,52,52,52,77,79,79,86,46],"gold":4,"neow_bonus":"ONE_RARE_RELIC","is_prod":false,"is_daily":false,"chose_seed":false,"campfire_upgraded":2,"win_rate":0,"timestamp":1536678532,"path_taken":["M","?","M","M","?","R","E","?","T","$","?","M","R","M","R","BOSS","M","?","M","?","?","R","$","R","T","M","?","M","$","E","R","BOSS","M","?","M","M","M","R","M","?","T","M","$","R","M","?","R","BOSS"],"build_version":"2018-09-06","purchased_purges":1,"victory":true,"max_hp_per_floor":[70,70,70,70,70,70,70,70,70,70,70,70,70,70,70,70,70,70,70,70,70,70,70,70,70,70,70,70,70,70,70,70,70,70,70,76,76,76,76,76,76,76,86,86,86,86,86,86,86,86],"card_choices":[{"not_picked":["Accuracy","Underhanded Strike"],"picked":"Sucker Punch","floor":1},{"not_picked":["Slice","Finisher"],"picked":"Skewer","floor":1},{"not_picked":["Endless Agony","Cloak And Dagger"],"picked":"Calculated Gamble","floor":3},{"not_picked":["Deadly Poison","Tactician"],"picked":"Cloak And Dagger","floor":3},{"not_picked":["Sucker Punch","Acrobatics"],"picked":"Backflip","floor":4},{"not_picked":["Poisoned Stab","Outmaneuver"],"picked":"Quick Slash","floor":4},{"not_picked":["Bane","Acrobatics"],"picked":"Dagger Spray","floor":5},{"not_picked":["Dagger Spray","Outmaneuver"],"picked":"Corpse Explosion","floor":5},{"not_picked":["Dagger Spray","Quick Slash"],"picked":"Acrobatics","floor":7},{"not_picked":["Dagger Spray","Concentrate"],"picked":"Riddle With Holes","floor":8},{"not_picked":["Slice","Outmaneuver","Bullet Time"],"picked":"Cloak And Dagger","floor":12},{"not_picked":["Outmaneuver","Quick Slash","Prepared"],"picked":"Terror","floor":12},{"not_picked":["Flying Knee","Poisoned Stab","Prepared"],"picked":"Dodge and Roll","floor":14},{"not_picked":["Tactician","Quick Slash","Deadly Poison"],"picked":"Deflect","floor":14},{"not_picked":["A Thousand Cuts","Phantasmal Killer","Doppelganger"],"picked":"After Image","floor":16},{"not_picked":["Tactician"],"picked":"Poisoned Stab+1","floor":18},{"not_picked":["Blade Dance"],"picked":"Deflect","floor":18},{"not_picked":["Choke+1"],"picked":"Terror+1","floor":20},{"not_picked":["Underhanded Strike"],"picked":"Catalyst","floor":20},{"not_picked":["Flying Knee"],"picked":"Accuracy","floor":27},{"not_picked":["Reflex"],"picked":"Blur","floor":27},{"not_picked":["Slice"],"picked":"Crippling Poison","floor":29},{"not_picked":["Slice+1"],"picked":"Bane","floor":29},{"not_picked":["Poisoned Stab"],"picked":"Backflip","floor":31},{"not_picked":["Tools of the Trade"],"picked":"Burst","floor":33},{"not_picked":["Skewer"],"picked":"Sucker Punch+1","floor":35},{"not_picked":["Poisoned Stab"],"picked":"Blade Dance","floor":35},{"not_picked":["Sucker Punch"],"picked":"Infinite Blades+1","floor":37},{"not_picked":["Acrobatics+1"],"picked":"Slice","floor":37},{"not_picked":["Glass Knife"],"picked":"Infinite Blades","floor":38},{"not_picked":["Setup"],"picked":"Bane+1","floor":38},{"not_picked":["Bane"],"picked":"PiercingWail","floor":39},{"not_picked":["Cloak And Dagger"],"picked":"Deflect+1","floor":39},{"not_picked":["Underhanded Strike+1"],"picked":"Blur","floor":41},{"not_picked":["Riddle With Holes"],"picked":"Sucker Punch+1","floor":41},{"not_picked":["Bane"],"picked":"Heel Hook+1","floor":42},{"not_picked":["Blade Dance"],"picked":"Accuracy","floor":44},{"not_picked":["Poisoned Stab"],"picked":"Blade Dance+1","floor":44},{"not_picked":["Outmaneuver"],"picked":"Deflect","floor":47},{"not_picked":["Underhanded Strike","Outmaneuver"],"picked":"SKIP","floor":47}],"player_experience":161233,"relics_obtained":[{"floor":7,"key":"Mummified Hand"},{"floor":8,"key":"Question Card"},{"floor":9,"key":"Matryoshka"},{"floor":22,"key":"Paper Crane"},{"floor":22,"key":"Juzu Bracelet"},{"floor":26,"key":"Bronze Scales"},{"floor":26,"key":"Blood Vial"},{"floor":28,"key":"Vajra"},{"floor":31,"key":"Darkstone Periapt"},{"floor":42,"key":"Ginger"},{"floor":43,"key":"Pear"}],"event_choices":[{"event_name":"Living Wall","player_choice":"Grow","floor":2,"damage_taken":0},{"event_name":"Dead Adventurer","player_choice":"Searched \u00271\u0027 times","floor":8,"damage_taken":0},{"event_name":"Shining Light","player_choice":"Ignored","floor":11,"damage_taken":0},{"event_name":"The Library","player_choice":"Read","floor":19,"damage_taken":0},{"event_name":"Beggar","player_choice":"Ignored","floor":21,"damage_taken":0},{"event_name":"Accursed Blacksmith","player_choice":"Rummage","floor":36,"damage_taken":0},{"event_name":"MindBloom","player_choice":"Fight","floor":42,"damage_taken":0}],"is_beta":false,"boss_relics":[{"not_picked":["Runic Dome","Sozu"],"picked":"Busted Crown"},{"not_picked":["Eternal Feather","Orrery"],"picked":"WristBlade"}],"items_purged_floors":[45],"is_endless":false,"potions_floor_spawned":[1,8,14,16,27,33,35,37,41,44],"ascension_level":6}