{"gold_per_floor":[110,110,125,125,143,177,177,192,192,210,229,7,22,37,37,132,132,145,245,245,7,7,7,40,40,112,125,125,45,58,75,75,179,179,195,62,79,90,90,124,124,61,136,191,191,206,226,0,0,0],"floor_reached":51,"playtime":3487,"items_purged":["Well Laid Plans","Decay"],"score":918,"play_id":"80651b10-b042-4ebb-aacd-f27e1447e6f0","local_time":"20180910141606","is_ascension_mode":true,"campfire_choices":[{"floor":7,"key":"REST"},{"floor":15,"key":"REST"},{"floor":23,"key":"REST"},{"floor":25,"key":"REST"},{"floor":32,"key":"REST"},{"floor":41,"key":"REST"},{"floor":45,"key":"REST"},{"floor":49,"key":"REST"}],"neow_cost":"","seed_source_timestamp":2275529167528426,"circlet_count":0,"master_deck":["Defend_G","Defend_G","Defend_G","Defend_G","Defend_G","Strike_G","Strike_G","Strike_G","Strike_G+1","Strike_G","Survivor","Neutralize+1","PiercingWail","Backflip","Heel Hook+1","Crippling Poison","Caltrops","PiercingWail","Apotheosis","Blind","Catalyst","Die Die Die","Corpse Explosion","Quick Slash+1","Backstab","Deflect","Deadly Poison","Catalyst+1","Dodge and Roll","Blur","Blur","Die Die Die","Blade Dance+1","Bandage Up","Bouncing Flask","Backflip","Caltrops","Poisoned Stab+1","Noxious Fumes","Infinite Blades","Cloak And Dagger+1","Noxious Fumes+1","Dodge and Roll+1"],"relics":["Ring of the Snake","Paper Crane","Letter Opener","The Courier","Runic Pyramid","FossilizedHelix","Question Card","CultistMask","Bag of Marbles","Bronze Scales","Matryoshka","HoveringKite","Mango","Omamori","Whetstone","Bottled Flame","Ginger","Red Mask"],"potions_floor_usage":[16,19,19,19,27,44,50],"damage_taken":[{"damage":0,"enemies":"Jaw Worm","floor":1,"turns":5},{"damage":0,"enemies":"Small Slimes","floor":3,"turns":4},{"damage":0,"enemies":"Cultist","floor":5,"turns":5},{"damage":22,"enemies":"Gremlin Nob","floor":6,"turns":6},{"damage":1,"enemies":"Looter","floor":8,"turns":3},{"damage":0,"enemies":"Blue Slaver","floor":10,"turns":5},{"damage":0,"enemies":"Red Slaver","floor":11,"turns":5},{"damage":6,"enemies":"Lots of Slimes","floor":13,"turns":3},{"damage":4,"enemies":"Exordium Thugs","floor":14,"turns":5},{"damage":8,"enemies":"The Guardian","floor":16,"turns":10},{"damage":16,"enemies":"Shell Parasite","floor":18,"turns":6},{"damage":6,"enemies":"Colosseum Slavers","floor":19,"turns":5},{"damage":35,"enemies":"Colosseum Nobs","floor":19,"turns":4},{"damage":4,"enemies":"Book of Stabbing","floor":24,"turns":4},{"damage":0,"enemies":"2 Thieves","floor":27,"turns":3},{"damage":0,"enemies":"Centurion and Healer","floor":30,"turns":5},{"damage":0,"enemies":"Chosen and Byrds","floor":31,"turns":5},{"damage":30,"enemies":"Champ","floor":33,"turns":14},{"damage":3,"enemies":"3 Shapes","floor":35,"turns":3},{"damage":7,"enemies":"Orb Walker","floor":37,"turns":4},{"damage":0,"enemies":"Maw","floor":38,"turns":6},{"damage":0,"enemies":"Mind Bloom Boss Battle","floor":39,"turns":5},{"damage":49,"enemies":"Giant Head","floor":40,"turns":8},{"damage":13,"enemies":"Mysterious Sphere","floor":44,"turns":3},{"damage":25,"enemies":"Reptomancer","floor":46,"turns":5},{"damage":6,"enemies":"4 Shapes","floor":47,"turns":2},{"damage":49,"enemies":"Time Eater","floor":50,"turns":10}],"seed_played":"330158761978103629","potions_obtained":[{"floor":3,"key":"Explosive Potion"},{"floor":8,"key":"Energy Potion"},{"floor":13,"key":"Poison Potion"},{"floor":18,"key":"EssenceOfSteel"},{"floor":19,"key":"SpeedPotion"},{"floor":24,"key":"SkillPotion"},{"floor":27,"key":"SneckoOil"},{"floor":37,"key":"Explosive Potion"},{"floor":39,"key":"Dexterity Potion"},{"floor":44,"key":"LiquidBronze"},{"floor":47,"key":"GamblersBrew"}],"is_trial":false,"path_per_floor":["M","?","M","?","M","E","R","M","T","M","M","$","M","M","R","B",null,"M","?","?","$","$","R","E","R","T","M","?","$","M","M","R","B",null,"M","$","M","M","?","E","R","$","T","?","R","M","M","?","R","B"],"character_chosen":"THE_SILENT","items_purchased":["Apotheosis","Blind","Deflect","Deadly Poison","Bag of Marbles","Bandage Up","Bouncing Flask","Infinite Blades"],"campfire_rested":8,"item_purchase_floors":[12,12,21,21,21,36,36,42],"current_hp_per_floor":[70,52,52,52,52,30,51,50,50,50,50,50,44,40,61,53,66,50,9,9,9,9,30,26,47,47,47,47,47,47,47,68,38,62,59,59,56,62,80,35,60,60,60,47,72,47,41,41,66,23],"gold":0,"neow_bonus":"","is_prod":false,"is_daily":false,"chose_seed":false,"campfire_upgraded":0,"win_rate":0,"timestamp":1536603366,"path_taken":["M","?","M","?","?","E","R","M","T","?","M","?","M","M","R","BOSS","M","?","?","?","$","R","E","R","T","M","?","$","?","M","R","BOSS","M","?","M","M","?","E","R","$","T","?","R","M","?","?","R","BOSS"],"build_version":"2018-09-06","purchased_purges":2,"victory":true,"max_hp_per_floor":[70,70,70,70,70,70,70,70,70,70,70,70,70,70,70,70,70,70,70,70,70,70,70,70,70,70,70,70,70,70,70,70,70,70,70,70,70,70,84,84,84,84,84,84,84,84,84,84,84,84],"card_choices":[{"not_picked":["Bane","Slice"],"picked":"PiercingWail","floor":1},{"not_picked":["Underhanded Strike","Quick Slash"],"picked":"Backflip","floor":3},{"not_picked":["Bane","Flying Knee"],"picked":"Heel Hook","floor":5},{"not_picked":["Setup","Reflex"],"picked":"Well Laid Plans","floor":6},{"not_picked":["Dagger Spray","Blade Dance"],"picked":"Crippling Poison","floor":8},{"not_picked":["Cloak And Dagger","Slice"],"picked":"Caltrops","floor":10},{"not_picked":["Flying Knee","Setup"],"picked":"PiercingWail","floor":11},{"not_picked":["Crippling Poison","Prepared"],"picked":"Catalyst","floor":13},{"not_picked":["Well Laid Plans","Acrobatics"],"picked":"Die Die Die","floor":14},{"not_picked":["Die Die Die","Grand Finale"],"picked":"Corpse Explosion","floor":16},{"not_picked":["Prepared","Dagger Spray"],"picked":"Quick Slash+1","floor":18},{"not_picked":["Bane","Riddle With Holes"],"picked":"Backstab","floor":19},{"not_picked":["Expertise","Tools of the Trade","Deflect"],"picked":"Catalyst+1","floor":24},{"not_picked":["Well Laid Plans","Poisoned Stab","Cloak And Dagger+1"],"picked":"Dodge and Roll","floor":27},{"not_picked":["Cloak And Dagger+1","Concentrate","Caltrops+1"],"picked":"Blur","floor":30},{"not_picked":["Prepared","Dodge and Roll","Backflip+1"],"picked":"Blur","floor":31},{"not_picked":["Glass Knife","Grand Finale","Night Terror"],"picked":"Die Die Die","floor":33},{"not_picked":["Distraction","Backflip+1","PiercingWail"],"picked":"Blade Dance+1","floor":35},{"not_picked":["Outmaneuver","Dagger Throw","Choke"],"picked":"Backflip","floor":37},{"not_picked":["Dagger Spray+1","Poisoned Stab+1","Dagger Throw+1"],"picked":"Caltrops","floor":38},{"not_picked":["Acrobatics","Outmaneuver","Dagger Spray+1"],"picked":"Poisoned Stab+1","floor":39},{"not_picked":["Blur+1","A Thousand Cuts","Prepared+1"],"picked":"Noxious Fumes","floor":40},{"not_picked":["Deadly Poison+1","Outmaneuver+1","Underhanded Strike"],"picked":"Cloak And Dagger+1","floor":44},{"not_picked":["Dagger Spray","Crippling Poison","Acrobatics+1"],"picked":"Noxious Fumes+1","floor":46},{"not_picked":["Prepared+1","Deadly Poison","Quick Slash+1"],"picked":"Dodge and Roll+1","floor":47}],"player_experience":157746,"relics_obtained":[{"floor":6,"key":"Letter Opener"},{"floor":9,"key":"The Courier"},{"floor":19,"key":"FossilizedHelix"},{"floor":19,"key":"Question Card"},{"floor":24,"key":"Bronze Scales"},{"floor":26,"key":"Matryoshka"},{"floor":39,"key":"Mango"},{"floor":40,"key":"Omamori"},{"floor":43,"key":"Whetstone"},{"floor":43,"key":"Bottled Flame"},{"floor":44,"key":"Ginger"}],"event_choices":[{"event_name":"Scrap Ooze","player_choice":"success","floor":2,"damage_taken":18},{"event_name":"Living Wall","player_choice":"Grow","floor":4,"damage_taken":0},{"event_name":"Colosseum","player_choice":"Fight","floor":19,"damage_taken":0},{"event_name":"Colosseum","player_choice":"Fought Nobs","floor":19,"damage_taken":0},{"event_name":"FaceTrader","player_choice":"Trade","floor":20,"damage_taken":0},{"event_name":"Wheel of Change","player_choice":"Curse","floor":28,"damage_taken":0},{"event_name":"MindBloom","player_choice":"Fight","floor":39,"damage_taken":0},{"event_name":"Mysterious Sphere","player_choice":"Fight","floor":44,"damage_taken":0},{"event_name":"Tomb of Lord Red Mask","player_choice":"Paid","floor":48,"damage_taken":0}],"is_beta":false,"boss_relics":[{"not_picked":["Eternal Feather","Coffee Dripper"],"picked":"Runic Pyramid"},{"not_picked":["Calling Bell","Busted Crown"],"picked":"HoveringKite"}],"items_purged_floors":[21,29],"is_endless":false,"potions_floor_spawned":[3,8,13,18,19,24,27,37,39,44,47],"ascension_level":5}