{"gold_per_floor":[109,109,109,59,59,59,86,86,165,181,211,211,231,231,231,231],"floor_reached":16,"playtime":796,"items_purged":[],"score":210,"play_id":"fbf2ce7a-02d4-4b08-b85d-ec8efaf64386","local_time":"20190126104730","is_ascension_mode":true,"campfire_choices":[{"data":"Neutralize","floor":6,"key":"SMITH"},{"data":"Infinite Blades","floor":8,"key":"SMITH"},{"floor":12,"key":"REST"},{"data":"Blur","floor":15,"key":"SMITH"}],"neow_cost":"NONE","seed_source_timestamp":3854037376414963,"circlet_count":0,"master_deck":["AscendersBane","Defend_G","Defend_G","Defend_G","Defend_G","Strike_G","Strike_G","Strike_G","Strike_G","Survivor","Neutralize+1","PiercingWail","Infinite Blades+1","Well Laid Plans+1","Blur+1","Acrobatics"],"relics":["Ring of the Snake","NeowsBlessing","The Courier","Dream Catcher","Bottled Flame","Sundial"],"potions_floor_usage":[11,11],"damage_taken":[{"damage":0,"enemies":"Cultist","floor":1,"turns":1},{"damage":0,"enemies":"3 Sentries","floor":7,"turns":2},{"damage":0,"enemies":"Small Slimes","floor":10,"turns":1},{"damage":25,"enemies":"Gremlin Nob","floor":11,"turns":5},{"damage":2,"enemies":"2 Louse","floor":13,"turns":3},{"damage":60,"enemies":"Hexaghost","floor":16,"turns":17}],"seed_played":"-7284491627380570129","potions_obtained":[{"floor":1,"key":"Swift Potion"},{"floor":10,"key":"GhostInAJar"},{"floor":11,"key":"Fire Potion"}],"is_trial":false,"path_per_floor":["M","T","?","?","?","R","E","R","T","M","E","R","M","?","R","B"],"character_chosen":"THE_SILENT","items_purchased":[],"campfire_rested":1,"item_purchase_floors":[],"current_hp_per_floor":[63,63,63,63,63,63,63,63,63,63,38,59,57,57,57,0],"gold":231,"neow_bonus":"THREE_ENEMY_KILL","is_prod":false,"is_daily":false,"chose_seed":false,"campfire_upgraded":3,"win_rate":0,"timestamp":1548517650,"path_taken":["M","?","?","?","?","R","E","R","T","M","E","R","M","?","R","BOSS"],"build_version":"2019-01-23","purchased_purges":0,"victory":false,"max_hp_per_floor":[70,70,70,70,70,70,70,70,70,70,70,70,70,70,70,70],"card_choices":[{"not_picked":["Dagger Throw","Bane"],"picked":"PiercingWail","floor":1},{"not_picked":["Slice","Tactician"],"picked":"Infinite Blades","floor":7},{"not_picked":["Quick Slash","Outmaneuver"],"picked":"Well Laid Plans","floor":10},{"not_picked":["Sucker Punch","Underhanded Strike"],"picked":"Blur","floor":11},{"not_picked":["Expertise","Riddle With Holes"],"picked":"Acrobatics","floor":12},{"not_picked":["Underhanded Strike","Well Laid Plans","Bane"],"picked":"SKIP","floor":13}],"player_experience":771133,"relics_obtained":[{"floor":2,"key":"The Courier"},{"floor":7,"key":"Dream Catcher"},{"floor":9,"key":"Bottled Flame"},{"floor":11,"key":"Sundial"}],"event_choices":[{"cards_removed":["Strike_G"],"damage_healed":0,"gold_gain":0,"player_choice":"Forget","damage_taken":0,"max_hp_gain":0,"max_hp_loss":0,"event_name":"Living Wall","floor":3,"gold_loss":0},{"cards_removed":["Defend_G"],"damage_healed":0,"gold_gain":0,"player_choice":"Card Removal","damage_taken":0,"max_hp_gain":0,"max_hp_loss":0,"event_name":"The Cleric","floor":4,"gold_loss":50},{"damage_healed":0,"gold_gain":0,"player_choice":"Ignored","damage_taken":0,"max_hp_gain":0,"max_hp_loss":0,"event_name":"Liars Game","floor":5,"gold_loss":0},{"damage_healed":0,"gold_gain":0,"player_choice":"Forge","damage_taken":0,"max_hp_gain":0,"max_hp_loss":0,"event_name":"Accursed Blacksmith","floor":14,"gold_loss":0,"cards_upgraded":["Well Laid Plans"]}],"is_beta":false,"boss_relics":[],"items_purged_floors":[],"is_endless":false,"potions_floor_spawned":[1,10,11],"killed_by":"Hexaghost","ascension_level":12}