{"gold_per_floor":[14,28,42,58,58,58,89,89,116,143,154,64,64,34,34,108,108,127,127,143,68,82,82,94,94,117,146,146,160,160,195,195,270,270,290,72,88,4,4,4,32,32,56,83,133,143,161,383,383,383,383],"floor_reached":51,"playtime":2440,"items_purged":["Strike_B"],"score":1466,"play_id":"bd046fa2-4948-4633-8355-aa377f0bd879","local_time":"20190223053033","is_ascension_mode":true,"campfire_choices":[{"data":"Defragment","floor":6.0,"key":"SMITH"},{"data":"Go for the Eyes","floor":8.0,"key":"SMITH"},{"data":"Defragment","floor":15.0,"key":"SMITH"},{"data":"Amplify","floor":23.0,"key":"SMITH"},{"data":"Storm","floor":25.0,"key":"SMITH"},{"data":"Defragment","floor":30.0,"key":"SMITH"},{"data":"Seek","floor":32.0,"key":"SMITH"},{"data":"Storm","floor":40.0,"key":"SMITH"},{"data":"Capacitor","floor":42.0,"key":"SMITH"},{"floor":49.0,"key":"RECALL"}],"neow_cost":"NO_GOLD","seed_source_timestamp":0,"circlet_count":0,"master_deck":["AscendersBane","Strike_B","Defend_B","Defend_B","Defend_B","Defend_B","Zap","Dualcast","Defragment+1","Rip and Tear","Go for the Eyes+1","Cold Snap","Capacitor+1","Seek+1","Leap","Go for the Eyes","BootSequence","Defragment+1","Amplify+1","Coolheaded","Storm+1","White Noise","Biased Cognition","Defragment+1","Creative AI","Storm+1","Hologram","Heatsinks","Cold Snap","Self Repair","Heatsinks"],"special_seed":0,"relics":["Cracked Core","Juzu Bracelet","PreservedInsect","Bronze Scales","Boot","Coffee Dripper","Strawberry","DataDisk","Red Mask","Runic Dome","Prayer Wheel","Toxic Egg 2"],"potions_floor_usage":[],"damage_taken":[{"damage":7.0,"enemies":"Small Slimes","floor":1.0,"turns":3.0},{"damage":7.0,"enemies":"Jaw Worm","floor":2.0,"turns":3.0},{"damage":0.0,"enemies":"Cultist","floor":3.0,"turns":3.0},{"damage":3.0,"enemies":"2 Fungi Beasts","floor":4.0,"turns":2.0},{"damage":13.0,"enemies":"3 Sentries","floor":7.0,"turns":6.0},{"damage":21.0,"enemies":"Gremlin Nob","floor":10.0,"turns":4.0},{"damage":1.0,"enemies":"3 Louse","floor":11.0,"turns":2.0},{"damage":0.0,"enemies":"Slime Boss","floor":16.0,"turns":10.0},{"damage":2.0,"enemies":"Chosen","floor":18.0,"turns":5.0},{"damage":13.0,"enemies":"2 Thieves","floor":20.0,"turns":4.0},{"damage":5.0,"enemies":"3 Cultists","floor":22.0,"turns":4.0},{"damage":0.0,"enemies":"Snake Plant","floor":24.0,"turns":3.0},{"damage":14.0,"enemies":"Book of Stabbing","floor":27.0,"turns":3.0},{"damage":4.0,"enemies":"Centurion and Healer","floor":29.0,"turns":2.0},{"damage":0.0,"enemies":"Masked Bandits","floor":31.0,"turns":2.0},{"damage":6.0,"enemies":"Champ","floor":33.0,"turns":13.0},{"damage":0.0,"enemies":"3 Shapes","floor":35.0,"turns":2.0},{"damage":17.0,"enemies":"3 Darklings","floor":37.0,"turns":4.0},{"damage":8.0,"enemies":"Reptomancer","floor":41.0,"turns":4.0},{"damage":1.0,"enemies":"Giant Head","floor":44.0,"turns":3.0},{"damage":0.0,"enemies":"Transient","floor":46.0,"turns":6.0},{"damage":4.0,"enemies":"Sphere and 2 Shapes","floor":47.0,"turns":3.0},{"damage":33.0,"enemies":"Donu and Deca","floor":50.0,"turns":4.0},{"damage":45,"enemies":"Time Eater","floor":51,"turns":2}],"seed_played":"1638625576546875303","potions_obtained":[{"floor":2.0,"key":"Explosive Potion"},{"floor":3.0,"key":"Explosive Potion"},{"floor":7.0,"key":"EssenceOfSteel"},{"floor":11.0,"key":"SpeedPotion"},{"floor":14.0,"key":"Block Potion"},{"floor":20.0,"key":"GamblersBrew"},{"floor":22.0,"key":"Fruit Juice"},{"floor":31.0,"key":"SkillPotion"},{"floor":37.0,"key":"Energy Potion"},{"floor":41.0,"key":"GamblersBrew"}],"is_trial":false,"path_per_floor":["M","M","M","M","?","R","E","R","T","E","M","$","?","?","R","B",null,"M","?","M","$","M","R","M","R","T","E","?","M","R","?","R","B",null,"M","$","M","$","?","R","E","R","T","E","?","M","M","?","R","B","B"],"character_chosen":"DEFECT","items_purchased":["Defragment","Storm","Storm","Hologram","Heatsinks"],"campfire_rested":0,"item_purchase_floors":[12,21,36,36,38],"current_hp_per_floor":[57,50,50,47,36,36,23,23,23,2,1,1,1,1,1,1,54,52,32,19,19,19,19,19,19,26,12,12,8,8,8,8,2,67,67,67,50,50,50,50,42,42,42,41,41,41,37,37,37,11,0],"gold":383,"neow_bonus":"TRANSFORM_TWO_CARDS","is_prod":false,"is_daily":false,"chose_seed":false,"campfire_upgraded":9,"win_rate":0,"timestamp":1550896233,"path_taken":["M","M","M","M","?","R","E","R","T","E","M","$","?","?","R","BOSS","M","?","M","$","M","R","M","R","T","E","?","M","R","?","R","BOSS","M","$","M","$","?","R","E","R","T","E","?","M","M","?","R","BOSS","BOSS"],"build_version":"2019-02-06","purchased_purges":1,"victory":false,"max_hp_per_floor":[71,71,71,71,71,71,71,71,71,71,71,71,71,71,71,71,71,71,76,76,76,81,81,81,81,88,88,88,88,88,88,88,88,88,88,88,88,88,88,88,88,88,88,88,88,88,88,88,88,88,88],"card_choices":[{"not_picked":["Compile Driver","Blizzard"],"picked":"Go for the Eyes","floor":1.0},{"not_picked":["Beam Cell","Sweeping Beam"],"picked":"Cold Snap","floor":2.0},{"not_picked":["Ball Lightning","Hologram"],"picked":"Capacitor","floor":3.0},{"not_picked":["Turbo","Streamline"],"picked":"Seek","floor":4.0},{"not_picked":["Multi-Cast","Go for the Eyes"],"picked":"Leap","floor":7.0},{"not_picked":["Turbo","Redo"],"picked":"Go for the Eyes","floor":10.0},{"not_picked":["Streamline","Undo"],"picked":"BootSequence","floor":11.0},{"not_picked":["Hyperbeam","Rainbow"],"picked":"Amplify","floor":16.0},{"not_picked":["Blizzard","Conserve Battery","Ball Lightning"],"picked":"SKIP","floor":18.0},{"not_picked":["Melter","Loop"],"picked":"Coolheaded","floor":20.0},{"not_picked":["Hologram","Genetic Algorithm+1"],"picked":"White Noise","floor":22.0},{"not_picked":["Gash","Melter+1","Streamline"],"picked":"SKIP","floor":24.0},{"not_picked":["Gash","Force Field"],"picked":"Biased Cognition","floor":27.0},{"not_picked":["Static Discharge","Rebound"],"picked":"Defragment","floor":29.0},{"not_picked":["Reboot","All For One"],"picked":"Creative AI","floor":33.0},{"not_picked":["Stack+1","Rebound","Double Energy+1"],"picked":"SKIP","floor":35.0},{"not_picked":["Cold Snap","Steam+1","Redo"],"picked":"SKIP","floor":37.0},{"not_picked":["Auto Shields","Redo+1","Stack"],"picked":"SKIP","floor":41.0},{"not_picked":["Rip and Tear","Leap+1"],"picked":"Cold Snap","floor":44.0},{"not_picked":["Steam+1","Chaos+1"],"picked":"Self Repair","floor":46.0},{"not_picked":["Coolheaded+1","Turbo+1"],"picked":"Heatsinks","floor":46.0},{"not_picked":["Stack+1","Redo+1","Compile Driver"],"picked":"SKIP","floor":47.0},{"not_picked":["Go for the Eyes+1","Cold Snap","Scrape"],"picked":"SKIP","floor":47.0}],"player_experience":1233758,"relics_obtained":[{"floor":7.0,"key":"PreservedInsect"},{"floor":9.0,"key":"Bronze Scales"},{"floor":10.0,"key":"Boot"},{"floor":26.0,"key":"Strawberry"},{"floor":27.0,"key":"DataDisk"},{"floor":31.0,"key":"Red Mask"},{"floor":41.0,"key":"Prayer Wheel"},{"floor":44.0,"key":"Toxic Egg 2"}],"event_choices":[{"damage_healed":0.0,"max_hp_gain":0.0,"max_hp_loss":0.0,"gold_gain":0.0,"event_name":"Scrap Ooze","player_choice":"Success","floor":5.0,"gold_loss":0.0,"damage_taken":11.0,"relics_obtained":["Juzu Bracelet"]},{"damage_healed":0.0,"max_hp_gain":0.0,"max_hp_loss":0.0,"gold_gain":0.0,"event_name":"Liars Game","player_choice":"Ignored","floor":13.0,"gold_loss":0.0,"damage_taken":0.0},{"damage_healed":0.0,"max_hp_gain":0.0,"max_hp_loss":0.0,"gold_gain":0.0,"event_name":"The Woman in Blue","player_choice":"Bought 2 Potions","floor":14.0,"gold_loss":0.0,"damage_taken":0.0},{"damage_healed":0.0,"max_hp_gain":5.0,"max_hp_loss":0.0,"gold_gain":0.0,"event_name":"Forgotten Altar","player_choice":"Shed Blood","floor":19.0,"gold_loss":0.0,"damage_taken":25.0},{"damage_healed":0.0,"max_hp_gain":0.0,"max_hp_loss":0.0,"gold_gain":0.0,"event_name":"The Mausoleum","player_choice":"Ignored","floor":28.0,"gold_loss":0.0,"damage_taken":0.0},{"damage_healed":0.0,"max_hp_gain":0.0,"max_hp_loss":0.0,"gold_gain":0.0,"event_name":"Masked Bandits","player_choice":"Fought Bandits","floor":31.0,"gold_loss":0.0,"damage_taken":0.0},{"damage_healed":0.0,"max_hp_gain":0.0,"max_hp_loss":0.0,"gold_gain":0.0,"event_name":"SensoryStone","player_choice":"Memory 1","floor":39.0,"gold_loss":0.0,"damage_taken":0.0},{"damage_healed":0.0,"max_hp_gain":0.0,"max_hp_loss":0.0,"gold_gain":50.0,"event_name":"Golden Shrine","player_choice":"Pray","floor":45.0,"gold_loss":0.0,"damage_taken":0.0},{"damage_healed":0.0,"max_hp_gain":0.0,"max_hp_loss":0.0,"gold_gain":222.0,"event_name":"Tomb of Lord Red Mask","player_choice":"Wore Mask","floor":48.0,"gold_loss":0.0,"damage_taken":0.0}],"is_beta":true,"boss_relics":[{"not_picked":["Eternal Feather","Sozu"],"picked":"Coffee Dripper"},{"not_picked":["Cursed Key","Calling Bell"],"picked":"Runic Dome"}],"items_purged_floors":[36],"is_endless":false,"potions_floor_spawned":[2,3,7,11,20,22,31,37,41,47],"killed_by":"Time Eater","ascension_level":20}