{"gold_per_floor":[113,129,145,145,160,187,187,199,199,232,155,168,188,199,199,296,296,311,326,338,191,210,210,210,65,90,100,100,100,5,5,5,105,105,121,139,152,152,152,152,8,8,8,62,81,81],"floor_reached":46,"playtime":3734,"items_purged":["Pain"],"score":609,"play_id":"6d52efa3-6b5d-470d-9d09-8a8f24fc63c2","local_time":"20180718163043","is_ascension_mode":false,"campfire_choices":[{"floor":15,"key":"REST"},{"floor":23,"key":"REST"},{"floor":28,"key":"REST"},{"floor":32,"key":"REST"},{"floor":40,"key":"REST"},{"floor":42,"key":"REST"}],"neow_cost":"","seed_source_timestamp":559436493189732,"circlet_count":0,"master_deck":["Survivor","Neutralize","Malaise","Backstab","A Thousand Cuts","Dagger Spray","Die Die Die","Noxious Fumes","Unload","Well Laid Plans","Poisoned Stab","Flying Knee","Footwork","Wraith Form v2","Reflex","Outmaneuver","Outmaneuver","Dagger Spray","Bane","PiercingWail","Outmaneuver","Dagger Spray","Bane","Backstab","Noxious Fumes","Bane","Dodge and Roll","Finesse","Dodge and Roll","After Image","Expertise+1","Caltrops+1","Flash of Steel","Mind Blast","Predator","Corpse Explosion","Quick Slash+1","Noxious Fumes","Flying Knee+1","Deflect+1","Expertise+1","Backstab","Quick Slash+1","Poisoned Stab","Acrobatics"],"relics":["Ring of the Snake","Shuriken","Peace Pipe","Matryoshka","Pandora\u0027s Box","Anchor","Dream Catcher","Oddly Smooth Stone","Art of War","Busted Crown","Tingsha","Paper Crane","Tough Bandages"],"potions_floor_usage":[16],"damage_taken":[{"damage":1,"enemies":"Jaw Worm","floor":1,"turns":5},{"damage":0,"enemies":"2 Louse","floor":2,"turns":4},{"damage":0,"enemies":"Small Slimes","floor":3,"turns":5},{"damage":4,"enemies":"Blue Slaver","floor":5,"turns":5},{"damage":24,"enemies":"Lagavulin","floor":6,"turns":10},{"damage":0,"enemies":"Exordium Wildlife","floor":8,"turns":2},{"damage":11,"enemies":"3 Sentries","floor":10,"turns":3},{"damage":1,"enemies":"Exordium Thugs","floor":12,"turns":3},{"damage":2,"enemies":"Looter","floor":13,"turns":3},{"damage":7,"enemies":"Blue Slaver","floor":14,"turns":4},{"damage":22,"enemies":"The Guardian","floor":16,"turns":9},{"damage":22,"enemies":"2 Thieves","floor":18,"turns":3},{"damage":5,"enemies":"3 Byrds","floor":19,"turns":3},{"damage":24,"enemies":"Snake Plant","floor":20,"turns":3},{"damage":14,"enemies":"Centurion and Healer","floor":22,"turns":5},{"damage":14,"enemies":"Snecko","floor":27,"turns":5},{"damage":60,"enemies":"Collector","floor":33,"turns":9},{"damage":16,"enemies":"3 Darklings","floor":35,"turns":6},{"damage":7,"enemies":"3 Shapes","floor":36,"turns":3},{"damage":5,"enemies":"Maw","floor":37,"turns":8},{"damage":19,"floor":39,"turns":6},{"damage":4,"floor":44,"turns":6},{"damage":36,"enemies":"Transient","floor":45,"turns":5},{"damage":26,"enemies":"Spire Growth","floor":46,"turns":4}],"seed_played":"7136311465340971343","potions_obtained":[{"floor":1,"key":"SmokeBomb"},{"floor":3,"key":"SteroidPotion"},{"floor":13,"key":"Dexterity Potion"},{"floor":14,"key":"Fire Potion"},{"floor":16,"key":"Strength Potion"},{"floor":27,"key":"GhostInAJar"}],"is_trial":false,"path_per_floor":["M","M","M","?","M","E","?","M","T","E","$","M","M","M","R","B",null,"M","M","M","$","M","R","?","$","T","M","R","?","$","T","R","B",null,"M","M","M","?","?","R","$","R","T","?","M"],"character_chosen":"THE_SILENT","items_purchased":["Well Laid Plans","Dodge and Roll","Finesse","After Image","Mind Blast","Backstab"],"campfire_rested":6,"item_purchase_floors":[11,21,21,25,30,41],"current_hp_per_floor":[69,69,69,69,65,41,41,41,41,30,30,29,27,20,41,19,70,48,43,19,19,5,26,49,49,49,35,56,56,56,56,70,10,70,54,47,42,42,23,44,44,65,65,61,25,0],"gold":81,"neow_bonus":"","is_prod":false,"is_daily":false,"chose_seed":false,"campfire_upgraded":0,"win_rate":0,"timestamp":1531945843,"path_taken":["M","M","M","?","M","E","?","M","T","E","$","M","M","M","R","BOSS","M","M","M","$","M","R","?","$","T","?","R","?","?","?","R","BOSS","M","M","M","?","?","R","$","R","T","?","?","M"],"build_version":"2018-07-12","purchased_purges":1,"victory":false,"max_hp_per_floor":[70,70,70,70,70,70,70,70,70,70,70,70,70,70,70,70,70,70,70,70,70,70,70,70,70,70,70,70,70,70,70,70,70,70,70,70,70,70,70,70,70,70,70,70,70,70],"card_choices":[{"not_picked":["Dagger Throw","Prepared"],"picked":"Malaise","floor":1},{"not_picked":["Quick Slash","Sucker Punch"],"picked":"Backstab","floor":2},{"not_picked":["Deadly Poison","Underhanded Strike"],"picked":"A Thousand Cuts","floor":3},{"not_picked":["Dagger Throw","Deadly Poison"],"picked":"Dagger Spray","floor":5},{"not_picked":["Sucker Punch","Distraction"],"picked":"Die Die Die","floor":6},{"not_picked":["Underhanded Strike","Bane"],"picked":"Noxious Fumes","floor":8},{"not_picked":["Heel Hook","Endless Agony"],"picked":"Unload","floor":10},{"not_picked":["Dagger Throw","Deflect"],"picked":"Poisoned Stab","floor":12},{"not_picked":["Dagger Throw","Deflect"],"picked":"Flying Knee","floor":13},{"not_picked":["Poisoned Stab","Calculated Gamble"],"picked":"Footwork","floor":14},{"not_picked":["Unload","Storm of Steel"],"picked":"Wraith Form v2","floor":16},{"not_picked":["Malaise","Slice+1"],"picked":"Noxious Fumes","floor":18},{"not_picked":["Prepared","Poisoned Stab"],"picked":"Bane","floor":19},{"not_picked":["Unload","Deflect"],"picked":"Backflip","floor":20},{"not_picked":["PiercingWail","Reflex"],"picked":"Dodge and Roll","floor":22},{"not_picked":["Endless Agony+1","Caltrops"],"picked":"Expertise+1","floor":27},{"not_picked":["Dagger Throw+1","Infinite Blades"],"picked":"Caltrops+1","floor":28},{"not_picked":["Bane","Dagger Spray"],"picked":"Predator","floor":32},{"not_picked":["Tools of the Trade","Adrenaline"],"picked":"Corpse Explosion","floor":33},{"not_picked":[],"picked":"Quick Slash+1","floor":35},{"not_picked":[],"picked":"Noxious Fumes","floor":36},{"not_picked":[],"picked":"Flying Knee+1","floor":37},{"not_picked":[],"picked":"Deflect+1","floor":39},{"not_picked":[],"picked":"Expertise+1","floor":40},{"not_picked":[],"picked":"Quick Slash+1","floor":42},{"not_picked":[],"picked":"Poisoned Stab","floor":44},{"not_picked":[],"picked":"Acrobatics","floor":45}],"player_experience":39811,"relics_obtained":[{"floor":6,"key":"Shuriken"},{"floor":9,"key":"Peace Pipe"},{"floor":10,"key":"Matryoshka"},{"floor":26,"key":"Anchor"},{"floor":26,"key":"Dream Catcher"},{"floor":31,"key":"Oddly Smooth Stone"},{"floor":31,"key":"Art of War"},{"floor":39,"key":"Tingsha"},{"floor":43,"key":"Paper Crane"},{"floor":44,"key":"Tough Bandages"}],"event_choices":[{"event_name":"The Cleric","player_choice":"Leave","floor":4,"damage_taken":0},{"event_name":"Liars Game","player_choice":"disagreed","floor":7,"damage_taken":0},{"event_name":"The Library","player_choice":"Heal","floor":24,"damage_taken":0},{"event_name":"Match and Keep!","player_choice":"2 cards matched","floor":29,"damage_taken":0},{"event_name":"Falling","player_choice":"Removed Skill","floor":38,"damage_taken":0},{"event_name":"MindBloom","player_choice":"Fight","floor":39,"damage_taken":0},{"event_name":"Mysterious Sphere","player_choice":"Fight","floor":44,"damage_taken":0}],"boss_relics":[{"not_picked":["Lizard Tail","Runic Pyramid"],"picked":"Pandora\u0027s Box"},{"not_picked":["Velvet Choker","Calling Bell"],"picked":"Busted Crown"}],"items_purged_floors":[41],"is_endless":false,"potions_floor_spawned":[1,3,13,14,16,27,35,44],"killed_by":"Spire Growth","ascension_level":0}