{"gold_per_floor":[116,126,16,28,103,132,71,71,71,91,104,104,104,124,124,219,219,231,241,241,254,254,254,280,71,71,71,83,83,100,118,118,118],"floor_reached":33,"playtime":2176,"items_purged":["Strike_G","Strike_G"],"score":269,"play_id":"fcdf9524-d808-412b-912a-3aa5b6fb7e4b","local_time":"20190608191039","is_ascension_mode":false,"campfire_choices":[{"data":"Infinite Blades","floor":8,"key":"SMITH"},{"data":"Neutralize","floor":12,"key":"SMITH"},{"data":"Backstab","floor":15,"key":"SMITH"},{"floor":23,"key":"REST"},{"data":"A Thousand Cuts","floor":29,"key":"SMITH"},{"floor":32,"key":"REST"}],"neow_cost":"NONE","seed_source_timestamp":2129459513258086,"circlet_count":0,"master_deck":["Defend_G","Defend_G","Defend_G","Defend_G","Defend_G","Strike_G","Strike_G","Survivor+1","Neutralize+1","Sucker Punch","Backstab+1","Footwork","Escape Plan","Infinite Blades+1","Flechettes","Backflip","A Thousand Cuts+1","Prepared","Noxious Fumes","Decay","Envenom","Strike_R","Backflip"],"relics":["Ring of the Snake","The Courier","Ornamental Fan","Sozu","Regal Pillow","Kunai"],"potions_floor_usage":[],"damage_taken":[{"damage":0,"enemies":"Jaw Worm","floor":1,"turns":5},{"damage":0,"enemies":"Cultist","floor":2,"turns":4},{"damage":0,"enemies":"2 Louse","floor":4,"turns":2},{"damage":10,"enemies":"Gremlin Nob","floor":6,"turns":5},{"damage":0,"enemies":"Exordium Thugs","floor":10,"turns":4},{"damage":0,"enemies":"Gremlin Gang","floor":11,"turns":6},{"damage":0,"enemies":"Looter","floor":14,"turns":3},{"damage":25,"enemies":"Hexaghost","floor":16,"turns":17},{"damage":0,"enemies":"Chosen","floor":18,"turns":5},{"damage":9,"enemies":"Spheric Guardian","floor":19,"turns":4},{"damage":27,"enemies":"Snake Plant","floor":21,"turns":6},{"damage":18,"enemies":"Gremlin Leader","floor":24,"turns":9},{"damage":3,"enemies":"Centurion and Healer","floor":28,"turns":8},{"damage":15,"enemies":"Snecko","floor":30,"turns":6},{"damage":13,"enemies":"Snake Plant","floor":31,"turns":5},{"damage":49,"enemies":"Collector","floor":33,"turns":7}],"seed_played":"7304741889044460582","potions_obtained":[{"floor":2,"key":"Regen Potion"},{"floor":4,"key":"FearPotion"},{"floor":11,"key":"Strength Potion"}],"is_trial":false,"path_per_floor":["M","M","$","M","?","E","$","R","T","M","M","R","?","M","R","B",null,"M","M","?","M","?","R","E","$","T","?","M","R","M","M","R","B"],"character_chosen":"THE_SILENT","items_purchased":["Footwork","Infinite Blades","Envenom"],"campfire_rested":2,"item_purchase_floors":[3,7,25],"current_hp_per_floor":[70,70,70,70,63,53,53,53,53,53,53,53,58,58,58,33,70,70,61,61,34,34,55,37,37,37,37,34,34,19,6,42,0],"gold":118,"neow_bonus":"UPGRADE_CARD","is_prod":false,"is_daily":false,"chose_seed":false,"campfire_upgraded":4,"win_rate":0,"timestamp":1559992239,"path_taken":["M","M","$","M","?","E","?","R","T","?","M","R","?","M","R","BOSS","M","M","?","?","?","R","E","$","T","?","M","R","M","?","R","BOSS"],"build_version":"2019-01-23","purchased_purges":2,"victory":false,"max_hp_per_floor":[70,70,70,70,70,70,70,70,70,70,70,70,70,70,70,70,70,70,70,70,70,70,70,70,70,70,70,70,70,70,70,70,70],"card_choices":[{"not_picked":["Slice","Accuracy"],"picked":"Sucker Punch","floor":1},{"not_picked":["Crippling Poison","Accuracy"],"picked":"Backstab","floor":2},{"not_picked":["PiercingWail","Leg Sweep"],"picked":"Underhanded Strike","floor":4},{"not_picked":["Envenom","Well Laid Plans"],"picked":"Escape Plan","floor":6},{"not_picked":["PiercingWail","Sucker Punch","Expertise"],"picked":"SKIP","floor":10},{"not_picked":["Backflip","Acrobatics"],"picked":"Flechettes","floor":11},{"not_picked":["Concentrate","Poisoned Stab"],"picked":"Backflip","floor":14},{"not_picked":["Doppelganger","Night Terror"],"picked":"A Thousand Cuts","floor":16},{"not_picked":["PiercingWail+1","Endless Agony+1"],"picked":"Prepared","floor":18},{"not_picked":["Backflip","Outmaneuver"],"picked":"Noxious Fumes","floor":19},{"not_picked":["Concentrate+1","Outmaneuver","Cloak And Dagger"],"picked":"SKIP","floor":21},{"not_picked":["Quick Slash+1","Slice"],"picked":"Dagger Throw","floor":24},{"not_picked":["Dagger Spray+1","Deflect+1","Prepared"],"picked":"SKIP","floor":28},{"not_picked":["Dagger Spray","Underhanded Strike","Dodge and Roll+1"],"picked":"SKIP","floor":30},{"not_picked":["Acrobatics","Doppelganger"],"picked":"Backflip","floor":31}],"player_experience":165894,"relics_obtained":[{"floor":6,"key":"The Courier"},{"floor":9,"key":"Ornamental Fan"},{"floor":24,"key":"Regal Pillow"},{"floor":26,"key":"Kunai"}],"event_choices":[{"damage_healed":0,"gold_gain":75,"player_choice":"Touch","damage_taken":7,"max_hp_gain":0,"max_hp_loss":0,"event_name":"FaceTrader","floor":5,"gold_loss":0},{"cards_removed":["Underhanded Strike"],"damage_healed":5,"gold_gain":0,"player_choice":"Offered Common","damage_taken":0,"max_hp_gain":0,"max_hp_loss":0,"event_name":"Bonfire Elementals","floor":13,"gold_loss":0},{"cards_removed":["Underhanded Strike"],"damage_healed":5,"gold_gain":0,"player_choice":"Offered Special","damage_taken":0,"max_hp_gain":0,"max_hp_loss":0,"event_name":"Bonfire Elementals","floor":13,"gold_loss":0},{"cards_removed":["Strike_G"],"damage_healed":0,"gold_gain":0,"player_choice":"Purged","damage_taken":0,"max_hp_gain":0,"max_hp_loss":0,"event_name":"Purifier","floor":20,"gold_loss":0},{"damage_healed":0,"gold_gain":0,"player_choice":"Smashed Altar","damage_taken":0,"max_hp_gain":0,"max_hp_loss":0,"event_name":"Forgotten Altar","floor":22,"gold_loss":0,"cards_obtained":["Decay"]},{"cards_removed":["Dagger Throw"],"damage_healed":0,"gold_gain":0,"player_choice":"Took Card","damage_taken":0,"max_hp_gain":0,"max_hp_loss":0,"event_name":"NoteForYourself","floor":27,"gold_loss":0,"cards_obtained":["Strike_R"]}],"is_beta":false,"boss_relics":[{"not_picked":["Coffee Dripper","WristBlade"],"picked":"Sozu"}],"items_purged_floors":[3,25],"is_endless":false,"potions_floor_spawned":[2,4,11,14,21,24,31],"killed_by":"Collector","ascension_level":0}