{"gold_per_floor":[111,129,129,149,163,190,103,103,103,128,128,50,68,79,79,153,153,167,10,23,37,37,37,70,86,86,86,104,122,172,203,203,277,277,288,288,288,306,306,340,340,373,373,204,224,224,235,247,247,247,247,247,247,32,61,61],"floor_reached":57,"playtime":5596,"items_purged":["Rebound"],"score":2728,"play_id":"f04619ac-6f53-4f7d-aeb9-8c5629a0a3a6","local_time":"20190409170614","is_ascension_mode":true,"campfire_choices":[{"floor":8.0,"key":"REST"},{"data":"Defragment","floor":15.0,"key":"SMITH"},{"data":"Zap","floor":23.0,"key":"SMITH"},{"data":"Chaos","floor":27.0,"key":"SMITH"},{"data":"Defragment","floor":32.0,"key":"SMITH"},{"data":"Buffer","floor":41.0,"key":"SMITH"},{"data":"Capacitor","floor":46.0,"key":"SMITH"},{"floor":49.0,"key":"RECALL"},{"data":"Creative AI","floor":53.0,"key":"SMITH"}],"neow_cost":"NONE","seed_source_timestamp":0,"circlet_count":0,"master_deck":["AscendersBane","Zap+1","Force Field","Force Field","Recycle","Cold Snap","Biased Cognition","Force Field","BootSequence","Hologram","Chaos+1","Cold Snap","Hello World","Defragment+1","Self Repair","Self Repair","Defragment+1","Echo Form","Turbo","Capacitor+1","Tempest+1","Heatsinks","Hologram+1","Buffer+1","Coolheaded+1","White Noise+1","Blind+1","Creative AI+1","Chill+1"],"special_seed":0,"relics":["Pandora\u0027s Box","Ancient Tea Set","Sundial","Turnip","Runic Pyramid","Juzu Bracelet","Toxic Egg 2","Pocketwatch","Letter Opener","Runic Dome","Gremlin Horn","Vajra","Boot","Happy Flower"],"potions_floor_usage":[56,56],"damage_taken":[{"damage":12.0,"enemies":"Jaw Worm","floor":1.0,"turns":4.0},{"damage":0.0,"enemies":"Cultist","floor":2.0,"turns":4.0},{"damage":1.0,"enemies":"2 Louse","floor":4.0,"turns":2.0},{"damage":10.0,"enemies":"Exordium Thugs","floor":5.0,"turns":5.0},{"damage":45.0,"enemies":"Gremlin Nob","floor":6.0,"turns":5.0},{"damage":20.0,"enemies":"3 Sentries","floor":10.0,"turns":8.0},{"damage":12.0,"enemies":"3 Louse","floor":13.0,"turns":5.0},{"damage":0.0,"enemies":"Large Slime","floor":14.0,"turns":5.0},{"damage":26.0,"enemies":"Slime Boss","floor":16.0,"turns":7.0},{"damage":2.0,"enemies":"Chosen","floor":18.0,"turns":6.0},{"damage":16.0,"enemies":"Shell Parasite","floor":20.0,"turns":6.0},{"damage":2.0,"enemies":"Snake Plant","floor":21.0,"turns":7.0},{"damage":13.0,"enemies":"Gremlin Leader","floor":24.0,"turns":8.0},{"damage":4.0,"enemies":"Chosen and Byrds","floor":25.0,"turns":8.0},{"damage":0.0,"enemies":"Snecko","floor":28.0,"turns":3.0},{"damage":20.0,"enemies":"Shelled Parasite and Fungi","floor":29.0,"turns":5.0},{"damage":6.0,"enemies":"Book of Stabbing","floor":31.0,"turns":7.0},{"damage":0.0,"enemies":"Champ","floor":33.0,"turns":9.0},{"damage":10.0,"enemies":"3 Shapes","floor":35.0,"turns":3.0},{"damage":10.0,"enemies":"3 Darklings","floor":38.0,"turns":5.0},{"damage":3.0,"enemies":"Giant Head","floor":40.0,"turns":9.0},{"damage":12.0,"enemies":"Nemesis","floor":42.0,"turns":7.0},{"damage":32.0,"enemies":"Transient","floor":45.0,"turns":6.0},{"damage":15.0,"enemies":"Jaw Worm Horde","floor":47.0,"turns":4.0},{"damage":13.0,"enemies":"3 Darklings","floor":48.0,"turns":7.0},{"damage":29.0,"enemies":"Time Eater","floor":50.0,"turns":8.0},{"damage":20.0,"enemies":"Donu and Deca","floor":51.0,"turns":12.0},{"damage":63.0,"enemies":"Shield and Spear","floor":55.0,"turns":6.0},{"damage":25,"enemies":"The Heart","floor":56,"turns":12}],"seed_played":"7881716028902364633","potions_obtained":[{"floor":2.0,"key":"Fruit Juice"},{"floor":4.0,"key":"Regen Potion"},{"floor":13.0,"key":"SteroidPotion"},{"floor":14.0,"key":"Explosive Potion"},{"floor":20.0,"key":"Poison Potion"},{"floor":24.0,"key":"Weak Potion"},{"floor":29.0,"key":"GamblersBrew"},{"floor":31.0,"key":"EssenceOfSteel"},{"floor":38.0,"key":"Weak Potion"},{"floor":48.0,"key":"FocusPotion"},{"floor":55.0,"key":"Weak Potion"}],"is_trial":false,"path_per_floor":["M","M","?","M","M","E","$","R","T","E","?","$","M","M","R","B",null,"M","$","M","M","?","R","E","M","T","R","M","M","?","E","R","B",null,"M","?","?","M","?","E","R","E","T","$","M","R","M","M","R","B","B",null,"R","$","E","B",null],"character_chosen":"DEFECT","items_purchased":["Hello World","Self Repair","Juzu Bracelet","Blind+1","Boot","PowerPotion"],"campfire_rested":1,"item_purchase_floors":[7,12,19,44,54,54],"current_hp_per_floor":[52,57,57,56,46,1,1,23,23,18,18,18,20,34,34,22,63,76,76,76,76,76,76,76,76,76,76,76,70,70,76,76,76,76,66,66,66,76,72,72,72,72,72,72,61,61,72,72,72,64,58,69,69,69,27,16],"gold":61,"neow_bonus":"BOSS_RELIC","is_prod":false,"is_daily":false,"chose_seed":false,"campfire_upgraded":7,"win_rate":0,"timestamp":1554822374,"path_taken":["M","M","?","?","M","E","$","R","T","E","?","$","M","M","R","BOSS","M","$","M","M","?","R","E","M","T","R","M","M","?","E","R","BOSS","M","?","?","M","?","E","R","E","T","$","M","R","M","M","R","BOSS","BOSS","R","$","E","BOSS"],"build_version":"2019-04-04","purchased_purges":1,"victory":true,"max_hp_per_floor":[71,76,76,76,76,76,76,76,76,76,76,76,76,76,76,76,76,76,76,76,76,76,76,76,76,76,76,76,76,76,76,76,76,76,76,76,76,76,72,72,72,72,72,72,72,72,72,72,72,72,72,72,72,72,72,72],"card_choices":[{"not_picked":["Redo","Compile Driver"],"picked":"Gash","floor":1.0},{"not_picked":["Redo","Recycle"],"picked":"BootSequence","floor":2.0},{"not_picked":["Streamline","Fusion"],"picked":"Hologram","floor":4.0},{"not_picked":["Stack","Consume"],"picked":"Chaos","floor":5.0},{"not_picked":["Compile Driver","FTL"],"picked":"Cold Snap","floor":6.0},{"not_picked":["Skim","Auto Shields"],"picked":"Defragment","floor":10.0},{"not_picked":["Thunder Strike","Rebound"],"picked":"Defragment","floor":13.0},{"not_picked":["Static Discharge","Reinforced Body","Blizzard"],"picked":"SKIP","floor":14.0},{"not_picked":["Buffer","Amplify"],"picked":"Echo Form","floor":16.0},{"not_picked":["Aggregate","Streamline"],"picked":"Turbo","floor":18.0},{"not_picked":["Recycle","Sweeping Beam"],"picked":"Capacitor","floor":20.0},{"not_picked":["Scrape","Sweeping Beam"],"picked":"Cold Snap","floor":21.0},{"not_picked":["Stack","Sweeping Beam"],"picked":"Tempest","floor":24.0},{"not_picked":["Gash","Streamline"],"picked":"Heatsinks","floor":25.0},{"not_picked":["Fusion+1","Cold Snap","Undo+1"],"picked":"SKIP","floor":28.0},{"not_picked":["Hyperbeam","Undo+1"],"picked":"Hologram+1","floor":29.0},{"not_picked":["Leap+1","Lockon","Hello World+1"],"picked":"SKIP","floor":31.0},{"not_picked":["Reboot+1","Core Surge"],"picked":"Buffer","floor":33.0},{"not_picked":["Redo+1","Reprogram+1"],"picked":"Coolheaded+1","floor":35.0},{"not_picked":["Redo+1","Leap+1","BootSequence+1"],"picked":"SKIP","floor":38.0},{"not_picked":["Redo+1","Leap+1","BootSequence+1"],"picked":"SKIP","floor":38.0},{"not_picked":["Redo+1","Beam Cell","Stack+1"],"picked":"SKIP","floor":40.0},{"not_picked":["Doom and Gloom","Steam+1"],"picked":"White Noise+1","floor":42.0},{"not_picked":["FTL+1","Sunder","Sweeping Beam"],"picked":"SKIP","floor":45.0},{"not_picked":["FTL+1","Sunder","Sweeping Beam"],"picked":"SKIP","floor":45.0},{"not_picked":["FTL+1","Sunder","Sweeping Beam"],"picked":"SKIP","floor":45.0},{"not_picked":["Steam Power+1","Defragment"],"picked":"Creative AI","floor":47.0},{"not_picked":["Beam Cell","Barrage","Aggregate+1"],"picked":"SKIP","floor":48.0},{"not_picked":["Sweeping Beam","Machine Learning"],"picked":"Chill+1","floor":55.0}],"player_experience":1267603,"relics_obtained":[{"floor":6.0,"key":"Ancient Tea Set"},{"floor":9.0,"key":"Sundial"},{"floor":10.0,"key":"Turnip"},{"floor":24.0,"key":"Toxic Egg 2"},{"floor":26.0,"key":"Pocketwatch"},{"floor":31.0,"key":"Letter Opener"},{"floor":40.0,"key":"Gremlin Horn"},{"floor":42.0,"key":"Vajra"},{"floor":55.0,"key":"Happy Flower"}],"event_choices":[{"cards_removed":["Dualcast"],"damage_healed":0.0,"max_hp_gain":0.0,"max_hp_loss":0.0,"gold_gain":0.0,"event_name":"Bonfire Elementals","player_choice":"Offered Basic","floor":3.0,"gold_loss":0.0,"damage_taken":0.0},{"damage_healed":0.0,"max_hp_gain":0.0,"max_hp_loss":0.0,"gold_gain":0.0,"cards_transformed":["Gash"],"event_name":"Transmorgrifier","player_choice":"Transformed","floor":11.0,"gold_loss":0.0,"damage_taken":0.0,"cards_obtained":["Self Repair"]},{"cards_removed":["Streamline"],"damage_healed":0.0,"max_hp_gain":0.0,"max_hp_loss":0.0,"gold_gain":0.0,"event_name":"Back to Basics","player_choice":"Elegance","floor":22.0,"gold_loss":0.0,"damage_taken":0.0},{"damage_healed":0.0,"max_hp_gain":0.0,"max_hp_loss":0.0,"gold_gain":50.0,"event_name":"Nest","player_choice":"Stole From Cult","floor":30.0,"gold_loss":0.0,"damage_taken":0.0},{"damage_healed":0.0,"max_hp_gain":0.0,"max_hp_loss":0.0,"gold_gain":0.0,"event_name":"Tomb of Lord Red Mask","player_choice":"Ignored","floor":36.0,"gold_loss":0.0,"damage_taken":0.0},{"cards_removed":["Cold Snap"],"damage_healed":0.0,"max_hp_gain":0.0,"max_hp_loss":0.0,"gold_gain":0.0,"event_name":"Falling","player_choice":"Removed Attack","floor":37.0,"gold_loss":0.0,"damage_taken":0.0},{"damage_healed":0.0,"max_hp_gain":0.0,"max_hp_loss":4.0,"gold_gain":0.0,"event_name":"Winding Halls","player_choice":"Max HP","floor":39.0,"gold_loss":0.0,"damage_taken":0.0}],"is_beta":true,"boss_relics":[{"not_picked":["Calling Bell","Nuclear Battery"],"picked":"Runic Pyramid"},{"not_picked":["Empty Cage","Orrery"],"picked":"Runic Dome"}],"items_purged_floors":[44],"is_endless":false,"potions_floor_spawned":[2,4,13,14,20,24,29,31,38,45,47,48,55],"ascension_level":20}