{"gold_per_floor":[110,26,26,36,48,48,77,87,114,114,141,151,186,202,202,202],"floor_reached":16,"playtime":550,"items_purged":[],"score":232,"play_id":"0a74441b-c5eb-4df3-8100-933c7b17005f","local_time":"20190526145027","is_ascension_mode":true,"campfire_choices":[{"data":"Flame Barrier","floor":6,"key":"SMITH"},{"data":"Feel No Pain","floor":10,"key":"SMITH"},{"floor":15,"key":"REST"}],"neow_cost":"NONE","seed_source_timestamp":502336714855900,"circlet_count":0,"master_deck":["AscendersBane","Strike_R","Strike_R","Strike_R","Strike_R","Strike_R","Defend_R","Defend_R","Defend_R","Bash","Hemokinesis","Flame Barrier+1","Pummel","Cleave","Feel No Pain+1","Battle Trance","Shrug It Off","Dropkick","Shockwave","Armaments"],"relics":["Burning Blood","NeowsBlessing","Dream Catcher","Happy Flower","Bag of Marbles","Sundial"],"potions_floor_usage":[7,8,11,16],"damage_taken":[{"damage":0,"enemies":"Small Slimes","floor":1,"turns":1},{"damage":0,"enemies":"Cultist","floor":4,"turns":1},{"damage":0,"enemies":"2 Louse","floor":5,"turns":1},{"damage":50,"enemies":"Lagavulin","floor":7,"turns":8},{"damage":0,"enemies":"Looter","floor":8,"turns":1},{"damage":6,"enemies":"3 Sentries","floor":11,"turns":10},{"damage":5,"enemies":"Exordium Wildlife","floor":12,"turns":3},{"damage":20,"enemies":"Gremlin Nob","floor":13,"turns":4},{"damage":8,"enemies":"Gremlin Gang","floor":14,"turns":3},{"damage":44,"enemies":"Hexaghost","floor":16,"turns":14}],"seed_played":"1567037634241443262","potions_obtained":[{"floor":4,"key":"Block Potion"},{"floor":5,"key":"SteroidPotion"},{"floor":8,"key":"Dexterity Potion"},{"floor":12,"key":"Dexterity Potion"}],"is_trial":false,"path_per_floor":["M","$","?","M","M","R","E","M","T","R","E","M","E","M","R","B"],"character_chosen":"IRONCLAD","items_purchased":["Flame Barrier"],"campfire_rested":1,"item_purchase_floors":[2],"current_hp_per_floor":[74,74,74,75,75,75,31,37,37,37,37,38,24,22,44,0],"gold":202,"neow_bonus":"THREE_ENEMY_KILL","is_prod":false,"is_daily":false,"chose_seed":false,"campfire_upgraded":2,"win_rate":0,"timestamp":1558907427,"path_taken":["M","$","?","?","M","R","E","M","T","R","E","M","E","M","R","BOSS"],"build_version":"2019-01-23","purchased_purges":0,"victory":false,"max_hp_per_floor":[75,75,75,75,75,75,75,75,75,75,75,75,75,75,75,75],"card_choices":[{"not_picked":["Flex","Twin Strike"],"picked":"Hemokinesis","floor":1},{"not_picked":["Burning Pact","Anger"],"picked":"Cleave","floor":4},{"not_picked":["Clash","Havoc"],"picked":"Feel No Pain","floor":5},{"not_picked":["Flex","Twin Strike"],"picked":"Battle Trance","floor":7},{"not_picked":["Evolve","Cleave"],"picked":"Shrug It Off","floor":8},{"not_picked":["Clash","Barricade","Warcry"],"picked":"SKIP","floor":11},{"not_picked":["Havoc","Sword Boomerang"],"picked":"Dropkick","floor":12},{"not_picked":["Power Through","Sword Boomerang","Entrench"],"picked":"SKIP","floor":13},{"not_picked":["Battle Trance","Clash"],"picked":"Shockwave","floor":14},{"not_picked":["Body Slam","Bloodletting"],"picked":"Armaments","floor":15}],"player_experience":485702,"relics_obtained":[{"floor":7,"key":"Dream Catcher"},{"floor":9,"key":"Happy Flower"},{"floor":11,"key":"Bag of Marbles"},{"floor":13,"key":"Sundial"}],"event_choices":[{"damage_healed":0,"gold_gain":0,"cards_transformed":["Defend_R"],"player_choice":"Transformed","damage_taken":0,"max_hp_gain":0,"max_hp_loss":0,"event_name":"Transmorgrifier","floor":3,"gold_loss":0,"cards_obtained":["Pummel"]}],"is_beta":false,"boss_relics":[],"items_purged_floors":[],"is_endless":false,"potions_floor_spawned":[4,5,8,12],"killed_by":"Hexaghost","ascension_level":18}