{"gold_per_floor":[114,130,130,105,115,149,159,159,227,257,142,142,142,153,153,248,248,267,267,267,286,298,309,309,320,320,320,349,365,365,265,265,366,366,380,180,180,197,197,197],"floor_reached":40,"playtime":3149,"items_purged":["Strike_G","Strike_G","Deadly Poison"],"score":441,"play_id":"d7b3d59e-2a42-4523-8aad-a7ca03f1c6b5","local_time":"20190609001600","is_ascension_mode":false,"campfire_choices":[{"data":"1","floor":8,"key":"LIFT"},{"data":"2","floor":12,"key":"LIFT"},{"floor":15,"key":"REST"},{"data":"3","floor":24,"key":"LIFT"},{"data":"Cloak And Dagger","floor":27,"key":"SMITH"},{"floor":30,"key":"REST"},{"data":"Cloak And Dagger","floor":32,"key":"SMITH"}],"neow_cost":"NONE","seed_source_timestamp":2146804942243211,"circlet_count":0,"master_deck":["Survivor+1","Neutralize+1","Dodge and Roll","Cloak And Dagger+1","Cloak And Dagger+1","Heel Hook","Sucker Punch","Dash","A Thousand Cuts","Backflip+1","Ghostly","Ghostly","Ghostly","Ghostly","Ghostly","Footwork","Eviscerate","Underhanded Strike","Quick Slash","Choke","Noxious Fumes","Skewer","PiercingWail","Dodge and Roll","Backstab","Riddle With Holes","Burst","Predator","Pain","Prepared+1"],"relics":["Ring of the Snake","Potion Belt","Girya","Mercury Hourglass","Pen Nib","HoveringKite","Matryoshka","War Paint","Pandora\u0027s Box","WarpedTongs"],"potions_floor_usage":[10,10,33,33],"damage_taken":[{"damage":0,"enemies":"Small Slimes","floor":1,"turns":3},{"damage":0,"enemies":"Jaw Worm","floor":2,"turns":7},{"damage":2,"enemies":"2 Louse","floor":5,"turns":4},{"damage":22,"enemies":"3 Sentries","floor":6,"turns":16},{"damage":1,"enemies":"Lots of Slimes","floor":7,"turns":8},{"damage":4,"enemies":"Lagavulin","floor":10,"turns":5},{"damage":0,"enemies":"2 Fungi Beasts","floor":14,"turns":2},{"damage":7,"enemies":"Slime Boss","floor":16,"turns":9},{"damage":6,"enemies":"3 Byrds","floor":18,"turns":4},{"damage":2,"enemies":"Chosen","floor":21,"turns":4},{"damage":2,"enemies":"3 Cultists","floor":22,"turns":6},{"damage":5,"enemies":"Shelled Parasite and Fungi","floor":23,"turns":7},{"damage":5,"enemies":"Cultist and Chosen","floor":25,"turns":7},{"damage":11,"enemies":"Gremlin Leader","floor":28,"turns":9},{"damage":4,"enemies":"Snecko","floor":29,"turns":4},{"damage":10,"enemies":"Champ","floor":33,"turns":11},{"damage":7,"enemies":"3 Shapes","floor":35,"turns":4},{"damage":11,"enemies":"3 Darklings","floor":38,"turns":6},{"damage":35,"enemies":"Reptomancer","floor":40,"turns":5}],"seed_played":"3043445016573670970","potions_obtained":[{"floor":5,"key":"SteroidPotion"},{"floor":6,"key":"SkillPotion"},{"floor":7,"key":"Explosive Potion"},{"floor":22,"key":"Weak Potion"},{"floor":23,"key":"Dexterity Potion"},{"floor":25,"key":"Dexterity Potion"},{"floor":29,"key":"Ancient Potion"},{"floor":35,"key":"Ancient Potion"},{"floor":38,"key":"LiquidBronze"}],"is_trial":false,"path_per_floor":["M","M","?","?","M","E","M","R","T","E","$","R","?","M","R","B",null,"M","?","?","M","M","M","R","M","T","R","E","M","R","$","R","B",null,"M","$","?","M","?","E"],"character_chosen":"THE_SILENT","items_purchased":["Dash","Predator"],"campfire_rested":2,"item_purchase_floors":[11,36],"current_hp_per_floor":[70,70,56,56,54,32,31,31,31,27,27,27,27,27,48,41,70,64,35,35,33,31,26,26,21,21,21,10,6,16,16,16,6,35,28,28,28,17,31,0],"gold":197,"neow_bonus":"RANDOM_COMMON_RELIC","is_prod":false,"is_daily":false,"chose_seed":false,"campfire_upgraded":2,"win_rate":0,"timestamp":1560010560,"path_taken":["M","M","?","?","M","E","M","R","T","E","$","R","?","?","R","BOSS","M","?","?","M","M","M","R","M","T","R","E","M","R","$","R","BOSS","M","$","?","?","?","E"],"build_version":"2019-01-23","purchased_purges":3,"victory":false,"max_hp_per_floor":[70,70,70,70,70,70,70,70,70,70,70,70,70,70,70,70,70,70,35,35,35,35,35,35,35,35,35,35,35,35,35,35,35,35,35,35,35,35,31,31],"card_choices":[{"not_picked":["PiercingWail","Reflex","Slice"],"picked":"SKIP","floor":1},{"not_picked":["Reflex","Leg Sweep"],"picked":"Dodge and Roll","floor":2},{"not_picked":["Bane","Acrobatics"],"picked":"Cloak And Dagger","floor":5},{"not_picked":["Catalyst","Dagger Throw"],"picked":"Cloak And Dagger","floor":6},{"not_picked":["Bullet Time","Underhanded Strike"],"picked":"Heel Hook","floor":7},{"not_picked":["Dodge and Roll","Outmaneuver"],"picked":"Sucker Punch","floor":10},{"not_picked":["Prepared","Cloak And Dagger","Outmaneuver"],"picked":"SKIP","floor":14},{"not_picked":["Tools of the Trade","Storm of Steel"],"picked":"A Thousand Cuts","floor":16},{"not_picked":["Sucker Punch","Dagger Spray"],"picked":"Backflip","floor":18},{"not_picked":["Flechettes","Noxious Fumes"],"picked":"Eviscerate","floor":21},{"not_picked":["Endless Agony","Bane","Cloak And Dagger"],"picked":"SKIP","floor":22},{"not_picked":["Concentrate","Outmaneuver+1"],"picked":"Underhanded Strike","floor":23},{"not_picked":["Deadly Poison+1","Endless Agony","Flying Knee"],"picked":"SKIP","floor":25},{"not_picked":["Dodge and Roll","Sucker Punch+1"],"picked":"Quick Slash","floor":28},{"not_picked":["Bane","Dagger Spray"],"picked":"Choke","floor":29},{"not_picked":["Dagger Throw+1","Heel Hook","Acrobatics"],"picked":"SKIP","floor":35},{"not_picked":["Crippling Poison","Underhanded Strike"],"picked":"Prepared+1","floor":38}],"player_experience":168070,"relics_obtained":[{"floor":6,"key":"Girya"},{"floor":9,"key":"Mercury Hourglass"},{"floor":10,"key":"Pen Nib"},{"floor":26,"key":"Matryoshka"},{"floor":28,"key":"War Paint"}],"event_choices":[{"damage_healed":0,"gold_gain":0,"player_choice":"Entered Light","damage_taken":14,"max_hp_gain":0,"max_hp_loss":0,"event_name":"Shining Light","floor":3,"gold_loss":0,"cards_upgraded":["Neutralize","Survivor"]},{"damage_healed":0,"gold_gain":0,"player_choice":"Left Gold","damage_taken":0,"max_hp_gain":0,"max_hp_loss":0,"event_name":"World of Goop","floor":4,"gold_loss":25},{"damage_healed":0,"gold_gain":0,"player_choice":"Ignored","damage_taken":0,"max_hp_gain":0,"max_hp_loss":0,"event_name":"NoteForYourself","floor":13,"gold_loss":0},{"damage_healed":0,"gold_gain":0,"player_choice":"Became a Ghost","damage_taken":0,"max_hp_gain":0,"max_hp_loss":35,"event_name":"Ghosts","floor":19,"gold_loss":0,"cards_obtained":["Ghostly","Ghostly","Ghostly","Ghostly","Ghostly"]},{"damage_healed":0,"gold_gain":0,"player_choice":"Read","damage_taken":0,"max_hp_gain":0,"max_hp_loss":0,"event_name":"The Library","floor":20,"gold_loss":0,"cards_obtained":["Footwork"]},{"damage_healed":0,"gold_gain":0,"player_choice":"Rummage","damage_taken":0,"relics_obtained":["WarpedTongs"],"max_hp_gain":0,"max_hp_loss":0,"event_name":"Accursed Blacksmith","floor":37,"gold_loss":0,"cards_obtained":["Pain"]},{"damage_healed":31,"gold_gain":0,"player_choice":"Heal","damage_taken":0,"max_hp_gain":0,"max_hp_loss":4,"event_name":"The Moai Head","floor":39,"gold_loss":0}],"is_beta":false,"boss_relics":[{"not_picked":["Runic Pyramid","White Beast Statue"],"picked":"HoveringKite"},{"not_picked":["Tiny House","Lizard Tail"],"picked":"Pandora\u0027s Box"}],"items_purged_floors":[11,31,36],"is_endless":false,"potions_floor_spawned":[5,6,7,22,23,25,29,35,38],"killed_by":"Reptomancer","ascension_level":0}