{"gold_per_floor":[109,109,34,45,61,61,74,103,103,103,103,135,81,116,116,221,221,231,28,28,28,47,47,76,76,76,110,122,153,153,68,68,173,173,185,538,538,311,311,328,127,147,147,147,165,165,178,400,400,400],"floor_reached":51,"playtime":3175,"items_purged":["Strike_R","Strike_R","Strike_R","Strike_R"],"score":825,"play_id":"75c88df5-a771-4f59-a5e4-0aec1d925ee4","local_time":"20190615155107","is_ascension_mode":true,"campfire_choices":[{"data":"Immolate","floor":6,"key":"SMITH"},{"data":"Spot Weakness","floor":11,"key":"SMITH"},{"data":"True Grit","floor":15,"key":"SMITH"},{"data":"Uppercut","floor":23,"key":"SMITH"},{"data":"Demon Form","floor":25,"key":"SMITH"},{"data":"Bash","floor":32,"key":"SMITH"},{"data":"Disarm","floor":44,"key":"SMITH"},{"data":"Second Wind","floor":46,"key":"SMITH"},{"floor":49,"key":"REST"}],"neow_cost":"TEN_PERCENT_HP_LOSS","seed_source_timestamp":211681427961399,"circlet_count":0,"master_deck":["Defend_R","Defend_R","Defend_R","Defend_R","Bash+1","Immolate+1","True Grit+1","Spot Weakness+1","Warcry","Evolve","Burning Pact","Demon Form+1","True Grit+1","Uppercut+1","Dark Embrace","Second Wind+1","Fire Breathing","Shockwave+1","Bludgeon","Disarm+1","Mind Blast","Metallicize","Sentinel+1","Parasite"],"relics":["Burning Blood","Orichalcum","Sundial","Juzu Bracelet","Dead Branch","Smiling Mask","Snecko Eye","Bag of Marbles","Torii","The Courier","Red Mask","Mummified Hand","Nilry\u0027s Codex","Potion Belt","Cursed Key","Old Coin","Bag of Preparation","Ancient Tea Set"],"potions_floor_usage":[16,22,36,50,50],"damage_taken":[{"damage":4,"enemies":"Jaw Worm","floor":1,"turns":3},{"damage":0,"enemies":"Cultist","floor":4,"turns":3},{"damage":0,"enemies":"2 Louse","floor":5,"turns":1},{"damage":6,"enemies":"Looter","floor":7,"turns":3},{"damage":8,"enemies":"3 Sentries","floor":8,"turns":5},{"damage":12,"enemies":"Gremlin Nob","floor":12,"turns":3},{"damage":7,"enemies":"3 Sentries","floor":14,"turns":3},{"damage":29,"enemies":"Slime Boss","floor":16,"turns":7},{"damage":6,"enemies":"Chosen","floor":18,"turns":3},{"damage":3,"enemies":"Shell Parasite","floor":22,"turns":3},{"damage":0,"enemies":"Gremlin Leader","floor":24,"turns":3},{"damage":0,"enemies":"Masked Bandits","floor":27,"turns":1},{"damage":1,"enemies":"Centurion and Healer","floor":28,"turns":4},{"damage":1,"enemies":"Slavers","floor":29,"turns":3},{"damage":14,"enemies":"Automaton","floor":33,"turns":6},{"damage":0,"enemies":"Orb Walker","floor":35,"turns":2},{"damage":34,"enemies":"2 Orb Walkers","floor":36,"turns":4},{"damage":3,"enemies":"3 Shapes","floor":40,"turns":1},{"damage":6,"enemies":"Maw","floor":42,"turns":3},{"damage":25,"enemies":"Writhing Mass","floor":45,"turns":3},{"damage":0,"enemies":"Sphere and 2 Shapes","floor":47,"turns":4},{"damage":21,"enemies":"Time Eater","floor":50,"turns":8}],"seed_played":"-6050646804165487534","potions_obtained":[{"floor":4,"key":"Block Potion"},{"floor":12,"key":"Energy Potion"},{"floor":14,"key":"Dexterity Potion"},{"floor":18,"key":"Swift Potion"},{"floor":22,"key":"LiquidBronze"},{"floor":40,"key":"Explosive Potion"},{"floor":45,"key":"Block Potion"},{"floor":47,"key":"SneckoOil"}],"is_trial":false,"path_per_floor":["M","?","$","M","M","R","M","E","T","?","R","E","$","E","R","B",null,"M","$","?","$","M","R","E","R","T","?","M","E","?","?","R","B",null,"M","?","?","$","?","M","$","M","T","R","M","R","M","?","R","B",null],"character_chosen":"IRONCLAD","items_purchased":["True Grit","Bag of Marbles","Disarm","Bag of Preparation","Ancient Tea Set","Metallicize"],"campfire_rested":1,"item_purchase_floors":[13,19,38,38,41,41],"current_hp_per_floor":[72,69,69,72,72,72,72,70,70,70,70,64,64,63,63,40,72,72,72,65,65,68,68,72,72,72,72,72,72,56,56,56,48,72,72,44,44,44,44,47,47,47,47,47,28,28,34,34,55,40],"gold":400,"neow_bonus":"THREE_RARE_CARDS","is_prod":false,"is_daily":false,"chose_seed":false,"campfire_upgraded":8,"win_rate":0,"timestamp":1560585067,"path_taken":["M","?","?","M","M","R","M","E","T","?","R","E","$","E","R","BOSS","M","$","?","?","M","R","E","R","T","?","M","E","?","?","R","BOSS","M","?","?","$","?","M","$","M","T","R","M","R","M","?","R","BOSS"],"build_version":"2019-01-23","purchased_purges":4,"victory":true,"max_hp_per_floor":[72,72,72,72,72,72,72,72,72,72,72,72,72,72,72,72,72,72,72,72,72,72,72,72,72,72,72,72,72,72,72,72,72,72,72,72,72,72,72,72,72,72,72,72,72,72,72,72,72,72],"card_choices":[{"not_picked":["Brutality","Exhume"],"picked":"Immolate","floor":0},{"not_picked":["Heavy Blade","Clothesline"],"picked":"True Grit","floor":1},{"not_picked":["Sword Boomerang","Seeing Red"],"picked":"Spot Weakness","floor":4},{"not_picked":["Rampage","Armaments"],"picked":"Warcry","floor":5},{"not_picked":["Combust","Carnage"],"picked":"Evolve","floor":7},{"not_picked":["Cleave","Pummel"],"picked":"Burning Pact","floor":8},{"not_picked":["Anger","Feed"],"picked":"Demon Form","floor":12},{"not_picked":["True Grit","Sword Boomerang"],"picked":"Uppercut","floor":14},{"not_picked":["Berserk","Demon Form"],"picked":"Dark Embrace","floor":16},{"not_picked":["True Grit+1","Armaments","Searing Blow+1"],"picked":"SKIP","floor":18},{"not_picked":["Heavy Blade","Carnage"],"picked":"Second Wind","floor":22},{"not_picked":["Sword Boomerang+1","Body Slam"],"picked":"Fire Breathing","floor":24},{"not_picked":["Whirlwind+1","Exhume"],"picked":"Shockwave+1","floor":27},{"not_picked":["Battle Trance+1","Sword Boomerang+1","Evolve"],"picked":"SKIP","floor":28},{"not_picked":["Battle Trance+1","Sword Boomerang+1","Evolve"],"picked":"SKIP","floor":28},{"not_picked":["Clothesline","True Grit","Fire Breathing"],"picked":"SKIP","floor":29},{"not_picked":["Dark Embrace","Brutality"],"picked":"Bludgeon","floor":33},{"not_picked":["Infernal Blade","Power Through+1","Second Wind"],"picked":"SKIP","floor":35},{"not_picked":["Swift Strike","Trip"],"picked":"Mind Blast","floor":39},{"not_picked":["Twin Strike","Warcry+1","Shockwave"],"picked":"SKIP","floor":40},{"not_picked":["Clash","Heavy Blade+1"],"picked":"Sentinel+1","floor":42},{"not_picked":["Cleave","Flex+1","Body Slam+1"],"picked":"SKIP","floor":45},{"not_picked":["Heavy Blade","Dual Wield","Clothesline"],"picked":"SKIP","floor":47}],"player_experience":208609,"relics_obtained":[{"floor":8,"key":"Sundial"},{"floor":9,"key":"Juzu Bracelet"},{"floor":12,"key":"Dead Branch"},{"floor":14,"key":"Smiling Mask"},{"floor":24,"key":"Torii"},{"floor":26,"key":"The Courier"},{"floor":27,"key":"Red Mask"},{"floor":29,"key":"Mummified Hand"},{"floor":30,"key":"Nilry\u0027s Codex"},{"floor":36,"key":"Old Coin"}],"event_choices":[{"damage_healed":0,"gold_gain":0,"player_choice":"Success","damage_taken":3,"relics_obtained":["Orichalcum"],"max_hp_gain":0,"max_hp_loss":0,"event_name":"Scrap Ooze","floor":2,"gold_loss":0},{"damage_healed":0,"gold_gain":0,"player_choice":"Upgraded","damage_taken":0,"max_hp_gain":0,"max_hp_loss":0,"event_name":"Upgrade Shrine","floor":10,"gold_loss":0,"cards_upgraded":["True Grit"]},{"damage_healed":0,"gold_gain":0,"player_choice":"Damaged","damage_taken":7,"max_hp_gain":0,"max_hp_loss":0,"event_name":"Wheel of Change","floor":20,"gold_loss":0},{"damage_healed":0,"gold_gain":0,"player_choice":"Fought Bandits","damage_taken":0,"max_hp_gain":0,"max_hp_loss":0,"event_name":"Masked Bandits","floor":27,"gold_loss":0},{"damage_healed":0,"gold_gain":0,"player_choice":"Obtained Book","damage_taken":16,"max_hp_gain":0,"max_hp_loss":0,"event_name":"Cursed Tome","floor":30,"gold_loss":0},{"damage_healed":0,"gold_gain":0,"player_choice":"Obtained Relic","damage_taken":0,"relics_obtained":["Potion Belt"],"max_hp_gain":0,"max_hp_loss":0,"event_name":"Addict","floor":31,"gold_loss":85},{"damage_healed":0,"gold_gain":0,"player_choice":"Fight","damage_taken":0,"max_hp_gain":0,"max_hp_loss":0,"event_name":"Mysterious Sphere","floor":36,"gold_loss":0},{"cards_removed":["Strike_R"],"damage_healed":0,"gold_gain":0,"player_choice":"Card Removal","damage_taken":0,"max_hp_gain":0,"max_hp_loss":0,"event_name":"Wheel of Change","floor":37,"gold_loss":0},{"damage_healed":0,"gold_gain":0,"player_choice":"Memory 1","damage_taken":0,"max_hp_gain":0,"max_hp_loss":0,"event_name":"SensoryStone","floor":39,"gold_loss":0},{"damage_healed":0,"gold_gain":222,"player_choice":"Wore Mask","damage_taken":0,"max_hp_gain":0,"max_hp_loss":0,"event_name":"Tomb of Lord Red Mask","floor":48,"gold_loss":0}],"is_beta":false,"boss_relics":[{"not_picked":["Tiny House","Orrery"],"picked":"Snecko Eye"},{"not_picked":["Philosopher\u0027s Stone","Black Blood"],"picked":"Cursed Key"}],"items_purged_floors":[3,19,38,41],"is_endless":false,"potions_floor_spawned":[4,12,14,18,22,29,40,45,47],"ascension_level":3}