{"gold_per_floor":[118,129,129,154,173,173,213,232,232,232,182,200,200,238,238,238],"floor_reached":16,"playtime":1142,"items_purged":[],"score":140,"play_id":"34e0f664-24a2-4146-a176-881d604b6e60","local_time":"20190107170844","is_ascension_mode":true,"campfire_choices":[{"data":"Armaments","floor":6,"key":"SMITH"},{"data":"Uppercut","floor":10,"key":"SMITH"},{"data":"True Grit","floor":15,"key":"SMITH"}],"neow_cost":"NONE","seed_source_timestamp":2234596833015638,"circlet_count":0,"master_deck":["Strike_R","Strike_R","Strike_R","Strike_R","Defend_R","Defend_R","Defend_R","Defend_R","Bash","Armaments+1","Rampage","Uppercut+1","Whirlwind","Bludgeon","Limit Break","Headbutt","True Grit+1"],"relics":["Burning Blood","Golden Idol","Bag of Preparation","Paper Frog","Letter Opener"],"potions_floor_usage":[8,16],"damage_taken":[{"damage":0,"enemies":"Small Slimes","floor":1,"turns":3},{"damage":0,"enemies":"Cultist","floor":2,"turns":4},{"damage":1,"enemies":"2 Louse","floor":4,"turns":3},{"damage":5,"enemies":"Large Slime","floor":5,"turns":5},{"damage":16,"enemies":"Lagavulin","floor":7,"turns":6},{"damage":5,"enemies":"Exordium Wildlife","floor":8,"turns":4},{"damage":9,"enemies":"Looter","floor":12,"turns":3},{"damage":24,"enemies":"Gremlin Nob","floor":14,"turns":4},{"damage":62,"enemies":"Hexaghost","floor":16,"turns":10}],"seed_played":"7428676903522081867","potions_obtained":[{"floor":1,"key":"GamblersBrew"},{"floor":5,"key":"Explosive Potion"},{"floor":7,"key":"BloodPotion"},{"floor":8,"key":"Swift Potion"},{"floor":12,"key":"FairyPotion"}],"is_trial":false,"path_per_floor":["M","M","?","M","M","R","E","M","T","R","?","M","?","E","R","B"],"character_chosen":"IRONCLAD","items_purchased":[],"campfire_rested":0,"item_purchase_floors":[],"current_hp_per_floor":[88,88,66,71,72,72,62,71,71,71,71,68,68,50,50,0],"gold":238,"neow_bonus":"TEN_PERCENT_HP_BONUS","is_prod":false,"is_daily":false,"chose_seed":false,"campfire_upgraded":3,"win_rate":0,"timestamp":1546898924,"path_taken":["M","M","?","M","M","R","E","M","T","R","?","M","?","E","R","BOSS"],"build_version":"2019-01-03v4","purchased_purges":0,"victory":false,"max_hp_per_floor":[88,88,88,88,88,88,88,88,88,88,88,88,88,88,88,88],"card_choices":[{"not_picked":["Clothesline","Cleave"],"picked":"Armaments","floor":1},{"not_picked":["Anger","Ghostly Armor"],"picked":"Rampage","floor":2},{"not_picked":["Sever Soul","Heavy Blade"],"picked":"Uppercut","floor":4},{"not_picked":["Dual Wield","Twin Strike","Heavy Blade"],"picked":"SKIP","floor":5},{"not_picked":["Rampage","Blood for Blood","Infernal Blade"],"picked":"SKIP","floor":7},{"not_picked":["Sever Soul","Body Slam"],"picked":"Whirlwind","floor":8},{"not_picked":["Twin Strike","Cleave"],"picked":"Bludgeon","floor":12},{"not_picked":["Thunderclap","Entrench"],"picked":"True Grit","floor":14}],"player_experience":571830,"relics_obtained":[{"floor":7,"key":"Bag of Preparation"},{"floor":9,"key":"Paper Frog"},{"floor":14,"key":"Letter Opener"}],"event_choices":[{"damage_healed":0,"gold_gain":0,"player_choice":"Take Damage","damage_taken":22,"relics_obtained":["Golden Idol"],"max_hp_gain":0,"max_hp_loss":0,"event_name":"Golden Idol","floor":3,"gold_loss":0},{"cards_removed":["Strike_R"],"damage_healed":0,"gold_gain":0,"player_choice":"Card Removal","damage_taken":0,"max_hp_gain":0,"max_hp_loss":0,"event_name":"The Cleric","floor":11,"gold_loss":50},{"damage_healed":0,"gold_gain":0,"player_choice":"2 cards matched","damage_taken":0,"max_hp_gain":0,"max_hp_loss":0,"event_name":"Match and Keep!","floor":13,"gold_loss":0,"cards_obtained":["Limit Break","Headbutt"]}],"is_beta":false,"boss_relics":[],"items_purged_floors":[],"is_endless":false,"potions_floor_spawned":[1,5,7,8,12],"killed_by":"Hexaghost","ascension_level":5}