{"gold_per_floor":[17,35,51,130,8,8,38,38,38,64,74,74,74,98,98,191,191,216,216,231,10,24,24,45,45,45,45,65,98,98,111,111,111],"floor_reached":33,"playtime":1619,"items_purged":["Strike_R"],"score":437,"play_id":"2877e3ca-09ee-43bf-b81c-c24bc19c38a8","local_time":"20190428180143","is_ascension_mode":true,"campfire_choices":[{"data":"Armaments","floor":6,"key":"SMITH"},{"data":"Carnage","floor":8,"key":"SMITH"},{"data":"True Grit","floor":12,"key":"SMITH"},{"data":"Inflame","floor":15,"key":"SMITH"},{"floor":23,"key":"REST"},{"data":"Limit Break","floor":25,"key":"SMITH"},{"data":"Whirlwind","floor":30,"key":"SMITH"},{"data":"Clothesline","floor":32,"key":"SMITH"}],"neow_cost":"NO_GOLD","seed_source_timestamp":371570316882600,"circlet_count":0,"master_deck":["AscendersBane","Strike_R","Defend_R","Defend_R","Defend_R","Defend_R","Bash","Shrug It Off","Clothesline+1","Armaments+1","Inflame+1","Shrug It Off","Carnage+1","Whirlwind+1","Pummel","True Grit+1","Shrug It Off","Brutality","True Grit+1","Rupture+1","Flex+1","Battle Trance","Pommel Strike+1","Limit Break+1","Offering","Seeing Red","Sword Boomerang","Headbutt"],"relics":["Burning Blood","Prayer Wheel","Lantern","Paper Frog","Mango","Golden Idol","Astrolabe","Meat on the Bone","Red Mask"],"potions_floor_usage":[16,16,22,28,29,31],"damage_taken":[{"damage":3,"enemies":"2 Louse","floor":1,"turns":3},{"damage":10,"enemies":"Jaw Worm","floor":2,"turns":5},{"damage":0,"enemies":"Cultist","floor":3,"turns":4},{"damage":45,"enemies":"Gremlin Nob","floor":7,"turns":6},{"damage":20,"enemies":"3 Sentries","floor":10,"turns":8},{"damage":0,"enemies":"Blue Slaver","floor":11,"turns":3},{"damage":4,"enemies":"Exordium Wildlife","floor":14,"turns":5},{"damage":24,"enemies":"The Guardian","floor":16,"turns":14},{"damage":24,"enemies":"Shell Parasite","floor":18,"turns":8},{"damage":27,"enemies":"Spheric Guardian","floor":20,"turns":6},{"damage":10,"enemies":"Snake Plant","floor":22,"turns":4},{"damage":24,"enemies":"3 Cultists","floor":24,"turns":6},{"damage":9,"enemies":"Snecko","floor":28,"turns":3},{"damage":6,"enemies":"Masked Bandits","floor":29,"turns":3},{"damage":19,"enemies":"Chosen and Byrds","floor":31,"turns":4},{"damage":51,"enemies":"Champ","floor":33,"turns":7}],"seed_played":"3546873220760596465","potions_obtained":[{"floor":10,"key":"Poison Potion"},{"floor":14,"key":"FearPotion"},{"floor":16,"key":"Block Potion"},{"floor":18,"key":"Fire Potion"},{"floor":24,"key":"Poison Potion"},{"floor":29,"key":"SkillPotion"},{"floor":31,"key":"Explosive Potion"}],"is_trial":false,"path_per_floor":["M","M","M","?","$","R","E","R","T","E","M","R","?","M","R","B",null,"M","$","M","$","M","R","M","R","T","?","M","?","R","M","R","B"],"character_chosen":"IRONCLAD","items_purchased":["Inflame","Shrug It Off","Limit Break"],"campfire_rested":1,"item_purchase_floors":[5,5,21],"current_hp_per_floor":[71,67,73,73,73,73,34,34,34,34,40,40,40,42,42,24,68,50,50,29,29,25,49,31,31,31,31,40,52,52,51,51,0],"gold":111,"neow_bonus":"ONE_RARE_RELIC","is_prod":false,"is_daily":false,"chose_seed":false,"campfire_upgraded":7,"win_rate":0,"timestamp":1556488903,"path_taken":["M","M","M","?","$","R","E","R","T","E","M","R","?","M","R","BOSS","M","$","M","$","M","R","M","R","T","?","?","?","R","M","R","BOSS"],"build_version":"2019-01-23","purchased_purges":1,"victory":false,"max_hp_per_floor":[75,75,75,75,75,75,75,75,75,89,89,89,82,82,82,82,82,82,82,82,82,82,82,82,82,82,82,82,82,82,82,82,82],"card_choices":[{"not_picked":["Anger","Clothesline"],"picked":"Shrug It Off","floor":1},{"not_picked":["Havoc","Flex","True Grit"],"picked":"SKIP","floor":1},{"not_picked":["Flex","Armaments"],"picked":"Clothesline","floor":2},{"not_picked":["Anger","Sword Boomerang","Wild Strike"],"picked":"SKIP","floor":2},{"not_picked":["Clash","Heavy Blade"],"picked":"Armaments","floor":3},{"not_picked":["Havoc","Wild Strike","Sentinel"],"picked":"SKIP","floor":3},{"not_picked":["Twin Strike","Reaper"],"picked":"Carnage","floor":7},{"not_picked":["Corruption","Feel No Pain"],"picked":"Whirlwind","floor":10},{"not_picked":["Warcry","Burning Pact"],"picked":"Pummel","floor":11},{"not_picked":["Clothesline","Rage"],"picked":"True Grit","floor":11},{"not_picked":["Thunderclap","Sword Boomerang"],"picked":"Shrug It Off","floor":14},{"not_picked":["Armaments","Fire Breathing","Thunderclap"],"picked":"SKIP","floor":14},{"not_picked":["Dark Embrace","Exhume"],"picked":"Brutality","floor":16},{"not_picked":["Twin Strike","Flex"],"picked":"Battle Trance","floor":18},{"not_picked":["Warcry","Headbutt","Armaments"],"picked":"SKIP","floor":18},{"not_picked":["Warcry","Headbutt","Armaments"],"picked":"SKIP","floor":18},{"not_picked":["Second Wind","True Grit"],"picked":"Pommel Strike+1","floor":20},{"not_picked":["Clash","Seeing Red","Sever Soul+1"],"picked":"SKIP","floor":20},{"not_picked":["Power Through","Heavy Blade+1"],"picked":"Offering","floor":22},{"not_picked":["Uppercut","Dropkick","Clothesline"],"picked":"SKIP","floor":22},{"not_picked":["Havoc","Whirlwind"],"picked":"Seeing Red","floor":24},{"not_picked":["Body Slam","Power Through","Shrug It Off"],"picked":"SKIP","floor":24},{"not_picked":["Intimidate","Clothesline"],"picked":"Sword Boomerang","floor":28},{"not_picked":["Pommel Strike","Twin Strike","Wild Strike"],"picked":"SKIP","floor":28},{"not_picked":["Warcry","Whirlwind"],"picked":"Headbutt","floor":31},{"not_picked":["Body Slam+1","Rupture","Sword Boomerang"],"picked":"SKIP","floor":31}],"player_experience":399846,"relics_obtained":[{"floor":7,"key":"Lantern"},{"floor":9,"key":"Paper Frog"},{"floor":10,"key":"Mango"},{"floor":26,"key":"Meat on the Bone"},{"floor":29,"key":"Red Mask"}],"event_choices":[{"damage_healed":0,"gold_gain":79,"player_choice":"Gained Gold","damage_taken":0,"max_hp_gain":0,"max_hp_loss":0,"event_name":"Golden Wing","floor":4,"gold_loss":0},{"damage_healed":0,"gold_gain":0,"player_choice":"Lose Max HP","damage_taken":0,"relics_obtained":["Golden Idol"],"max_hp_gain":0,"max_hp_loss":7,"event_name":"Golden Idol","floor":13,"gold_loss":0},{"damage_healed":0,"gold_gain":0,"player_choice":"Ignored","damage_taken":0,"max_hp_gain":0,"max_hp_loss":0,"event_name":"N\u0027loth","floor":27,"gold_loss":0},{"damage_healed":0,"gold_gain":0,"player_choice":"Fought Bandits","damage_taken":0,"max_hp_gain":0,"max_hp_loss":0,"event_name":"Masked Bandits","floor":29,"gold_loss":0}],"is_beta":false,"boss_relics":[{"not_picked":["Philosopher\u0027s Stone","Sozu"],"picked":"Astrolabe"}],"items_purged_floors":[21],"is_endless":false,"potions_floor_spawned":[10,14,16,18,24,29,31],"killed_by":"Champ","ascension_level":14}