{"gold_per_floor":[113,188,203,73,88,88,113,126,152,152,152,152,164,61,61,137,137,37,37,37,37,37,37,37,37,37,37,37],"floor_reached":28,"playtime":1865,"items_purged":["Strike_G","Parasite"],"score":445,"play_id":"17774f19-c2c1-4664-9617-996a00b50000","local_time":"20190605163815","is_ascension_mode":true,"campfire_choices":[{"data":"Noxious Fumes","floor":6,"key":"SMITH"},{"floor":10,"key":"REST"},{"data":"Footwork","floor":15,"key":"SMITH"},{"floor":24,"key":"REST"},{"floor":27,"key":"REST"}],"neow_cost":"NONE","seed_source_timestamp":1804120454709479,"circlet_count":0,"master_deck":["AscendersBane","Defend_G","Defend_G","Defend_G","Defend_G","Defend_G","Strike_G","Strike_G","Strike_G","Strike_G","Survivor","Neutralize","Blade Dance","Poisoned Stab","Deflect","Noxious Fumes+1","All Out Attack","Dash","Footwork+1","Corpse Explosion","PiercingWail","Leg Sweep+1","Footwork","After Image","Dodge and Roll+1"],"relics":["Ring of the Snake","Smiling Mask","Juzu Bracelet","Ectoplasm","Nilry\u0027s Codex","Omamori"],"potions_floor_usage":[8,16,23,23],"damage_taken":[{"damage":0,"enemies":"2 Louse","floor":1,"turns":4},{"damage":2,"enemies":"Cultist","floor":3,"turns":4},{"damage":0,"enemies":"Jaw Worm","floor":5,"turns":4},{"damage":33,"enemies":"Lagavulin","floor":7,"turns":7},{"damage":9,"enemies":"Large Slime","floor":8,"turns":5},{"damage":0,"enemies":"Looter","floor":13,"turns":4},{"damage":33,"enemies":"Slime Boss","floor":16,"turns":9},{"damage":11,"enemies":"2 Thieves","floor":18,"turns":4},{"damage":5,"enemies":"Book of Stabbing","floor":23,"turns":7},{"damage":11,"enemies":"Shell Parasite","floor":25,"turns":6},{"damage":47,"enemies":"Cultist and Chosen","floor":28,"turns":3}],"seed_played":"-7977235154157094089","potions_obtained":[{"floor":0,"key":"LiquidBronze"},{"floor":0,"key":"Ancient Potion"},{"floor":7,"key":"AttackPotion"},{"floor":18,"key":"Swift Potion"}],"is_trial":false,"path_per_floor":["M","?","M","$","M","R","E","M","T","R","?","?","M","$","R","B",null,"M","$","?","?","?","E","R","M","T","R","M"],"character_chosen":"THE_SILENT","items_purchased":["Deflect","Poison Potion"],"campfire_rested":3,"item_purchase_floors":[4,14],"current_hp_per_floor":[59,48,46,46,46,46,13,4,4,23,39,39,39,39,39,6,49,38,38,38,17,17,12,30,19,19,37,0],"gold":37,"neow_bonus":"THREE_SMALL_POTIONS","is_prod":false,"is_daily":false,"chose_seed":false,"campfire_upgraded":2,"win_rate":0,"timestamp":1559745495,"path_taken":["M","?","M","$","M","R","E","M","T","R","?","?","M","$","R","BOSS","M","?","?","?","?","E","R","M","T","R","M"],"build_version":"2019-01-23","purchased_purges":2,"victory":false,"max_hp_per_floor":[66,66,66,66,66,66,66,66,66,66,66,66,66,63,63,63,63,63,63,63,63,63,63,63,63,63,63,63],"card_choices":[{"not_picked":["Acrobatics","Heel Hook"],"picked":"Blade Dance","floor":1},{"not_picked":["Bane","Flying Knee"],"picked":"Poisoned Stab","floor":3},{"not_picked":["Sucker Punch","Dagger Throw"],"picked":"Noxious Fumes","floor":5},{"not_picked":["Dagger Spray","Predator"],"picked":"All Out Attack","floor":7},{"not_picked":["Skewer","PiercingWail"],"picked":"Dash","floor":8},{"not_picked":["Night Terror","Underhanded Strike"],"picked":"PiercingWail","floor":13},{"not_picked":["Noxious Fumes","Prepared+1"],"picked":"Leg Sweep+1","floor":18},{"not_picked":["Tools of the Trade","Calculated Gamble"],"picked":"After Image","floor":23},{"not_picked":["Blade Dance","Backflip"],"picked":"Dodge and Roll+1","floor":25}],"player_experience":810424,"relics_obtained":[{"floor":7,"key":"Smiling Mask"},{"floor":9,"key":"Juzu Bracelet"},{"floor":21,"key":"Nilry\u0027s Codex"},{"floor":23,"key":"Omamori"}],"event_choices":[{"damage_healed":0,"gold_gain":75,"player_choice":"Gather Gold","damage_taken":11,"max_hp_gain":0,"max_hp_loss":0,"event_name":"World of Goop","floor":2,"gold_loss":0},{"damage_healed":16,"gold_gain":0,"player_choice":"Healed and dodged fight","damage_taken":0,"max_hp_gain":0,"max_hp_loss":0,"event_name":"Mushrooms","floor":11,"gold_loss":0,"cards_obtained":["Parasite"]},{"damage_healed":0,"gold_gain":0,"player_choice":"2 cards matched","damage_taken":0,"max_hp_gain":0,"max_hp_loss":0,"event_name":"Match and Keep!","floor":12,"gold_loss":0,"cards_obtained":["Footwork","Corpse Explosion"]},{"damage_healed":0,"gold_gain":0,"player_choice":"2 cards matched","damage_taken":0,"max_hp_gain":0,"max_hp_loss":0,"event_name":"Match and Keep!","floor":12,"gold_loss":0,"cards_obtained":["Footwork","Corpse Explosion"]},{"damage_healed":0,"gold_gain":0,"player_choice":"1 cards matched","damage_taken":0,"max_hp_gain":0,"max_hp_loss":0,"event_name":"Match and Keep!","floor":20,"gold_loss":0,"cards_obtained":["Footwork"]},{"damage_healed":0,"gold_gain":0,"player_choice":"Obtained Book","damage_taken":21,"max_hp_gain":0,"max_hp_loss":0,"event_name":"Cursed Tome","floor":21,"gold_loss":0},{"damage_healed":0,"gold_gain":0,"player_choice":"Ignored","damage_taken":0,"max_hp_gain":0,"max_hp_loss":0,"event_name":"Beggar","floor":22,"gold_loss":0}],"is_beta":false,"boss_relics":[{"not_picked":["Runic Pyramid","Empty Cage"],"picked":"Ectoplasm"}],"items_purged_floors":[4,14],"is_endless":false,"potions_floor_spawned":[7,18],"killed_by":"Cultist and Chosen","ascension_level":18}