{"gold_per_floor":[114,65,80,95,110,125,140,140,215,245,245,260,260,260,260,360,360,375,390,405,420,420,450,75,75,75,90,90,32,32,47,47,147,147,162,177,32,47,62,92,92,107,107,107,122,122,122,122],"floor_reached":48,"playtime":3724,"items_purged":["Strike_G","Strike_R"],"score":513,"play_id":"efa3a09f-ee4a-434f-94b8-c0995914ba4d","local_time":"20190426133611","daily_mods":["Chimera","Uncertain Future","Night Terrors"],"is_ascension_mode":false,"campfire_choices":[{"data":"Bash","floor":11.0,"key":"SMITH"},{"data":"Zap","floor":13.0,"key":"SMITH"},{"data":"Defragment","floor":15.0,"key":"SMITH"},{"data":"Biased Cognition","floor":28,"key":"SMITH"},{"data":"Coolheaded","floor":30,"key":"SMITH"},{"data":"1","floor":32,"key":"LIFT"},{"data":"2","floor":41,"key":"LIFT"},{"data":"3","floor":44,"key":"LIFT"}],"neow_cost":"","seed_source_timestamp":0,"circlet_count":0,"master_deck":["Bash+1","Survivor","Zap+1","Defend_R","Defend_G","Defend_B","Coolheaded","Hologram","Defragment+1","Melter","Hologram","BootSequence","Biased Cognition+1","Double Energy","Reinforced Body","Coolheaded+1","Sweeping Beam","Seek","Compile Driver+1","Self Repair+1","Electrodynamics+1","Glacier","Loop+1","Loop+1","Storm+1","Sweeping Beam+1"],"special_seed":18012,"relics":["Cracked Core","CultistMask","Blue Candle","Ornamental Fan","Sozu","Ancient Tea Set","Frozen Egg 2","Girya","MutagenicStrength","The Courier","Fusion Hammer","Emotion Chip","Bottled Tornado"],"potions_floor_usage":[33],"damage_taken":[{"damage":0.0,"enemies":"Cultist","floor":1.0,"turns":3.0},{"damage":0.0,"enemies":"Jaw Worm","floor":3.0,"turns":3.0},{"damage":0.0,"enemies":"2 Louse","floor":4.0,"turns":3.0},{"damage":3.0,"enemies":"Large Slime","floor":5.0,"turns":6.0},{"damage":0.0,"enemies":"Exordium Wildlife","floor":6.0,"turns":4.0},{"damage":0.0,"enemies":"Looter","floor":7.0,"turns":4.0},{"damage":19.0,"enemies":"Lagavulin","floor":10.0,"turns":6.0},{"damage":6.0,"enemies":"Lots of Slimes","floor":12.0,"turns":4.0},{"damage":4.0,"enemies":"Hexaghost","floor":16.0,"turns":8.0},{"damage":6.0,"enemies":"2 Thieves","floor":18.0,"turns":4.0},{"damage":0.0,"enemies":"Spheric Guardian","floor":19.0,"turns":2.0},{"damage":9,"enemies":"Cultist and Chosen","floor":20,"turns":6},{"damage":0,"enemies":"Shelled Parasite and Fungi","floor":21,"turns":6},{"damage":0,"enemies":"Book of Stabbing","floor":23,"turns":6},{"damage":10,"enemies":"Snecko","floor":27,"turns":9},{"damage":0,"enemies":"Centurion and Healer","floor":31,"turns":8},{"damage":40,"enemies":"Automaton","floor":33,"turns":11},{"damage":1,"enemies":"Orb Walker","floor":35,"turns":3},{"damage":0,"enemies":"3 Shapes","floor":36,"turns":3},{"damage":0,"enemies":"Sphere and 2 Shapes","floor":38,"turns":2},{"damage":0,"enemies":"4 Shapes","floor":39,"turns":2},{"damage":40,"enemies":"Nemesis","floor":40,"turns":7},{"damage":0,"enemies":"Jaw Worm Horde","floor":42,"turns":2},{"damage":0,"enemies":"Maw","floor":45,"turns":5},{"damage":55,"enemies":"Time Eater","floor":48,"turns":12}],"seed_played":"1936740419660225574","potions_obtained":[{"floor":4.0,"key":"EssenceOfSteel"},{"floor":5.0,"key":"Strength Potion"},{"floor":6.0,"key":"FocusPotion"}],"is_trial":false,"path_per_floor":["M","$","M","M","M","M","M","?","T","E","R","M","R","?","R","B",null,"M","M","M","M","?","E","$","?","T","M","R","$","R","M","R","B",null,"M","M","$","M","M","E","R","M","T","R","M","?","?","B"],"character_chosen":"DEFECT","items_purchased":["Coolheaded","Girya","Self Repair+1","Loop+1"],"campfire_rested":0,"item_purchase_floors":[2,24,29,37],"current_hp_per_floor":[75,75,75,75,72,72,72,72,72,53,53,47,47,47,47,43,75,69,69,60,60,60,60,60,60,60,50,50,50,50,60,60,30,75,75,75,75,75,75,45,45,45,45,45,55,55,55,0],"gold":122,"neow_bonus":"","is_prod":false,"is_daily":true,"chose_seed":false,"campfire_upgraded":5,"win_rate":0,"timestamp":1556278571,"path_taken":["M","$","M","M","M","M","M","?","T","E","R","?","R","?","R","BOSS","M","M","M","M","?","E","$","?","T","M","R","?","R","M","R","BOSS","M","M","$","M","M","E","R","M","T","R","M","?","?","BOSS"],"build_version":"2019-01-23","purchased_purges":2,"victory":false,"max_hp_per_floor":[75,75,75,75,75,75,75,75,75,75,75,75,75,75,75,75,75,75,75,75,75,75,75,75,75,75,75,75,75,75,75,75,75,75,75,75,75,75,75,75,75,75,75,75,75,75,75,75],"card_choices":[{"not_picked":["Ball Lightning","Barrage"],"picked":"Gash","floor":1.0},{"not_picked":["Static Discharge","Chaos"],"picked":"Hologram","floor":3.0},{"not_picked":["Conserve Battery","Coolheaded"],"picked":"Defragment","floor":4.0},{"not_picked":["Hello World","Redo"],"picked":"Melter","floor":5.0},{"not_picked":["Rebound","Static Discharge","Stack"],"picked":"SKIP","floor":6.0},{"not_picked":["Steam","Double Energy"],"picked":"Hologram","floor":7.0},{"not_picked":["Stack","Steam","Aggregate"],"picked":"SKIP","floor":10.0},{"not_picked":["Steam Power","Conserve Battery"],"picked":"BootSequence","floor":12.0},{"not_picked":["Thunder Strike","Reboot"],"picked":"Biased Cognition","floor":16.0},{"not_picked":["Aggregate+1","Turbo"],"picked":"Double Energy","floor":18.0},{"not_picked":["Consume","Darkness"],"picked":"Reinforced Body","floor":19.0},{"not_picked":["BootSequence+1","Beam Cell"],"picked":"Coolheaded","floor":20},{"not_picked":["Rebound","Leap"],"picked":"Sweeping Beam","floor":21},{"not_picked":["Cold Snap+1","Leap"],"picked":"Seek","floor":23},{"not_picked":["Blizzard","Stack+1"],"picked":"Compile Driver+1","floor":27},{"not_picked":["Storm+1","Barrage","Redo"],"picked":"SKIP","floor":31},{"not_picked":["Reboot","Meteor Strike"],"picked":"Electrodynamics+1","floor":33},{"not_picked":["Darkness","Barrage","Steam+1"],"picked":"SKIP","floor":35},{"not_picked":["Tempest+1","Rebound"],"picked":"Glacier","floor":36},{"not_picked":["Double Energy","Conserve Battery"],"picked":"Loop+1","floor":38},{"not_picked":["Sweeping Beam+1","Conserve Battery+1","Leap+1"],"picked":"SKIP","floor":39},{"not_picked":["Stack+1","Cold Snap+1","Rip and Tear"],"picked":"SKIP","floor":40},{"not_picked":["Doom and Gloom+1","Beam Cell+1"],"picked":"Storm+1","floor":42},{"not_picked":["Gash","FTL+1"],"picked":"Sweeping Beam+1","floor":45}],"player_experience":524087,"relics_obtained":[{"floor":9.0,"key":"Blue Candle"},{"floor":10.0,"key":"Ornamental Fan"},{"floor":23,"key":"Frozen Egg 2"},{"floor":26,"key":"The Courier"},{"floor":40,"key":"Emotion Chip"},{"floor":43,"key":"Bottled Tornado"}],"event_choices":[{"damage_healed":0.0,"max_hp_gain":0.0,"max_hp_loss":0.0,"gold_gain":0.0,"event_name":"FaceTrader","player_choice":"Trade","floor":8.0,"gold_loss":0.0,"damage_taken":0.0,"relics_obtained":["CultistMask"]},{"cards_removed":["Strike_B"],"damage_healed":0.0,"max_hp_gain":0.0,"max_hp_loss":0.0,"gold_gain":0.0,"event_name":"Living Wall","player_choice":"Forget","floor":14.0,"gold_loss":0.0,"damage_taken":0.0},{"damage_healed":0,"gold_gain":0,"player_choice":"Opened","damage_taken":0,"relics_obtained":["Ancient Tea Set"],"max_hp_gain":0,"max_hp_loss":0,"event_name":"The Mausoleum","floor":22,"gold_loss":0},{"damage_healed":0,"gold_gain":0,"player_choice":"Inject Mutagens","damage_taken":0,"relics_obtained":["MutagenicStrength"],"max_hp_gain":0,"max_hp_loss":0,"event_name":"Drug Dealer","floor":25,"gold_loss":0},{"cards_removed":["Gash"],"damage_healed":0,"gold_gain":0,"player_choice":"Removed Attack","damage_taken":0,"max_hp_gain":0,"max_hp_loss":0,"event_name":"Falling","floor":46,"gold_loss":0},{"damage_healed":0,"gold_gain":0,"player_choice":"Took Portal","damage_taken":0,"max_hp_gain":0,"max_hp_loss":0,"event_name":"SecretPortal","floor":47,"gold_loss":0}],"is_beta":false,"boss_relics":[{"not_picked":["Ectoplasm","Nuclear Battery"],"picked":"Sozu"},{"not_picked":["Black Star","Tiny House"],"picked":"Fusion Hammer"}],"items_purged_floors":[24,37],"is_endless":false,"potions_floor_spawned":[4,5,6,7,20,21,23,27,31,35,36,42],"killed_by":"Time Eater","ascension_level":0}