{"path_per_floor":["M","M","M","$","M","R","M","M","T","R","$","?","M","M","R","B",null,"M","?","M","M","M","R","M","R","T","M","M","M","$","M","R"],"character_chosen":"THE_SILENT","items_purchased":["Trip","Deflect","Thinking Ahead","Madness"],"gold_per_floor":[113,126,144,47,65,65,79,97,97,97,72,52,62,76,76,176,176,192,192,211,227,246,246,262,262,262,276,286,299,2,13,13,13],"floor_reached":33,"campfire_rested":4,"playtime":4392,"current_hp_per_floor":[70,70,70,70,70,70,56,52,52,70,70,70,64,62,62,29,70,70,70,32,20,23,44,16,37,37,9,1,17,17,17,38,0],"items_purged":[],"gold":13,"score":249,"play_id":"edaa8dd5-0021-4866-a82c-2e1cecf4fa25","local_time":"20180328032730","is_prod":false,"is_daily":false,"is_ascension_mode":false,"campfire_upgraded":2,"timestamp":1522222050,"path_taken":["M","M","M","$","M","R","M","M","T","R","$","?","M","M","R","BOSS","M","?","M","?","M","R","M","R","T","?","M","M","$","M","R","BOSS"],"build_version":"2018-03-22v2","purchased_purges":0,"victory":false,"master_deck":["Defend_G","Defend_G","Defend_G","Defend_G","Defend_G","Strike_G","Strike_G","Strike_G","Strike_G","Strike_G","Survivor","Neutralize","Predator+1","Acrobatics","Quick Slash+1","Trip","Leg Sweep","Slice+1","Flying Knee","Deflect","Footwork","Dagger Throw","Glass Knife","Dagger Spray+1","Crippling Poison+1","Outmaneuver","Infinite Blades+1","Dagger Throw","Dagger Throw+1","Calculated Gamble","Blur+1","Thinking Ahead","Madness","Heel Hook"],"max_hp_per_floor":[70,70,70,70,70,70,70,70,70,70,70,70,70,70,70,70,70,70,70,70,70,70,70,70,70,70,70,70,70,70,70,70,70],"relics":["Ring of the Snake","Pen Nib","Lizard Tail","Letter Opener"],"card_choices":[{"not_picked":["Slice","Finisher"],"picked":"Predator","floor":1},{"not_picked":["Heel Hook","Dodge and Roll"],"picked":"Acrobatics","floor":2},{"not_picked":["Riddle With Holes","A Thousand Cuts"],"picked":"Quick Slash","floor":3},{"not_picked":["Backflip","Dodge and Roll"],"picked":"Leg Sweep","floor":5},{"not_picked":["Well Laid Plans","Prepared"],"picked":"Slice","floor":7},{"not_picked":["Deadly Poison","Dodge and Roll"],"picked":"Flying Knee","floor":8},{"not_picked":["Dodge and Roll","Flechettes"],"picked":"Footwork","floor":13},{"not_picked":["Skewer","Reflex"],"picked":"Dagger Throw","floor":14},{"not_picked":["Tactician","After Image"],"picked":"Glass Knife","floor":16},{"not_picked":["Dagger Throw","Deadly Poison"],"picked":"Dagger Spray","floor":18},{"not_picked":["Poisoned Stab","Prepared"],"picked":"Crippling Poison","floor":20},{"not_picked":["Deflect","Reflex"],"picked":"Outmaneuver","floor":21},{"not_picked":["Crippling Poison","Riddle With Holes"],"picked":"Infinite Blades","floor":22},{"not_picked":["Underhanded Strike","Slice"],"picked":"Dagger Throw","floor":24},{"not_picked":["Dagger Spray","PiercingWail"],"picked":"Dagger Throw","floor":27},{"not_picked":["PiercingWail","Dodge and Roll"],"picked":"Calculated Gamble","floor":28},{"not_picked":["Dodge and Roll","PiercingWail"],"picked":"Blur","floor":29},{"not_picked":["Envenom","Dagger Spray"],"picked":"Heel Hook","floor":31}],"player_experience":540,"potions_floor_usage":[22,28],"damage_taken":[{"damage":0,"enemies":"2 Louse","floor":1,"turns":6},{"damage":0,"enemies":"Cultist","floor":2,"turns":3},{"damage":0,"enemies":"Jaw Worm","floor":3,"turns":5},{"damage":0,"enemies":"Red Slaver","floor":5,"turns":4},{"damage":14,"enemies":"Exordium Thugs","floor":7,"turns":7},{"damage":4,"enemies":"Looter","floor":8,"turns":3},{"damage":6,"enemies":"Gremlin Gang","floor":13,"turns":4},{"damage":2,"enemies":"Blue Slaver","floor":14,"turns":5},{"damage":33,"enemies":"The Guardian","floor":16,"turns":11},{"damage":0,"enemies":"Chosen","floor":18,"turns":4},{"damage":38,"enemies":"3 Byrds","floor":20,"turns":5},{"damage":12,"enemies":"Snecko","floor":21,"turns":5},{"damage":12,"enemies":"Centurion and Healer","floor":22,"turns":10},{"damage":28,"enemies":"Cultist and Chosen","floor":24,"turns":6},{"damage":28,"enemies":"Snake Plant","floor":27,"turns":4},{"damage":8,"enemies":"Snecko","floor":28,"turns":4},{"damage":20,"enemies":"Centurion and Healer","floor":29,"turns":7},{"damage":0,"enemies":"Cultist and Chosen","floor":31,"turns":5},{"damage":59,"enemies":"Champ","floor":33,"turns":15}],"event_choices":[{"event_name":"The Woman in Blue","player_choice":"Bought 1 Potion","floor":12,"damage_taken":0},{"event_name":"Upgrade Shrine","player_choice":"Upgraded","floor":19,"damage_taken":0}],"boss_relics":[{"not_picked":["Cursed Key","The Specimen"],"picked":"Lizard Tail"}],"potions_floor_spawned":[1,7,14,16,18,20,29,31],"seed_played":"674186996110994400","killed_by":"Champ","ascension_level":0,"is_trial":false}