{"gold_per_floor":[113,129,147,97,117,117,217,217,290,320,320,339,355,372,372,372],"floor_reached":16,"playtime":1607,"items_purged":[],"score":125,"play_id":"bf2cbdfd-32fb-405b-b311-e8bfb0049ac2","local_time":"20190310214608","is_ascension_mode":true,"campfire_choices":[{"data":"Sucker Punch","floor":6.0,"key":"SMITH"},{"data":"Neutralize","floor":8.0,"key":"SMITH"},{"data":"Deadly Poison","floor":11,"key":"SMITH"},{"floor":15,"key":"REST"}],"neow_cost":"TEN_PERCENT_HP_LOSS","seed_source_timestamp":1926421398711906,"circlet_count":0,"master_deck":["Defend_G","Defend_G","Defend_G","Defend_G","Defend_G","Strike_G","Strike_G","Strike_G","Strike_G","Survivor","Neutralize+1","Deadly Poison+1","Sucker Punch+1","PiercingWail","Backstab","Backflip","Bullet Time","Quick Slash","Outmaneuver"],"special_seed":0,"relics":["Ring of the Snake","Calipers","Meat on the Bone","Blood Vial"],"potions_floor_usage":[10,16,16,16],"damage_taken":[{"damage":0.0,"enemies":"2 Louse","floor":1.0,"turns":3.0},{"damage":1.0,"enemies":"Small Slimes","floor":2.0,"turns":3.0},{"damage":0.0,"enemies":"Cultist","floor":3.0,"turns":3.0},{"damage":22.0,"enemies":"Exordium Wildlife","floor":5.0,"turns":8.0},{"damage":18,"enemies":"Lagavulin","floor":10,"turns":6},{"damage":1,"enemies":"Red Slaver","floor":12,"turns":3},{"damage":0,"enemies":"Blue Slaver","floor":13,"turns":3},{"damage":1,"enemies":"Exordium Wildlife","floor":14,"turns":4},{"damage":79,"enemies":"Slime Boss","floor":16,"turns":13}],"seed_played":"98276646256920425","potions_obtained":[{"floor":1.0,"key":"Strength Potion"},{"floor":2.0,"key":"FairyPotion"},{"floor":13,"key":"EntropicBrew"}],"is_trial":false,"path_per_floor":["M","M","M","?","M","R","?","R","T","E","R","M","M","M","R","B"],"character_chosen":"THE_SILENT","items_purchased":[],"campfire_rested":1,"item_purchase_floors":[],"current_hp_per_floor":[63,62,62,62,40,40,40,40,40,34,34,35,37,38,56,0],"gold":372,"neow_bonus":"ONE_RARE_RELIC","is_prod":false,"is_daily":false,"chose_seed":false,"campfire_upgraded":3,"win_rate":0,"timestamp":1552243568,"path_taken":["M","M","M","?","M","R","?","R","T","E","R","?","M","M","R","BOSS"],"build_version":"2019-01-23","purchased_purges":0,"victory":false,"max_hp_per_floor":[63,63,63,63,63,63,63,63,63,63,63,63,63,63,63,63],"card_choices":[{"not_picked":["Caltrops","Riddle With Holes"],"picked":"Deadly Poison","floor":1.0},{"not_picked":["Catalyst","Bane"],"picked":"Sucker Punch","floor":2.0},{"not_picked":["Bane","Skewer"],"picked":"PiercingWail","floor":3.0},{"not_picked":["Cloak And Dagger","Dagger Spray"],"picked":"Backstab","floor":5.0},{"not_picked":["Dagger Throw","Cloak And Dagger"],"picked":"Backflip","floor":10},{"not_picked":["Bane","Acrobatics"],"picked":"Bullet Time","floor":12},{"not_picked":["Riddle With Holes","Distraction"],"picked":"Quick Slash","floor":13},{"not_picked":["Infinite Blades","Underhanded Strike"],"picked":"Outmaneuver","floor":14}],"player_experience":292159,"relics_obtained":[{"floor":9.0,"key":"Meat on the Bone"},{"floor":10,"key":"Blood Vial"}],"event_choices":[{"cards_removed":["Strike_G"],"damage_healed":0.0,"max_hp_gain":0.0,"max_hp_loss":0.0,"gold_gain":0.0,"event_name":"The Cleric","player_choice":"Card Removal","floor":4.0,"gold_loss":50.0,"damage_taken":0.0},{"damage_healed":0.0,"max_hp_gain":0.0,"max_hp_loss":0.0,"gold_gain":100.0,"event_name":"Golden Shrine","player_choice":"Pray","floor":7.0,"gold_loss":0.0,"damage_taken":0.0}],"is_beta":false,"boss_relics":[],"items_purged_floors":[],"is_endless":false,"potions_floor_spawned":[1,2,13],"killed_by":"Slime Boss","ascension_level":4}