{"gold_per_floor":[119,130,150,167,185,211,211,231,231,257,272,272,306,306,306,406,406,424,444,463,254,254,286,296,296,296,325,325,325,358,358,358,459,459,471,481,581,593,604,604,634,634,660,660,694,709,738,750,750,750,750,750,4,30,30],"floor_reached":56,"playtime":4127,"items_purged":["Defend_B","Strike_B"],"score":1476,"play_id":"63af5f20-1720-48ee-ad85-7034523c3b5f","local_time":"20190606164949","is_ascension_mode":true,"campfire_choices":[{"data":"Zap","floor":7,"key":"SMITH"},{"floor":12,"key":"REST"},{"data":"Go for the Eyes","floor":15,"key":"SMITH"},{"data":"Chill","floor":25,"key":"SMITH"},{"floor":28,"key":"REST"},{"data":"Redo","floor":32,"key":"SMITH"},{"data":"Fission","floor":40,"key":"SMITH"},{"data":"Defragment","floor":42,"key":"SMITH"},{"data":"Sunder","floor":44,"key":"SMITH"},{"floor":49,"key":"RECALL"},{"data":"Creative AI","floor":52,"key":"SMITH"}],"neow_cost":"TEN_PERCENT_HP_LOSS","seed_source_timestamp":936692812999700,"circlet_count":0,"master_deck":["Strike_B","Strike_B","Strike_B","Defend_B+1","Defend_B","Defend_B+1","Zap+1","Dualcast+1","Fission+1","Chill+1","Go for the Eyes+1","FTL+1","Defragment+1","Redo+1","Leap","Sunder+1","Coolheaded+1","Core Surge","Sweeping Beam","Redo+1","Genetic Algorithm+1","Flash of Steel","Skim+1","Conserve Battery+1","Creative AI+1","Coolheaded+1","Seek+1","Double Energy+1","Hologram+1","Capacitor+1","Capacitor+1","Turbo+1","Rebound+1","Skim+1","Beam Cell+1","FTL+1","Storm+1","Steam+1","Bandage Up+1","Reinforced Body+1"],"relics":["Cracked Core","Smiling Mask","Toxic Egg 2","Mercury Hourglass","Pear","Philosopher\u0027s Stone","MutagenicStrength","Darkstone Periapt","Mummified Hand","FossilizedHelix","Emotion Chip","War Paint","Inserter","Incense Burner","Molten Egg 2","Frozen Egg 2","Anchor","Pocketwatch","Thread and Needle"],"potions_floor_usage":[10,13,16,16,16,18,23,27,41,47,47,50],"damage_taken":[{"damage":1,"enemies":"Jaw Worm","floor":1,"turns":4},{"damage":0,"enemies":"2 Louse","floor":2,"turns":3},{"damage":2,"enemies":"Cultist","floor":3,"turns":4},{"damage":0,"enemies":"Exordium Thugs","floor":4,"turns":4},{"damage":0,"enemies":"Lots of Slimes","floor":5,"turns":4},{"damage":15,"enemies":"Lagavulin","floor":6,"turns":9},{"damage":5,"enemies":"Large Slime","floor":8,"turns":7},{"damage":34,"enemies":"Gremlin Nob","floor":10,"turns":4},{"damage":0,"enemies":"Gremlin Gang","floor":11,"turns":2},{"damage":0,"enemies":"Lagavulin","floor":13,"turns":5},{"damage":0,"enemies":"Hexaghost","floor":16,"turns":9},{"damage":5,"enemies":"Shell Parasite","floor":18,"turns":3},{"damage":2,"enemies":"Chosen","floor":19,"turns":5},{"damage":0,"enemies":"Snecko","floor":20,"turns":4},{"damage":10,"enemies":"Book of Stabbing","floor":23,"turns":5},{"damage":15,"enemies":"Snake Plant","floor":24,"turns":5},{"damage":17,"enemies":"Slavers","floor":27,"turns":5},{"damage":0,"enemies":"Gremlin Leader","floor":30,"turns":5},{"damage":24,"enemies":"Automaton","floor":33,"turns":9},{"damage":0,"enemies":"Orb Walker","floor":35,"turns":3},{"damage":0,"enemies":"3 Shapes","floor":36,"turns":3},{"damage":6,"enemies":"Sphere and 2 Shapes","floor":38,"turns":4},{"damage":0,"enemies":"4 Shapes","floor":39,"turns":3},{"damage":20,"enemies":"Reptomancer","floor":41,"turns":7},{"damage":0,"enemies":"Giant Head","floor":45,"turns":11},{"damage":0,"enemies":"Maw","floor":46,"turns":9},{"damage":3,"enemies":"Nemesis","floor":47,"turns":11},{"damage":0,"enemies":"Transient","floor":48,"turns":5},{"damage":18,"enemies":"Donu and Deca","floor":50,"turns":10},{"damage":18,"enemies":"Shield and Spear","floor":54,"turns":6},{"damage":60,"enemies":"The Heart","floor":55,"turns":9}],"seed_played":"3105940050041419110","potions_obtained":[{"floor":1,"key":"LiquidBronze"},{"floor":3,"key":"LiquidBronze"},{"floor":6,"key":"GamblersBrew"},{"floor":8,"key":"Energy Potion"},{"floor":10,"key":"EssenceOfSteel"},{"floor":13,"key":"Block Potion"},{"floor":16,"key":"FearPotion"},{"floor":20,"key":"Swift Potion"},{"floor":24,"key":"LiquidBronze"},{"floor":36,"key":"Regen Potion"},{"floor":38,"key":"Weak Potion"},{"floor":41,"key":"Regen Potion"},{"floor":47,"key":"EssenceOfSteel"}],"is_trial":false,"path_per_floor":["M","M","M","M","M","E","R","M","T","E","M","R","E","?","R","B",null,"M","M","M","$","?","E","M","R","T","E","R","T","E","?","R","B",null,"M","M","?","M","M","R","E","R","T","R","E","M","E","M","R","B",null,"R","$","E","B",null],"character_chosen":"DEFECT","items_purchased":["Flash of Steel","Skim+1","FTL+1","Storm+1","Anchor","Pocketwatch","Steam+1","Bandage Up+1"],"campfire_rested":2,"item_purchase_floors":[21,21,53,53,53,53,53,53],"current_hp_per_floor":[67,67,65,65,65,50,50,45,45,11,11,31,41,25,25,25,78,73,71,71,71,71,61,46,46,46,29,52,52,52,52,52,28,78,78,78,78,72,72,72,64,64,64,64,64,64,76,76,76,58,78,78,78,60,6],"gold":30,"neow_bonus":"THREE_RARE_CARDS","is_prod":false,"is_daily":false,"chose_seed":false,"campfire_upgraded":8,"win_rate":0,"timestamp":1559864989,"path_taken":["M","M","M","M","M","E","R","M","T","E","M","R","E","?","R","BOSS","M","M","M","$","?","E","M","R","T","E","R","?","E","?","R","BOSS","M","?","?","M","M","R","E","R","T","R","E","M","E","?","R","BOSS","R","$","E","BOSS"],"build_version":"2019-01-23","purchased_purges":2,"victory":true,"max_hp_per_floor":[68,68,68,68,68,68,68,68,68,68,68,68,78,78,78,78,78,78,78,78,78,78,78,78,78,78,78,78,78,78,78,78,78,78,78,78,78,78,78,78,78,78,78,78,78,78,78,78,78,78,78,78,78,78,78],"card_choices":[{"not_picked":["Thunder Strike","Machine Learning"],"picked":"Fission","floor":0},{"not_picked":["Force Field","Cold Snap"],"picked":"Chill","floor":1},{"not_picked":["Barrage","Cold Snap"],"picked":"Go for the Eyes","floor":2},{"not_picked":["Reprogram","Stack"],"picked":"FTL","floor":3},{"not_picked":["Steam Power","Stack","Heatsinks"],"picked":"SKIP","floor":4},{"not_picked":["Steam","Stack"],"picked":"Defragment","floor":5},{"not_picked":["Steam","Steam Power"],"picked":"Redo","floor":6},{"not_picked":["Barrage","Beam Cell"],"picked":"Leap","floor":8},{"not_picked":["Loop","Compile Driver"],"picked":"Sunder","floor":10},{"not_picked":["Chill+1","Consume+1"],"picked":"Coolheaded+1","floor":11},{"not_picked":["Thunder Strike","Beam Cell","Compile Driver"],"picked":"SKIP","floor":13},{"not_picked":["Thunder Strike","Meteor Strike"],"picked":"Core Surge","floor":16},{"not_picked":["Hello World","Stack+1"],"picked":"Sweeping Beam","floor":18},{"not_picked":["Tempest+1","Leap+1"],"picked":"Redo+1","floor":19},{"not_picked":["Steam+1","Cold Snap+1"],"picked":"Genetic Algorithm+1","floor":20},{"not_picked":["Stack+1","Leap+1"],"picked":"Conserve Battery+1","floor":23},{"not_picked":["Stack+1","Sweeping Beam+1","Compile Driver"],"picked":"SKIP","floor":24},{"not_picked":["Steam+1","Core Surge"],"picked":"Creative AI","floor":27},{"not_picked":["Streamline","Recycle+1","Sweeping Beam+1"],"picked":"SKIP","floor":30},{"not_picked":["Hyperbeam","Biased Cognition"],"picked":"Seek+1","floor":33},{"not_picked":["Rip and Tear","Stack+1"],"picked":"Double Energy+1","floor":35},{"not_picked":["Chill+1","Cold Snap+1","Chaos+1"],"picked":"SKIP","floor":36},{"not_picked":["Rebound+1","Stack+1"],"picked":"Hologram+1","floor":38},{"not_picked":["Conserve Battery+1","Barrage+1"],"picked":"Capacitor+1","floor":39},{"not_picked":["Reinforced Body+1","Ball Lightning+1"],"picked":"Capacitor+1","floor":41},{"not_picked":["Genetic Algorithm+1","Steam+1"],"picked":"Turbo+1","floor":45},{"not_picked":["Go for the Eyes+1","Leap+1"],"picked":"Rebound+1","floor":46},{"not_picked":["Go for the Eyes+1","Rainbow+1"],"picked":"Skim+1","floor":47},{"not_picked":["Cold Snap+1","Skim+1"],"picked":"Beam Cell+1","floor":48},{"not_picked":["Ball Lightning+1","Streamline+1"],"picked":"Reinforced Body+1","floor":54}],"player_experience":517900,"relics_obtained":[{"floor":6,"key":"Smiling Mask"},{"floor":9,"key":"Toxic Egg 2"},{"floor":10,"key":"Mercury Hourglass"},{"floor":13,"key":"Pear"},{"floor":23,"key":"Darkstone Periapt"},{"floor":26,"key":"Mummified Hand"},{"floor":27,"key":"FossilizedHelix"},{"floor":29,"key":"Emotion Chip"},{"floor":30,"key":"War Paint"},{"floor":41,"key":"Incense Burner"},{"floor":45,"key":"Molten Egg 2"},{"floor":47,"key":"Frozen Egg 2"},{"floor":54,"key":"Thread and Needle"}],"event_choices":[{"damage_healed":0,"gold_gain":0,"player_choice":"Entered Light","damage_taken":16,"max_hp_gain":0,"max_hp_loss":0,"event_name":"Shining Light","floor":14,"gold_loss":0,"cards_upgraded":["Defend_B","FTL"]},{"damage_healed":0,"gold_gain":0,"player_choice":"Inject Mutagens","damage_taken":0,"relics_obtained":["MutagenicStrength"],"max_hp_gain":0,"max_hp_loss":0,"event_name":"Drug Dealer","floor":22,"gold_loss":0},{"damage_healed":0,"gold_gain":0,"player_choice":"Copied","damage_taken":0,"max_hp_gain":0,"max_hp_loss":0,"event_name":"Duplicator","floor":31,"gold_loss":0,"cards_obtained":["Coolheaded"]},{"damage_healed":0,"gold_gain":100,"player_choice":"Pray","damage_taken":0,"max_hp_gain":0,"max_hp_loss":0,"event_name":"Golden Shrine","floor":37,"gold_loss":0}],"is_beta":false,"boss_relics":[{"not_picked":["Velvet Choker","Ectoplasm"],"picked":"Philosopher\u0027s Stone"},{"not_picked":["Eternal Feather","Pandora\u0027s Box"],"picked":"Inserter"}],"items_purged_floors":[21,53],"is_endless":false,"potions_floor_spawned":[1,3,6,8,10,13,16,20,24,36,38,41,47],"ascension_level":1}