{"gold_per_floor":[113,113,128,139,150,150,177,177,177,196,224,224,243,116,116,215,215,231,203,223,223,223,223,322,338,388,388,416,616,628,643,643,746,746,771,794,818,846,163,163,194,194,220,220,0,0,13,24,24,24],"floor_reached":50,"playtime":3027,"items_purged":["Strike_G","Normality"],"score":773,"play_id":"b1a6275e-47f8-4ae6-b110-d7701db81b57","local_time":"20190218012503","is_ascension_mode":true,"campfire_choices":[{"data":"Catalyst","floor":6,"key":"SMITH"},{"floor":15,"key":"RECALL"},{"data":"Leg Sweep","floor":23,"key":"SMITH"},{"data":"Crippling Poison","floor":27,"key":"SMITH"},{"floor":32,"key":"REST"},{"floor":40,"key":"REST"},{"data":"Noxious Fumes","floor":44,"key":"SMITH"},{"data":"Burst","floor":46,"key":"SMITH"},{"floor":49,"key":"REST"}],"neow_cost":"NONE","seed_source_timestamp":262118161252855,"circlet_count":0,"master_deck":["Defend_G+1","Defend_G","Defend_G","Defend_G","Defend_G","Strike_G","Strike_G","Survivor+1","Neutralize","Catalyst+1","Leg Sweep+1","Bane","Poisoned Stab","Backflip","Calculated Gamble","Noxious Fumes+1","Crippling Poison+1","Poisoned Stab","Burst+1","Backflip+1","Prepared","Footwork+1","Footwork+1","Heel Hook+1","Injury","Deadly Poison+1","Acrobatics","Footwork","Caltrops+1","Regret","Catalyst"],"relics":["Ring of the Snake","Omamori","War Paint","Darkstone Periapt","Cursed Key","Snake Skull","Happy Flower","Calling Bell","MawBank","Gremlin Horn","Unceasing Top","Mercury Hourglass","Medical Kit","Lantern","Red Mask"],"potions_floor_usage":[7,7,11,16,20,36,36,38,41,41],"damage_taken":[{"damage":0,"enemies":"2 Louse","floor":1,"turns":5},{"damage":1,"enemies":"Small Slimes","floor":3,"turns":4},{"damage":3,"enemies":"Cultist","floor":4,"turns":7},{"damage":17,"enemies":"Large Slime","floor":5,"turns":16},{"damage":0,"enemies":"Gremlin Nob","floor":7,"turns":2},{"damage":0,"enemies":"3 Louse","floor":10,"turns":5},{"damage":5,"enemies":"Lagavulin","floor":11,"turns":11},{"damage":0,"enemies":"Red Slaver","floor":13,"turns":5},{"damage":5,"enemies":"Hexaghost","floor":16,"turns":9},{"damage":0,"enemies":"Spheric Guardian","floor":18,"turns":2},{"damage":3,"enemies":"2 Thieves","floor":19,"turns":5},{"damage":1,"enemies":"3 Cultists","floor":20,"turns":6},{"damage":8,"enemies":"Snake Plant","floor":25,"turns":4},{"damage":10,"enemies":"Slavers","floor":28,"turns":6},{"damage":6,"enemies":"Snecko","floor":30,"turns":5},{"damage":30,"enemies":"Sentry and Sphere","floor":31,"turns":6},{"damage":5,"enemies":"Champ","floor":33,"turns":8},{"damage":16,"enemies":"3 Shapes","floor":35,"turns":6},{"damage":6,"enemies":"3 Darklings","floor":36,"turns":6},{"damage":10,"enemies":"Spire Growth","floor":37,"turns":5},{"damage":17,"enemies":"Transient","floor":38,"turns":5},{"damage":16,"enemies":"Reptomancer","floor":41,"turns":6},{"damage":12,"enemies":"3 Darklings","floor":47,"turns":5},{"damage":0,"enemies":"Sphere and 2 Shapes","floor":48,"turns":4},{"damage":74,"enemies":"Donu and Deca","floor":50,"turns":6}],"seed_played":"1552489178122222902","potions_obtained":[{"floor":0,"key":"Poison Potion"},{"floor":0,"key":"Poison Potion"},{"floor":0,"key":"Fire Potion"},{"floor":7,"key":"GhostInAJar"},{"floor":11,"key":"Energy Potion"},{"floor":19,"key":"PowerPotion"},{"floor":28,"key":"SpeedPotion"},{"floor":31,"key":"AttackPotion"},{"floor":35,"key":"Swift Potion"},{"floor":37,"key":"Strength Potion"},{"floor":38,"key":"Regen Potion"}],"is_trial":false,"path_per_floor":["M","?","M","M","M","R","E","?","T","M","E","?","M","$","R","B",null,"M","M","M","$","?","R","?","M","T","R","E","?","M","M","R","B",null,"M","M","M","M","$","R","E","?","T","R","?","R","M","M","R","B"],"character_chosen":"THE_SILENT","items_purchased":["Poisoned Stab","Acrobatics","Footwork","Mercury Hourglass","Medical Kit"],"campfire_rested":3,"item_purchase_floors":[14,39,39,39,39],"current_hp_per_floor":[63,63,62,59,42,42,42,42,42,42,37,37,37,37,37,32,61,61,58,57,57,57,57,57,49,49,49,39,39,33,3,24,19,69,53,47,37,20,20,44,43,43,49,49,49,49,37,37,63,0],"gold":24,"neow_bonus":"THREE_SMALL_POTIONS","is_prod":false,"is_daily":false,"chose_seed":false,"campfire_upgraded":5,"win_rate":0,"timestamp":1550471103,"path_taken":["M","?","M","M","M","R","E","?","T","?","E","?","M","$","R","BOSS","M","M","M","$","?","R","?","M","T","R","E","?","?","M","R","BOSS","M","?","M","M","$","R","E","?","T","R","?","R","M","M","R","BOSS"],"build_version":"2019-01-23","purchased_purges":2,"victory":false,"max_hp_per_floor":[70,70,70,70,70,70,70,70,70,70,70,70,70,70,70,70,70,70,70,70,70,70,70,70,70,70,70,70,70,70,70,70,70,82,82,82,82,82,82,82,82,82,88,88,88,88,88,88,88,88],"card_choices":[{"not_picked":["Heel Hook","Predator"],"picked":"Catalyst","floor":1},{"not_picked":["Sucker Punch","Caltrops"],"picked":"Leg Sweep","floor":3},{"not_picked":["Dodge and Roll","Flying Knee"],"picked":"Bane","floor":4},{"not_picked":["Burst","Outmaneuver"],"picked":"Poisoned Stab","floor":5},{"not_picked":["Dagger Spray","Underhanded Strike"],"picked":"Backflip","floor":7},{"not_picked":["Backflip","Dagger Spray"],"picked":"Calculated Gamble","floor":10},{"not_picked":["Dagger Spray","Riddle With Holes"],"picked":"Noxious Fumes","floor":11},{"not_picked":["Reflex","Accuracy"],"picked":"Crippling Poison","floor":13},{"not_picked":["Unload","Glass Knife"],"picked":"Burst","floor":16},{"not_picked":["Eviscerate","Dodge and Roll"],"picked":"Backflip+1","floor":18},{"not_picked":["Dagger Spray+1","Skewer"],"picked":"Prepared","floor":19},{"not_picked":["Infinite Blades","Deadly Poison"],"picked":"Footwork+1","floor":20},{"not_picked":["Deflect","Predator","Quick Slash+1"],"picked":"SKIP","floor":25},{"not_picked":["Dash+1","Cloak And Dagger"],"picked":"Footwork+1","floor":28},{"not_picked":["Dagger Throw+1","Prepared","PiercingWail"],"picked":"SKIP","floor":30},{"not_picked":["Die Die Die","Dagger Throw+1"],"picked":"Heel Hook+1","floor":31},{"not_picked":["Cloak And Dagger","Bane","Dodge and Roll+1"],"picked":"SKIP","floor":35},{"not_picked":["Noxious Fumes+1","Underhanded Strike"],"picked":"Deadly Poison+1","floor":36},{"not_picked":["PiercingWail","Underhanded Strike+1","Dodge and Roll"],"picked":"SKIP","floor":37},{"not_picked":["Dagger Throw+1","Underhanded Strike+1","Sucker Punch"],"picked":"SKIP","floor":38},{"not_picked":["Finisher","Storm of Steel"],"picked":"Caltrops+1","floor":41},{"not_picked":["Reflex+1","Prepared+1"],"picked":"Catalyst","floor":47},{"not_picked":["Dagger Spray+1","Choke","Sucker Punch+1"],"picked":"SKIP","floor":48}],"player_experience":307811,"relics_obtained":[{"floor":7,"key":"Omamori"},{"floor":9,"key":"War Paint"},{"floor":11,"key":"Darkstone Periapt"},{"floor":26,"key":"Snake Skull"},{"floor":28,"key":"Happy Flower"},{"floor":34,"key":"MawBank"},{"floor":34,"key":"Gremlin Horn"},{"floor":34,"key":"Unceasing Top"},{"floor":41,"key":"Lantern"}],"event_choices":[{"cards_removed":["Strike_G"],"damage_healed":0,"gold_gain":0,"player_choice":"Forget","damage_taken":0,"max_hp_gain":0,"max_hp_loss":0,"event_name":"Living Wall","floor":2,"gold_loss":0},{"cards_removed":["Strike_G"],"damage_healed":0,"gold_gain":0,"player_choice":"Offered Basic","damage_taken":0,"max_hp_gain":0,"max_hp_loss":0,"event_name":"Bonfire Elementals","floor":8,"gold_loss":0},{"damage_healed":0,"gold_gain":0,"player_choice":"Searched \u00270\u0027 times","damage_taken":0,"max_hp_gain":0,"max_hp_loss":0,"event_name":"Dead Adventurer","floor":12,"gold_loss":0},{"damage_healed":0,"gold_gain":0,"player_choice":"Ignored","damage_taken":0,"max_hp_gain":0,"max_hp_loss":0,"event_name":"Vampires","floor":22,"gold_loss":0},{"damage_healed":0,"gold_gain":99,"player_choice":"Stole From Cult","damage_taken":0,"max_hp_gain":0,"max_hp_loss":0,"event_name":"Nest","floor":24,"gold_loss":0},{"damage_healed":0,"gold_gain":250,"player_choice":"Bet on Owner","damage_taken":0,"max_hp_gain":0,"max_hp_loss":0,"event_name":"The Joust","floor":29,"gold_loss":50},{"damage_healed":0,"gold_gain":0,"player_choice":"Memory 1","damage_taken":0,"max_hp_gain":0,"max_hp_loss":0,"event_name":"SensoryStone","floor":42,"gold_loss":0},{"damage_healed":0,"gold_gain":0,"player_choice":"Paid","damage_taken":0,"relics_obtained":["Red Mask"],"max_hp_gain":0,"max_hp_loss":0,"event_name":"Tomb of Lord Red Mask","floor":45,"gold_loss":220}],"is_beta":false,"boss_relics":[{"not_picked":["Ring of the Serpent","Orrery"],"picked":"Cursed Key"},{"not_picked":["Runic Dome","White Beast Statue"],"picked":"Calling Bell"}],"items_purged_floors":[14,39],"is_endless":false,"potions_floor_spawned":[1,4,7,11,19,28,31,35,37,38],"killed_by":"Donu and Deca","ascension_level":6}