{"gold_per_floor":[109,109,124,142,153,188,188,219,219,219,232,232,252,264,264,367,417,428,46,56,56,56,56,87,97,97,116,116,16,16,16,16,116,116,136,111,130,49,100,100,113,131,131,131,141,141,44,62,62,62],"floor_reached":51,"playtime":5513,"items_purged":["Blizzard","Shame"],"score":729,"play_id":"876aefb1-59e2-44ea-84ac-90b123431e13","local_time":"20190615005026","is_ascension_mode":false,"campfire_choices":[{"floor":7,"key":"REST"},{"floor":10,"key":"REST"},{"data":"Zap","floor":12,"key":"SMITH"},{"data":"Electrodynamics","floor":15,"key":"SMITH"},{"floor":23,"key":"REST"},{"floor":28,"key":"REST"},{"floor":32,"key":"REST"},{"floor":40,"key":"REST"},{"floor":44,"key":"REST"},{"floor":49,"key":"REST"}],"neow_cost":"NONE","seed_source_timestamp":4689856897000,"circlet_count":0,"master_deck":["Strike_B","Strike_B","Strike_B","Strike_B","Defend_B+1","Defend_B","Defend_B","Zap+1","Dualcast","Sweeping Beam","Leap","Electrodynamics+1","Coolheaded","Melter","Ball Lightning","Hologram","Rip and Tear","Buffer","Undo","Hologram+1","Flash of Steel","Turbo","Leap+1","Skim+1","Defragment","Capacitor","Thunder Strike","Gash+1","Streamline","Melter+1","Dramatic Entrance","Parasite","Force Field+1","Loop+1","Defragment+1","Apotheosis","Forethought","Ball Lightning+1"],"relics":["Cracked Core","Blood Vial","Centennial Puzzle","Bottled Lightning","Lantern","Tiny House","Frozen Eye","Pocketwatch","Matryoshka","Nunchaku","Mummified Hand","Bag of Preparation","Inserter","Incense Burner","Boot","Pantograph"],"potions_floor_usage":[17,18,33,35,39,41,41,50,50,50],"damage_taken":[{"damage":1,"enemies":"2 Louse","floor":1,"turns":2},{"damage":0,"enemies":"Cultist","floor":3,"turns":4},{"damage":0,"enemies":"Small Slimes","floor":4,"turns":3},{"damage":6,"enemies":"Red Slaver","floor":5,"turns":3},{"damage":17,"enemies":"Lagavulin","floor":6,"turns":8},{"damage":16,"enemies":"3 Sentries","floor":8,"turns":3},{"damage":2,"enemies":"Blue Slaver","floor":11,"turns":3},{"damage":0,"enemies":"2 Fungi Beasts","floor":13,"turns":3},{"damage":9,"enemies":"Exordium Wildlife","floor":14,"turns":3},{"damage":0,"enemies":"Slime Boss","floor":16,"turns":6},{"damage":6,"enemies":"Shell Parasite","floor":18,"turns":8},{"damage":20,"enemies":"3 Byrds","floor":20,"turns":3},{"damage":38,"enemies":"Book of Stabbing","floor":24,"turns":6},{"damage":18,"enemies":"Snake Plant","floor":25,"turns":3},{"damage":0,"enemies":"3 Cultists","floor":27,"turns":3},{"damage":76,"enemies":"Champ","floor":33,"turns":13},{"damage":0,"enemies":"3 Darklings","floor":35,"turns":5},{"damage":0,"enemies":"3 Shapes","floor":37,"turns":2},{"damage":82,"enemies":"2 Orb Walkers","floor":39,"turns":5},{"damage":25,"enemies":"Writhing Mass","floor":41,"turns":5},{"damage":1,"enemies":"Sphere and 2 Shapes","floor":42,"turns":2},{"damage":0,"enemies":"Jaw Worm Horde","floor":45,"turns":2},{"damage":8,"enemies":"4 Shapes","floor":48,"turns":3},{"damage":30,"enemies":"Donu and Deca","floor":50,"turns":8}],"seed_played":"-408353909901766205","potions_obtained":[{"floor":6,"key":"Block Potion"},{"floor":11,"key":"Fruit Juice"},{"floor":14,"key":"SkillPotion"},{"floor":17,"key":"PowerPotion"},{"floor":20,"key":"Ancient Potion"},{"floor":24,"key":"LiquidBronze"},{"floor":33,"key":"Block Potion"},{"floor":35,"key":"GamblersBrew"},{"floor":39,"key":"Explosive Potion"},{"floor":41,"key":"EssenceOfSteel"},{"floor":42,"key":"GamblersBrew"},{"floor":48,"key":"Explosive Potion"}],"is_trial":false,"path_per_floor":["M","?","M","M","M","E","R","E","T","R","M","R","M","M","R","B",null,"M","$","M","?","?","R","E","M","T","M","R","$","?","?","R","B",null,"M","$","M","$","?","R","M","M","T","R","M","?","$","M","R","B",null],"character_chosen":"DEFECT","items_purchased":["Frozen Eye","Flash of Steel","Streamline","Dramatic Entrance","Forethought"],"campfire_rested":8,"item_purchase_floors":[19,19,36,38,47],"current_hp_per_floor":[81,63,65,67,63,48,72,58,58,82,80,80,82,73,73,75,92,86,86,68,68,68,92,54,38,38,40,67,67,67,67,92,16,92,92,92,92,92,10,37,14,15,15,42,44,44,44,38,65,62],"gold":62,"neow_bonus":"TEN_PERCENT_HP_BONUS","is_prod":false,"is_daily":false,"chose_seed":false,"campfire_upgraded":2,"win_rate":0.0,"timestamp":1560585026,"path_taken":["M","?","M","M","M","E","R","E","T","R","M","R","M","M","R","BOSS","M","$","M","?","?","R","E","M","T","?","R","$","?","?","R","BOSS","M","$","M","?","?","R","M","M","T","R","M","?","$","?","R","BOSS"],"build_version":"2019-01-23","purchased_purges":2,"victory":true,"max_hp_per_floor":[82,82,82,82,82,82,82,82,82,82,82,82,82,82,82,82,92,92,92,92,92,92,92,92,92,92,92,92,92,92,92,92,92,92,92,92,92,92,92,92,92,92,92,92,92,92,92,92,92,92],"card_choices":[{"not_picked":["Hologram","Static Discharge"],"picked":"Sweeping Beam","floor":1},{"not_picked":["Doom and Gloom","Sweeping Beam"],"picked":"Leap","floor":3},{"not_picked":["Turbo","Conserve Battery"],"picked":"Electrodynamics","floor":4},{"not_picked":["Redo","Static Discharge"],"picked":"Coolheaded","floor":5},{"not_picked":["Coolheaded","Loop"],"picked":"Blizzard","floor":6},{"not_picked":["Auto Shields","Cold Snap"],"picked":"Melter","floor":8},{"not_picked":["Turbo","FTL"],"picked":"Ball Lightning","floor":11},{"not_picked":["Steam","Rebound"],"picked":"Hologram","floor":13},{"not_picked":["Leap","Coolheaded"],"picked":"Rip and Tear","floor":14},{"not_picked":["Hyperbeam","Rainbow"],"picked":"Buffer","floor":16},{"not_picked":["Compile Driver","Conserve Battery"],"picked":"Undo","floor":17},{"not_picked":["Conserve Battery+1","Go for the Eyes+1"],"picked":"Hologram+1","floor":18},{"not_picked":["Doom and Gloom","Hologram"],"picked":"Turbo","floor":20},{"not_picked":["Rip and Tear","Undo"],"picked":"Leap+1","floor":24},{"not_picked":["Stack+1","Leap"],"picked":"Skim+1","floor":25},{"not_picked":["Sunder","Double Energy"],"picked":"Defragment","floor":27},{"not_picked":["Rainbow","Meteor Strike"],"picked":"Thunder Strike","floor":33},{"not_picked":["Stack","Skim"],"picked":"Gash+1","floor":35},{"not_picked":["Genetic Algorithm+1","Aggregate+1"],"picked":"Melter+1","floor":37},{"not_picked":["Gash","Sweeping Beam+1"],"picked":"Force Field+1","floor":41},{"not_picked":["Stack","Sweeping Beam+1"],"picked":"Loop+1","floor":42},{"not_picked":["Storm","Force Field+1"],"picked":"Defragment+1","floor":45},{"not_picked":["Transmutation","Finesse"],"picked":"Apotheosis","floor":46},{"not_picked":["Rebound","BootSequence"],"picked":"Ball Lightning+1","floor":48}],"player_experience":31003,"relics_obtained":[{"floor":6,"key":"Centennial Puzzle"},{"floor":8,"key":"Bottled Lightning"},{"floor":9,"key":"Lantern"},{"floor":24,"key":"Nunchaku"},{"floor":26,"key":"Mummified Hand"},{"floor":26,"key":"Bag of Preparation"},{"floor":39,"key":"Incense Burner"},{"floor":43,"key":"Boot"},{"floor":43,"key":"Pantograph"}],"event_choices":[{"damage_healed":0,"gold_gain":0,"player_choice":"Success","damage_taken":18,"relics_obtained":["Blood Vial"],"max_hp_gain":0,"max_hp_loss":0,"event_name":"Scrap Ooze","floor":2,"gold_loss":0},{"damage_healed":0,"gold_gain":0,"player_choice":"Stole Relic","damage_taken":0,"relics_obtained":["Pocketwatch"],"max_hp_gain":0,"max_hp_loss":0,"event_name":"Addict","floor":21,"gold_loss":0,"cards_obtained":["Shame"]},{"damage_healed":0,"gold_gain":0,"player_choice":"Gave Potion","damage_taken":0,"relics_obtained":["Matryoshka"],"max_hp_gain":0,"max_hp_loss":0,"event_name":"WeMeetAgain","floor":22,"gold_loss":0},{"damage_healed":0,"gold_gain":0,"player_choice":"Ignored","damage_taken":0,"max_hp_gain":0,"max_hp_loss":0,"event_name":"Beggar","floor":30,"gold_loss":0},{"damage_healed":0,"gold_gain":0,"cards_transformed":["Defend_B"],"player_choice":"Transformed","damage_taken":0,"max_hp_gain":0,"max_hp_loss":0,"event_name":"Transmorgrifier","floor":31,"gold_loss":0,"cards_obtained":["Capacitor"]},{"damage_healed":0,"gold_gain":0,"player_choice":"Fight","damage_taken":0,"max_hp_gain":0,"max_hp_loss":0,"event_name":"Mysterious Sphere","floor":39,"gold_loss":0},{"damage_healed":0,"gold_gain":0,"player_choice":"Memory 1","damage_taken":0,"max_hp_gain":0,"max_hp_loss":0,"event_name":"SensoryStone","floor":46,"gold_loss":0}],"is_beta":false,"boss_relics":[{"not_picked":["FrozenCore","Fusion Hammer"],"picked":"Tiny House"},{"not_picked":["Snecko Eye","Philosopher\u0027s Stone"],"picked":"Inserter"}],"items_purged_floors":[19,29],"is_endless":false,"potions_floor_spawned":[6,11,14,20,24,33,35,39,41,42,48],"ascension_level":0}