{"gold_per_floor":[360,371,381,396,53,53,53,84,157,186,211,211,225,28,28,130,130,146,146],"floor_reached":19,"playtime":1628,"items_purged":["Strike_G","Strike_G"],"score":248,"play_id":"767ce4c2-7620-44d0-86c3-dfe45d9fb3eb","local_time":"20190221215250","is_ascension_mode":true,"campfire_choices":[{"floor":6,"key":"REST"},{"data":"Noxious Fumes","floor":12,"key":"SMITH"},{"floor":15,"key":"REST"}],"neow_cost":"PERCENT_DAMAGE","seed_source_timestamp":25180331540844,"circlet_count":0,"master_deck":["Defend_G","Defend_G","Defend_G","Defend_G","Defend_G","Strike_G","Strike_G","Strike_G","Survivor","Neutralize","Blade Dance","Dagger Spray","Expertise","Blur","Noxious Fumes+1","Leg Sweep","Caltrops","Deep Breath","Burst","Eviscerate+1"],"relics":["Ring of the Snake","TwistedFunnel","Mango","Sundial","Happy Flower","Odd Mushroom","HoveringKite"],"potions_floor_usage":[8,8,8,8,8,11,13],"damage_taken":[{"damage":17,"enemies":"Jaw Worm","floor":1,"turns":8},{"damage":5,"enemies":"Small Slimes","floor":2,"turns":4},{"damage":0,"enemies":"2 Louse","floor":3,"turns":2},{"damage":9,"enemies":"Exordium Wildlife","floor":4,"turns":5},{"damage":30,"enemies":"Gremlin Nob","floor":8,"turns":5},{"damage":24,"enemies":"3 Sentries","floor":10,"turns":7},{"damage":0,"enemies":"The Mushroom Lair","floor":11,"turns":4},{"damage":0,"enemies":"3 Louse","floor":13,"turns":2},{"damage":34,"enemies":"Slime Boss","floor":16,"turns":11},{"damage":35,"enemies":"Chosen","floor":18,"turns":7},{"damage":6,"enemies":"Colosseum Slavers","floor":19,"turns":3}],"seed_played":"370255434931813583","potions_obtained":[{"floor":3,"key":"EntropicBrew"},{"floor":4,"key":"LiquidBronze"},{"floor":10,"key":"Regen Potion"},{"floor":11,"key":"AttackPotion"},{"floor":18,"key":"Strength Potion"}],"is_trial":false,"path_per_floor":["M","M","M","M","$","R","?","E","T","E","?","R","M","$","R","B",null,"M","?"],"character_chosen":"THE_SILENT","items_purchased":["TwistedFunnel","Noxious Fumes","Deep Breath"],"campfire_rested":2,"item_purchase_floors":[5,5,14],"current_hp_per_floor":[28,23,23,14,14,35,58,42,42,18,30,30,30,30,55,21,68,33,27],"gold":146,"neow_bonus":"TWO_FIFTY_GOLD","is_prod":false,"is_daily":false,"chose_seed":false,"campfire_upgraded":1,"win_rate":0,"timestamp":1550803970,"path_taken":["M","M","M","M","$","R","?","E","T","E","?","R","M","$","R","BOSS","M","?"],"build_version":"2019-01-23","purchased_purges":2,"victory":false,"max_hp_per_floor":[70,70,70,70,70,70,70,84,84,84,84,84,84,84,84,84,84,84,84],"card_choices":[{"not_picked":["Dodge and Roll","Poisoned Stab"],"picked":"Blade Dance","floor":1},{"not_picked":["Slice","Masterful Stab"],"picked":"Dagger Spray","floor":2},{"not_picked":["Blade Dance","Quick Slash"],"picked":"Expertise","floor":3},{"not_picked":["Deadly Poison","Grand Finale"],"picked":"Blur","floor":4},{"not_picked":["Flying Knee","Blade Dance","Predator"],"picked":"SKIP","floor":8},{"not_picked":["Dagger Throw","Caltrops"],"picked":"Leg Sweep","floor":10},{"not_picked":["Terror","Dagger Throw"],"picked":"Caltrops","floor":11},{"not_picked":["Dodge and Roll","Dagger Spray","Flechettes"],"picked":"SKIP","floor":13},{"not_picked":["Malaise","After Image"],"picked":"Burst","floor":16},{"not_picked":["Concentrate","Quick Slash"],"picked":"Eviscerate+1","floor":18}],"player_experience":329848,"relics_obtained":[{"floor":8,"key":"Mango"},{"floor":9,"key":"Sundial"},{"floor":10,"key":"Happy Flower"},{"floor":11,"key":"Odd Mushroom"}],"event_choices":[{"damage_healed":23,"gold_gain":0,"player_choice":"Banana","damage_taken":0,"max_hp_gain":0,"max_hp_loss":0,"event_name":"Big Fish","floor":7,"gold_loss":0},{"damage_healed":0,"gold_gain":0,"player_choice":"Fought Mushrooms","damage_taken":0,"max_hp_gain":0,"max_hp_loss":0,"event_name":"Mushrooms","floor":11,"gold_loss":0},{"damage_healed":0,"gold_gain":0,"player_choice":"Fight","damage_taken":0,"max_hp_gain":0,"max_hp_loss":0,"event_name":"Colosseum","floor":19,"gold_loss":0}],"is_beta":false,"boss_relics":[{"not_picked":["Eternal Feather","Orrery"],"picked":"HoveringKite"}],"items_purged_floors":[5,14],"is_endless":false,"potions_floor_spawned":[3,4,10,11,18],"killed_by":"Colosseum Slavers","ascension_level":8}