{"gold_per_floor":[16,91,91,101,4,4,16,16,16,16,16,44,101,120,120,194,194,207,222,222,253,272,272,284,384,409,421,421,421,421,440,440,514,514,534,550,27,37,91,91,102,102,151,163,180,208,208,226,226,226,226],"floor_reached":52,"playtime":3586,"items_purged":[],"score":1868,"play_id":"8f8a7721-b693-4ab5-a7f8-8d49c5bf0e00","local_time":"20181019140325","is_ascension_mode":true,"campfire_choices":[{"floor":6.0,"key":"REST"},{"data":"Magnetism","floor":8.0,"key":"SMITH"},{"data":"Trip","floor":10.0,"key":"SMITH"},{"data":"Hologram","floor":15.0,"key":"SMITH"},{"data":"Buffer","floor":23.0,"key":"SMITH"},{"floor":28.0,"key":"REST"},{"data":"Strike_B+1","floor":30.0,"key":"PURGE"},{"data":"Strike_B+1","floor":32.0,"key":"PURGE"},{"data":"Strike_B+1","floor":40.0,"key":"PURGE"},{"data":"Strike_B+1","floor":42.0,"key":"PURGE"},{"data":"Secret Weapon","floor":47.0,"key":"SMITH"},{"data":"Self Repair","floor":49.0,"key":"PURGE"}],"neow_cost":"NO_GOLD","seed_source_timestamp":0,"circlet_count":0,"master_deck":["Defend_B+1","Defend_B+1","Defend_B+1","Defend_B+1","Zap+1","Dualcast+1","AscendersBane","Swift Strike","Magnetism+1","Go for the Eyes+1","Gash","Trip+1","Gash","Buffer+1","Hologram+1","Cold Snap","All For One","Conserve Battery+1","Gash","Go for the Eyes","Gash","Gash","Compile Driver","Steam Power+1","Rebound","Secret Weapon+1","Scrape+1","Conserve Battery+1"],"special_seed":0,"relics":["Cracked Core","Juzu Bracelet","Odd Mushroom","Tiny Chest","Orrery","Red Mask","Peace Pipe","Ornamental Fan","War Paint","Busted Crown","Unceasing Top","Ginger","Omamori","Happy Flower"],"potions_floor_usage":[50,51],"damage_taken":[{"damage":14.0,"enemies":"Small Slimes","floor":1.0,"turns":4.0},{"damage":8.0,"enemies":"2 Louse","floor":4.0,"turns":3.0},{"damage":0.0,"enemies":"Cultist","floor":7.0,"turns":4.0},{"damage":13.0,"enemies":"The Mushroom Lair","floor":12.0,"turns":3.0},{"damage":0.0,"enemies":"Lagavulin","floor":13.0,"turns":7.0},{"damage":11.0,"enemies":"Looter","floor":14.0,"turns":3.0},{"damage":14.0,"enemies":"Hexaghost","floor":16.0,"turns":9.0},{"damage":9.0,"enemies":"Chosen","floor":18.0,"turns":5.0},{"damage":0.0,"enemies":"Spheric Guardian","floor":19.0,"turns":3.0},{"damage":27.0,"enemies":"Masked Bandits","floor":21.0,"turns":5.0},{"damage":2.0,"enemies":"Centurion and Healer","floor":22.0,"turns":5.0},{"damage":10.0,"enemies":"Cultist and Chosen","floor":24.0,"turns":5.0},{"damage":8.0,"enemies":"Colosseum Slavers","floor":25.0,"turns":7.0},{"damage":44.0,"enemies":"Colosseum Nobs","floor":25.0,"turns":5.0},{"damage":0.0,"enemies":"Chosen and Byrds","floor":27.0,"turns":3.0},{"damage":21.0,"enemies":"Shelled Parasite and Fungi","floor":31.0,"turns":3.0},{"damage":28.0,"enemies":"Collector","floor":33.0,"turns":5.0},{"damage":0.0,"enemies":"Orb Walker","floor":35.0,"turns":3.0},{"damage":0.0,"enemies":"3 Darklings","floor":36.0,"turns":5.0},{"damage":0.0,"enemies":"Writhing Mass","floor":38.0,"turns":4.0},{"damage":14.0,"enemies":"2 Orb Walkers","floor":39.0,"turns":5.0},{"damage":11.0,"enemies":"Spire Growth","floor":41.0,"turns":3.0},{"damage":15.0,"enemies":"4 Shapes","floor":44.0,"turns":9.0},{"damage":0.0,"enemies":"3 Darklings","floor":45.0,"turns":4.0},{"damage":0.0,"enemies":"Giant Head","floor":46.0,"turns":4.0},{"damage":0.0,"enemies":"Maw","floor":48.0,"turns":3.0},{"damage":8,"enemies":"Awakened One","floor":50,"turns":6},{"damage":37,"enemies":"Time Eater","floor":51,"turns":9}],"seed_played":"7868938545473392600","potions_obtained":[{"floor":7.0,"key":"Explosive Potion"},{"floor":11.0,"key":"EssenceOfSteel"},{"floor":11.0,"key":"Regen Potion"},{"floor":13.0,"key":"Weak Potion"},{"floor":14.0,"key":"Explosive Potion"},{"floor":16.0,"key":"SteroidPotion"},{"floor":22.0,"key":"Ancient Potion"},{"floor":24.0,"key":"Strength Potion"},{"floor":31.0,"key":"Fruit Juice"},{"floor":36.0,"key":"Weak Potion"},{"floor":38.0,"key":"SteroidPotion"},{"floor":45.0,"key":"Strength Potion"},{"floor":46.0,"key":"Swift Potion"}],"is_trial":false,"path_per_floor":["M","?","?","M","$","R","M","R","T","R","?","?","E","M","R","B",null,"M","M","?","?","M","R","M","?","T","M","R","?","R","M","R","B",null,"M","M","$","M","?","R","M","R","T","M","M","E","R","M","R","B","B"],"character_chosen":"DEFECT","items_purchased":["Trip","Secret Weapon","Unceasing Top"],"campfire_rested":2,"item_purchase_floors":[5,37,37],"current_hp_per_floor":[50,39,18,10,10,31,31,31,31,31,31,18,33,22,22,8,55,53,60,60,40,45,45,42,11,11,18,39,39,39,30,30,2,58,58,65,65,72,65,65,54,54,54,46,53,60,60,67,67,59,22],"gold":226,"neow_bonus":"RANDOM_COLORLESS_2","is_prod":false,"is_daily":false,"chose_seed":false,"campfire_upgraded":5,"win_rate":0,"timestamp":1539950605,"path_taken":["M","?","?","M","?","R","M","R","T","R","?","?","E","M","R","BOSS","M","M","?","?","M","R","M","?","T","M","R","?","R","M","R","BOSS","M","M","$","M","?","R","M","R","T","M","M","E","R","M","R","BOSS","BOSS"],"build_version":"2018-10-18","purchased_purges":0,"victory":true,"max_hp_per_floor":[71,71,71,71,71,71,71,71,71,71,71,71,71,71,71,71,71,71,71,71,71,71,71,71,71,71,71,71,71,71,76,76,76,76,76,76,76,76,76,76,76,76,76,76,76,76,76,76,76,76,76],"card_choices":[{"not_picked":["Coolheaded","Leap"],"picked":"Go for the Eyes","floor":1.0},{"not_picked":["Reprogram","Streamline"],"picked":"Gash","floor":4.0},{"not_picked":["Barrage","Go for the Eyes"],"picked":"Gash","floor":7.0},{"not_picked":["Undo","Stack"],"picked":"Buffer","floor":12.0},{"not_picked":["Coolheaded","Melter"],"picked":"Hologram","floor":13.0},{"not_picked":["Force Field","Redo"],"picked":"Cold Snap","floor":14.0},{"not_picked":["Core Surge","Multi-Cast"],"picked":"All For One","floor":16.0},{"not_picked":["Chaos","Chill"],"picked":"Conserve Battery","floor":17.0},{"not_picked":["Hologram","Streamline"],"picked":"Gash","floor":17.0},{"not_picked":["Steam","Glacier"],"picked":"Go for the Eyes","floor":17.0},{"not_picked":["Stack","Static Discharge"],"picked":"Gash","floor":17.0},{"not_picked":["Defragment","Blizzard"],"picked":"Self Repair","floor":17.0},{"not_picked":["Cold Snap","Storm","Go for the Eyes"],"picked":"SKIP","floor":18.0},{"not_picked":["Force Field","Leap"],"picked":"Gash","floor":19.0},{"not_picked":["Sweeping Beam","Melter"],"picked":"Compile Driver","floor":21.0},{"not_picked":["Ball Lightning","Sweeping Beam","Loop"],"picked":"SKIP","floor":22.0},{"not_picked":["Loop","Hyperbeam","Streamline"],"picked":"SKIP","floor":24.0},{"not_picked":["Defragment+1","Aggregate"],"picked":"Steam Power","floor":27.0},{"not_picked":["Redo","Compile Driver","Ball Lightning+1"],"picked":"SKIP","floor":31.0},{"not_picked":["Static Discharge+1"],"picked":"SKIP","floor":35.0},{"not_picked":[],"picked":"Rebound","floor":36.0},{"not_picked":["Loop"],"picked":"SKIP","floor":38.0},{"not_picked":["Capacitor"],"picked":"SKIP","floor":41.0},{"not_picked":[],"picked":"Scrape+1","floor":44.0},{"not_picked":["Rebound"],"picked":"SKIP","floor":45.0},{"not_picked":["Hello World+1"],"picked":"SKIP","floor":46.0},{"not_picked":[],"picked":"Conserve Battery+1","floor":48.0}],"player_experience":1023521,"relics_obtained":[{"floor":9.0,"key":"Juzu Bracelet"},{"floor":12.0,"key":"Odd Mushroom"},{"floor":13.0,"key":"Tiny Chest"},{"floor":21.0,"key":"Red Mask"},{"floor":25.0,"key":"Peace Pipe"},{"floor":25.0,"key":"Ornamental Fan"},{"floor":26.0,"key":"War Paint"},{"floor":39.0,"key":"Ginger"},{"floor":43.0,"key":"Omamori"},{"floor":46.0,"key":"Happy Flower"}],"event_choices":[{"damage_healed":0.0,"max_hp_gain":0.0,"max_hp_loss":0.0,"gold_gain":75.0,"event_name":"World of Goop","player_choice":"Gather Gold","floor":2.0,"gold_loss":0.0,"damage_taken":11.0},{"damage_healed":0.0,"max_hp_gain":0.0,"max_hp_loss":0.0,"gold_gain":0.0,"event_name":"Shining Light","player_choice":"Entered Light","floor":3.0,"gold_loss":0.0,"damage_taken":21.0,"cards_upgraded":["Go for the Eyes","Zap"]},{"damage_healed":0.0,"max_hp_gain":0.0,"max_hp_loss":0.0,"gold_gain":0.0,"event_name":"The Lab","player_choice":"Got Potions","floor":11.0,"gold_loss":0.0,"damage_taken":0.0},{"damage_healed":0.0,"max_hp_gain":0.0,"max_hp_loss":0.0,"gold_gain":0.0,"event_name":"Mushrooms","player_choice":"Fought Mushrooms","floor":12.0,"gold_loss":0.0,"damage_taken":0.0},{"damage_healed":0.0,"max_hp_gain":0.0,"max_hp_loss":0.0,"gold_gain":0.0,"event_name":"Back to Basics","player_choice":"Simplicity","floor":20.0,"gold_loss":0.0,"damage_taken":0.0,"cards_upgraded":["Strike_B","Strike_B","Strike_B","Strike_B","Defend_B","Defend_B","Defend_B","Defend_B"]},{"damage_healed":0.0,"max_hp_gain":0.0,"max_hp_loss":0.0,"gold_gain":0.0,"event_name":"Masked Bandits","player_choice":"Fought Bandits","floor":21.0,"gold_loss":0.0,"damage_taken":0.0},{"damage_healed":0.0,"max_hp_gain":0.0,"max_hp_loss":0.0,"gold_gain":0.0,"event_name":"Colosseum","player_choice":"Fight","floor":25.0,"gold_loss":0.0,"damage_taken":0.0},{"damage_healed":0.0,"max_hp_gain":0.0,"max_hp_loss":0.0,"gold_gain":0.0,"event_name":"Colosseum","player_choice":"Fought Nobs","floor":25.0,"gold_loss":0.0,"damage_taken":0.0},{"damage_healed":0.0,"max_hp_gain":0.0,"max_hp_loss":0.0,"gold_gain":0.0,"event_name":"Upgrade Shrine","player_choice":"Upgraded","floor":29.0,"gold_loss":0.0,"damage_taken":0.0,"cards_upgraded":["Steam Power"]},{"damage_healed":0.0,"max_hp_gain":0.0,"max_hp_loss":0.0,"gold_gain":0.0,"event_name":"Mysterious Sphere","player_choice":"Fight","floor":39.0,"gold_loss":0.0,"damage_taken":0.0}],"is_beta":true,"boss_relics":[{"not_picked":["Astrolabe","Eternal Feather"],"picked":"Orrery"},{"not_picked":["Empty Cage","Tiny House"],"picked":"Busted Crown"}],"items_purged_floors":[],"is_endless":false,"potions_floor_spawned":[7,13,14,16,22,24,25,31,36,38,41,45,46,48],"ascension_level":20}