{"gold_per_floor":[110,130,150,120,131,131,165,56,56,56],"floor_reached":10,"playtime":842,"items_purged":["Defend_G"],"score":119,"play_id":"26418242-595f-4a28-8dee-245cd9309059","local_time":"20190615200855","is_ascension_mode":true,"campfire_choices":[],"neow_cost":"NONE","seed_source_timestamp":267391174437491,"circlet_count":0,"master_deck":["AscendersBane","Defend_G","Defend_G","Defend_G","Strike_G","Strike_G","Strike_G","Strike_G","Strike_G","Survivor","Neutralize+1","Concentrate","Well Laid Plans","Backflip","Burst","Backflip","Footwork"],"relics":["Ring of the Snake","Sundial","Bottled Lightning"],"potions_floor_usage":[3,7,7],"damage_taken":[{"damage":4,"enemies":"Small Slimes","floor":1,"turns":5},{"damage":0,"enemies":"Jaw Worm","floor":2,"turns":7},{"damage":1,"enemies":"2 Louse","floor":3,"turns":4},{"damage":6,"enemies":"Looter","floor":4,"turns":4},{"damage":18,"enemies":"Lots of Slimes","floor":5,"turns":10},{"damage":19,"enemies":"3 Sentries","floor":7,"turns":13},{"damage":4,"enemies":"3 Louse","floor":10,"turns":2}],"seed_played":"-5060904765723126799","potions_obtained":[{"floor":2,"key":"EntropicBrew"}],"is_trial":false,"path_per_floor":["M","M","M","M","M","?","E","$","T","M"],"character_chosen":"THE_SILENT","items_purchased":["Footwork"],"campfire_rested":0,"item_purchase_floors":[8],"current_hp_per_floor":[55,55,54,48,30,23,4,4,4,0],"gold":56,"neow_bonus":"UPGRADE_CARD","is_prod":false,"is_daily":false,"chose_seed":false,"campfire_upgraded":0,"win_rate":0,"timestamp":1560600535,"path_taken":["M","M","M","M","M","?","E","$","T","M"],"build_version":"2019-01-23","purchased_purges":1,"victory":false,"max_hp_per_floor":[66,66,66,66,66,66,66,66,66,66],"card_choices":[{"not_picked":["Blade Dance","Deflect","Outmaneuver"],"picked":"SKIP","floor":1},{"not_picked":["Bane","Dagger Throw"],"picked":"Concentrate","floor":2},{"not_picked":["PiercingWail","Choke"],"picked":"Well Laid Plans","floor":3},{"not_picked":["Bane","Dodge and Roll"],"picked":"Backflip","floor":4},{"not_picked":["Finisher","Deflect"],"picked":"Burst","floor":5},{"not_picked":["Deflect","Underhanded Strike"],"picked":"Backflip","floor":7}],"player_experience":855297,"relics_obtained":[{"floor":7,"key":"Sundial"},{"floor":9,"key":"Bottled Lightning"}],"event_choices":[{"cards_removed":["Defend_G"],"damage_healed":0,"gold_gain":0,"player_choice":"Card Removal","damage_taken":7,"max_hp_gain":0,"max_hp_loss":0,"event_name":"Golden Wing","floor":6,"gold_loss":0}],"is_beta":false,"boss_relics":[],"items_purged_floors":[8],"is_endless":false,"potions_floor_spawned":[2,3],"killed_by":"3 Louse","ascension_level":15}