{"gold_per_floor":[11,11,11,21,38,38,65,65,65,65,28,28,28,13,13,116,116,132,57,74,74,88,118,118,145,193,193,245,260,294,305,305,305],"floor_reached":33,"playtime":4232,"items_purged":["Doubt"],"score":520,"play_id":"ea090c92-6201-4014-9cf6-c2119482b962","local_time":"20190413134202","is_ascension_mode":true,"campfire_choices":[{"data":"Armaments","floor":6.0,"key":"SMITH"},{"floor":8.0,"key":"REST"},{"data":"Uppercut","floor":10.0,"key":"SMITH"},{"floor":15.0,"key":"REST"},{"floor":24.0,"key":"REST"},{"floor":27.0,"key":"REST"},{"floor":32,"key":"REST"}],"neow_cost":"NO_GOLD","seed_source_timestamp":37434234819500,"circlet_count":0,"master_deck":["AscendersBane","Strike_R","Strike_R","Strike_R","Strike_R","Defend_R","Defend_R","Defend_R","Defend_R+1","Bash+1","Feed+1","Armaments+1","Uppercut+1","Ghostly Armor","Cleave","Offering","Parasite","Parasite","Uppercut+1","Writhe","Heavy Blade+1","True Grit","Shrug It Off+1","Offering+1"],"special_seed":0,"relics":["Burning Blood","Du-Vu Doll","Gambling Chip","Calling Bell","Strawberry","Molten Egg 2","Bird Faced Urn","The Courier","Art of War","Torii","Smiling Mask","Dream Catcher","Toxic Egg 2"],"potions_floor_usage":[31],"damage_taken":[{"damage":10.0,"enemies":"Small Slimes","floor":1.0,"turns":3.0},{"damage":1.0,"enemies":"2 Louse","floor":4.0,"turns":3.0},{"damage":5.0,"enemies":"Cultist","floor":5.0,"turns":6.0},{"damage":72.0,"enemies":"Lagavulin","floor":7.0,"turns":8.0},{"damage":13.0,"enemies":"Exordium Thugs","floor":14.0,"turns":7.0},{"damage":54.0,"enemies":"Slime Boss","floor":16.0,"turns":10.0},{"damage":43.0,"enemies":"3 Byrds","floor":18.0,"turns":7.0},{"damage":6.0,"enemies":"Chosen","floor":20.0,"turns":3.0},{"damage":19.0,"enemies":"Snake Plant","floor":22.0,"turns":3.0},{"damage":24.0,"enemies":"Book of Stabbing","floor":23.0,"turns":4.0},{"damage":46.0,"enemies":"Slavers","floor":25.0,"turns":5.0},{"damage":25.0,"enemies":"3 Cultists","floor":29.0,"turns":4.0},{"damage":49,"enemies":"Gremlin Leader","floor":30,"turns":6},{"damage":6,"enemies":"Snecko","floor":31,"turns":6},{"damage":80,"enemies":"Collector","floor":33,"turns":6}],"seed_played":"212250298307761907","potions_obtained":[{"floor":4.0,"key":"BloodPotion"},{"floor":14.0,"key":"Strength Potion"},{"floor":18.0,"key":"SteroidPotion"},{"floor":23.0,"key":"Ancient Potion"},{"floor":30,"key":"FairyPotion"},{"floor":31,"key":"Poison Potion"}],"is_trial":false,"path_per_floor":["M","?","?","M","M","R","E","R","T","R","$","?","?","M","R","B",null,"M","$","M","?","M","E","R","E","T","R","T","M","E","M","R","B"],"character_chosen":"IRONCLAD","items_purchased":["Ghostly Armor"],"campfire_rested":5,"item_purchase_floors":[11],"current_hp_per_floor":[71,64,69,77,82,82,29,58,58,58,58,38,38,35,65,21,93,60,60,64,64,51,33,69,33,33,70,70,55,12,12,51,0],"gold":305,"neow_bonus":"THREE_RARE_CARDS","is_prod":false,"is_daily":false,"chose_seed":false,"campfire_upgraded":2,"win_rate":0,"timestamp":1555177322,"path_taken":["M","?","?","M","M","R","E","R","T","R","$","?","?","M","R","BOSS","M","$","M","?","M","E","R","E","T","R","?","M","E","M","R","BOSS"],"build_version":"2019-01-23","purchased_purges":1,"victory":false,"max_hp_per_floor":[83,83,88,91,95,95,99,99,99,99,99,99,99,103,103,107,114,118,118,122,122,122,122,122,126,126,126,126,130,130,130,130,130],"card_choices":[{"not_picked":["Offering","Juggernaut"],"picked":"Feed","floor":0.0},{"not_picked":["Anger","True Grit"],"picked":"Armaments","floor":1.0},{"not_picked":["Body Slam","Blood for Blood"],"picked":"Uppercut","floor":4.0},{"not_picked":["Clash","Headbutt","Anger"],"picked":"SKIP","floor":5.0},{"not_picked":["Body Slam","Sword Boomerang","Blood for Blood"],"picked":"SKIP","floor":7.0},{"not_picked":["Corruption","Body Slam"],"picked":"Cleave","floor":14.0},{"not_picked":["Berserk","Brutality"],"picked":"Offering","floor":16.0},{"not_picked":["Warcry","Clothesline+1"],"picked":"Uppercut+1","floor":18.0},{"not_picked":["Anger+1","Thunderclap+1","Wild Strike+1"],"picked":"SKIP","floor":20.0},{"not_picked":["Pummel+1","Body Slam+1"],"picked":"Heavy Blade+1","floor":22.0},{"not_picked":["Perfected Strike+1","Hemokinesis+1"],"picked":"True Grit","floor":23.0},{"not_picked":["Anger+1","Carnage+1","Corruption+1"],"picked":"SKIP","floor":25.0},{"not_picked":["Dual Wield","Perfected Strike+1","Havoc"],"picked":"SKIP","floor":29.0},{"not_picked":["Anger+1","Seeing Red"],"picked":"Shrug It Off","floor":30},{"not_picked":["Sword Boomerang+1","Searing Blow+1"],"picked":"Offering+1","floor":31}],"player_experience":1005616,"relics_obtained":[{"floor":7.0,"key":"Du-Vu Doll"},{"floor":9.0,"key":"Gambling Chip"},{"floor":17.0,"key":"Strawberry"},{"floor":17.0,"key":"Molten Egg 2"},{"floor":17.0,"key":"Bird Faced Urn"},{"floor":23.0,"key":"Art of War"},{"floor":25.0,"key":"Torii"},{"floor":26.0,"key":"Smiling Mask"},{"floor":28.0,"key":"Dream Catcher"},{"floor":30,"key":"Toxic Egg 2"}],"event_choices":[{"cards_removed":["Strike_R"],"damage_healed":0.0,"max_hp_gain":0.0,"max_hp_loss":0.0,"gold_gain":0.0,"event_name":"Golden Wing","player_choice":"Card Removal","floor":2.0,"gold_loss":0.0,"damage_taken":7.0},{"damage_healed":0.0,"max_hp_gain":5.0,"max_hp_loss":0.0,"gold_gain":0.0,"event_name":"Big Fish","player_choice":"Donut","floor":3.0,"gold_loss":0.0,"damage_taken":0.0},{"damage_healed":0.0,"max_hp_gain":0.0,"max_hp_loss":0.0,"gold_gain":0.0,"event_name":"Shining Light","player_choice":"Entered Light","floor":12.0,"gold_loss":0.0,"damage_taken":20.0,"cards_upgraded":["Feed","Defend_R"]},{"damage_healed":0.0,"max_hp_gain":0.0,"max_hp_loss":0.0,"gold_gain":0.0,"event_name":"Accursed Blacksmith","player_choice":"Forge","floor":13.0,"gold_loss":0.0,"damage_taken":0.0,"cards_upgraded":["Bash"]},{"damage_healed":0.0,"max_hp_gain":0.0,"max_hp_loss":0.0,"gold_gain":0.0,"event_name":"The Mausoleum","player_choice":"Opened","floor":21.0,"gold_loss":0.0,"damage_taken":0.0,"relics_obtained":["The Courier"],"cards_obtained":["Writhe"]}],"is_beta":false,"boss_relics":[{"not_picked":["Tiny House","Lizard Tail"],"picked":"Calling Bell"}],"items_purged_floors":[19],"is_endless":false,"potions_floor_spawned":[4,14,18,23,30,31],"killed_by":"Collector","ascension_level":11}