{"gold_per_floor":[109,127,143,90,165,165,177,177,177,177,142,142,169,169,169,298,298,322,337,362,362,277,277,298,298,349,349,367,222,241,85,85,85],"floor_reached":33,"playtime":1475,"items_purged":[],"score":260,"play_id":"7057f9fe-929f-4377-8958-b479e589667a","local_time":"20181118170524","is_ascension_mode":false,"campfire_choices":[{"floor":6,"key":"REST"},{"data":"1","floor":8,"key":"LIFT"},{"data":"2","floor":10,"key":"LIFT"},{"data":"3","floor":12,"key":"LIFT"},{"floor":15,"key":"REST"},{"floor":23,"key":"REST"},{"floor":27,"key":"REST"},{"floor":32,"key":"REST"}],"neow_cost":"PERCENT_DAMAGE","seed_source_timestamp":342380425117700,"circlet_count":0,"master_deck":["Defend_B+1","Defend_B","Defend_B+1","Defend_B","Zap","Dualcast","Sweeping Beam","Ball Lightning+1","All For One","Steam","Ball Lightning","Consume","Echo Form","FTL+1","Ball Lightning","Leap","Bite","Bite","Bite","Bite","Bite","Leap","Hologram+1","Conserve Battery"],"relics":["Cracked Core","Girya","Whetstone","Odd Mushroom","Golden Idol","Eternal Feather","Letter Opener","Dodecahedron","Orichalcum","War Paint","Juzu Bracelet"],"potions_floor_usage":[16,33,33,33],"damage_taken":[{"damage":1,"enemies":"Jaw Worm","floor":1,"turns":4},{"damage":0,"enemies":"2 Louse","floor":2,"turns":2},{"damage":2,"enemies":"Small Slimes","floor":3,"turns":3},{"damage":5,"enemies":"Looter","floor":7,"turns":3},{"damage":17,"enemies":"The Mushroom Lair","floor":13,"turns":3},{"damage":45,"enemies":"Hexaghost","floor":16,"turns":8},{"damage":25,"enemies":"2 Thieves","floor":18,"turns":4},{"damage":14,"enemies":"3 Byrds","floor":19,"turns":4},{"damage":33,"enemies":"Snake Plant","floor":20,"turns":4},{"damage":7,"enemies":"Cultist and Chosen","floor":24,"turns":5},{"damage":19,"enemies":"Sentry and Sphere","floor":28,"turns":4},{"damage":12,"enemies":"Snake Plant","floor":30,"turns":4},{"damage":63,"enemies":"Champ","floor":33,"turns":9}],"seed_played":"2550157468237430806","potions_obtained":[{"floor":3,"key":"Dexterity Potion"},{"floor":16,"key":"GamblersBrew"},{"floor":19,"key":"Swift Potion"},{"floor":24,"key":"AttackPotion"},{"floor":28,"key":"Explosive Potion"}],"is_trial":false,"path_per_floor":["M","M","M","$","?","R","M","R","T","R","?","R","?","?","R","B",null,"M","M","M","?","?","R","M","?","T","R","M","$","M","$","R","B"],"character_chosen":"DEFECT","items_purchased":["Steam","War Paint","Juzu Bracelet"],"campfire_rested":5,"item_purchase_floors":[4,29,31],"current_hp_per_floor":[53,53,51,51,40,62,57,57,57,57,75,75,58,40,62,17,75,50,36,3,3,3,30,35,35,35,52,39,39,31,31,52,0],"gold":85,"neow_bonus":"ONE_RARE_RELIC","is_prod":false,"is_daily":false,"chose_seed":false,"campfire_upgraded":0,"win_rate":0,"timestamp":1542578724,"path_taken":["M","M","M","$","?","R","M","R","T","R","?","R","?","?","R","BOSS","M","M","M","?","?","R","M","?","T","R","M","?","M","$","R","BOSS"],"build_version":"2018-11-15","purchased_purges":0,"victory":false,"max_hp_per_floor":[75,75,75,75,75,75,75,75,75,75,75,75,75,75,75,75,75,75,75,75,52,52,52,52,52,52,52,52,52,52,52,52,52],"card_choices":[{"not_picked":["Streamline","Lockon"],"picked":"Sweeping Beam","floor":1},{"not_picked":["Reprogram","Melter"],"picked":"Ball Lightning","floor":2},{"not_picked":["Steam","Compile Driver"],"picked":"All For One","floor":3},{"not_picked":["Lockon","Heatsinks"],"picked":"Ball Lightning","floor":7},{"not_picked":["Reprogram","Gash"],"picked":"Consume","floor":13},{"not_picked":["Electrodynamics","Fission"],"picked":"Echo Form","floor":16},{"not_picked":["Beam Cell","Go for the Eyes"],"picked":"FTL+1","floor":18},{"not_picked":["Streamline+1","Gash"],"picked":"Ball Lightning","floor":19},{"not_picked":["Turbo","Doom and Gloom"],"picked":"Leap","floor":20},{"not_picked":["Ball Lightning+1","Beam Cell+1"],"picked":"Leap","floor":24},{"not_picked":["Beam Cell","Fusion"],"picked":"Hologram+1","floor":28},{"not_picked":["All For One","Go for the Eyes"],"picked":"Conserve Battery","floor":30}],"player_experience":234640,"relics_obtained":[{"floor":9,"key":"Whetstone"},{"floor":13,"key":"Odd Mushroom"},{"floor":26,"key":"Orichalcum"}],"event_choices":[{"damage_healed":0,"gold_gain":75,"player_choice":"Gather Gold","damage_taken":11,"max_hp_gain":0,"max_hp_loss":0,"event_name":"World of Goop","floor":5,"gold_loss":0},{"damage_healed":18,"gold_gain":0,"player_choice":"Healed","damage_taken":0,"max_hp_gain":0,"max_hp_loss":0,"event_name":"The Cleric","floor":11,"gold_loss":35},{"damage_healed":0,"gold_gain":0,"player_choice":"Fought Mushrooms","damage_taken":0,"max_hp_gain":0,"max_hp_loss":0,"event_name":"Mushrooms","floor":13,"gold_loss":0},{"damage_healed":0,"gold_gain":0,"player_choice":"Take Damage","damage_taken":18,"relics_obtained":["Golden Idol"],"max_hp_gain":0,"max_hp_loss":0,"event_name":"Golden Idol","floor":14,"gold_loss":0},{"damage_healed":0,"gold_gain":0,"player_choice":"Became a vampire","damage_taken":0,"max_hp_gain":0,"max_hp_loss":23,"event_name":"Vampires","floor":21,"gold_loss":0,"cards_obtained":["Bite","Bite","Bite","Bite","Bite"]},{"damage_healed":0,"gold_gain":0,"player_choice":"Obtained Relic","damage_taken":0,"relics_obtained":["Letter Opener"],"max_hp_gain":0,"max_hp_loss":0,"event_name":"Addict","floor":22,"gold_loss":85},{"damage_healed":0,"gold_gain":0,"player_choice":"Opened","damage_taken":0,"relics_obtained":["Dodecahedron"],"max_hp_gain":0,"max_hp_loss":0,"event_name":"The Mausoleum","floor":25,"gold_loss":0}],"is_beta":false,"boss_relics":[{"not_picked":["Calling Bell","Runic Dome"],"picked":"Eternal Feather"}],"items_purged_floors":[],"is_endless":false,"potions_floor_spawned":[3,16,19,24,28],"killed_by":"Champ","ascension_level":0}