{"gold_per_floor":[115,130,130,305,161,161,194,194,194,219,242,242,262,305,305,431,431,454,454,454,468,56,56,97,97,97,97,97,120,161,182,182,311,311,334,459,484,484,503,503],"floor_reached":40,"playtime":3802,"items_purged":["Doubt","Shame"],"score":723,"play_id":"e9c19763-9bcf-41c2-9783-3192eb9a3f1e","local_time":"20190115151308","is_ascension_mode":true,"campfire_choices":[{"floor":6.0,"key":"REST"},{"floor":8.0,"key":"REST"},{"data":"Noxious Fumes","floor":12.0,"key":"SMITH"},{"data":"Footwork","floor":15.0,"key":"SMITH"},{"floor":23.0,"key":"REST"},{"floor":25.0,"key":"REST"},{"floor":28.0,"key":"REST"},{"data":"Noxious Fumes","floor":32.0,"key":"SMITH"}],"neow_cost":"NONE","seed_source_timestamp":2915675455930649,"circlet_count":0,"master_deck":["AscendersBane","Defend_G","Defend_G","Defend_G","Defend_G","Defend_G","Strike_G","Strike_G","Strike_G","Strike_G","Strike_G","Survivor","Neutralize","Dodge and Roll","Dagger Spray","Noxious Fumes+1","Caltrops","Crippling Poison","Cloak And Dagger","Footwork+1","Noxious Fumes+1","A Thousand Cuts","Well Laid Plans","Bouncing Flask","Backstab","Bandage Up","Escape Plan+1","Footwork+1","A Thousand Cuts+1","Distraction+1","Cloak And Dagger","Trip","Blur"],"special_seed":0,"relics":["Velvet Choker","Golden Idol","Gambling Chip","Bottled Tornado","Matryoshka","Orrery","Frozen Egg 2","Anchor","Strawberry","Darkstone Periapt","Blood Vial","Meat on the Bone","Centennial Puzzle","White Beast Statue","Mango"],"potions_floor_usage":[40],"damage_taken":[{"damage":0.0,"enemies":"Small Slimes","floor":1.0,"turns":5.0},{"damage":3.0,"enemies":"2 Louse","floor":2.0,"turns":2.0},{"damage":32.0,"enemies":"Gremlin Nob","floor":7.0,"turns":6.0},{"damage":0.0,"enemies":"Jaw Worm","floor":10.0,"turns":4.0},{"damage":0.0,"enemies":"Exordium Thugs","floor":11.0,"turns":3.0},{"damage":1.0,"enemies":"Red Slaver","floor":13.0,"turns":3.0},{"damage":3.0,"enemies":"3 Sentries","floor":14.0,"turns":5.0},{"damage":16.0,"enemies":"Hexaghost","floor":16.0,"turns":9.0},{"damage":30.0,"enemies":"2 Thieves","floor":18.0,"turns":4.0},{"damage":11.0,"enemies":"3 Byrds","floor":21.0,"turns":4.0},{"damage":21.0,"enemies":"Book of Stabbing","floor":24.0,"turns":6.0},{"damage":3.0,"enemies":"Snecko","floor":29.0,"turns":5.0},{"damage":5.0,"enemies":"Slavers","floor":30.0,"turns":5.0},{"damage":19.0,"enemies":"Shelled Parasite and Fungi","floor":31.0,"turns":6.0},{"damage":28.0,"enemies":"Champ","floor":33.0,"turns":12.0},{"damage":19.0,"enemies":"3 Darklings","floor":35.0,"turns":5.0},{"damage":14.0,"enemies":"Mind Bloom Boss Battle","floor":36.0,"turns":8.0},{"damage":19.0,"enemies":"Orb Walker","floor":37.0,"turns":5.0},{"damage":21.0,"enemies":"Sphere and 2 Shapes","floor":39.0,"turns":5.0},{"damage":53,"enemies":"Nemesis","floor":40,"turns":6}],"seed_played":"-8367205687747378907","potions_obtained":[{"floor":1.0,"key":"Block Potion"},{"floor":11.0,"key":"Dexterity Potion"},{"floor":13.0,"key":"Poison Potion"},{"floor":14.0,"key":"Ancient Potion"},{"floor":18.0,"key":"Weak Potion"},{"floor":24.0,"key":"Dexterity Potion"},{"floor":35.0,"key":"Ancient Potion"},{"floor":36.0,"key":"Dexterity Potion"}],"is_trial":false,"path_per_floor":["M","M","?","?","$","R","E","R","T","M","M","R","M","E","R","B",null,"M","?","?","M","$","R","E","R","T","?","R","M","E","M","R","B",null,"M","?","M","?","M","E"],"character_chosen":"THE_SILENT","items_purchased":["Noxious Fumes","Anchor","Strawberry"],"campfire_rested":5,"item_purchase_floors":[5,22,22],"current_hp_per_floor":[63,60,43,43,43,64,32,53,53,53,53,53,52,49,49,33,61,31,31,31,20,27,50,29,52,52,38,61,64,65,52,52,42,68,55,61,48,48,45,0],"gold":503,"neow_bonus":"BOSS_RELIC","is_prod":false,"is_daily":false,"chose_seed":false,"campfire_upgraded":3,"win_rate":0,"timestamp":1547583188,"path_taken":["M","M","?","?","?","R","E","R","T","?","M","R","M","E","R","BOSS","M","?","?","M","$","R","E","R","T","?","R","?","E","M","R","BOSS","M","?","M","?","M","E"],"build_version":"2019-01-10","purchased_purges":2,"victory":false,"max_hp_per_floor":[70,70,70,70,70,70,70,70,70,70,70,70,70,70,70,70,70,70,70,70,70,77,77,77,77,77,77,77,77,77,77,77,77,77,77,91,91,91,91,91],"card_choices":[{"not_picked":["Choke","Deadly Poison"],"picked":"Dodge and Roll","floor":1.0},{"not_picked":["Slice","Outmaneuver"],"picked":"Dagger Spray","floor":2.0},{"not_picked":["Flying Knee","Acrobatics"],"picked":"Caltrops","floor":7.0},{"not_picked":["Infinite Blades","Deadly Poison"],"picked":"Crippling Poison","floor":10.0},{"not_picked":["Slice","Dagger Spray"],"picked":"Cloak And Dagger","floor":11.0},{"not_picked":["Underhanded Strike","Masterful Stab"],"picked":"Footwork","floor":13.0},{"not_picked":["Prepared","Eviscerate"],"picked":"Noxious Fumes","floor":14.0},{"not_picked":["Venomology","Bullet Time"],"picked":"A Thousand Cuts","floor":16.0},{"not_picked":["Finisher","Outmaneuver"],"picked":"Well Laid Plans","floor":17.0},{"not_picked":["Blade Dance","Well Laid Plans"],"picked":"Bouncing Flask","floor":17.0},{"not_picked":["Dagger Throw","Skewer"],"picked":"Backstab","floor":17.0},{"not_picked":["Storm of Steel","Distraction","Accuracy+1"],"picked":"SKIP","floor":18.0},{"not_picked":["All Out Attack","Blade Dance","Underhanded Strike"],"picked":"SKIP","floor":21.0},{"not_picked":["Outmaneuver+1","Eviscerate","Endless Agony"],"picked":"SKIP","floor":24.0},{"not_picked":["Poisoned Stab","Tactician"],"picked":"Escape Plan+1","floor":29.0},{"not_picked":["Tactician+1","Flechettes","Accuracy+1"],"picked":"SKIP","floor":30.0},{"not_picked":["Cloak And Dagger+1","Prepared"],"picked":"Footwork+1","floor":31.0},{"not_picked":["Burst","Tools of the Trade+1"],"picked":"A Thousand Cuts+1","floor":33.0},{"not_picked":["Outmaneuver","Slice+1","Blade Dance"],"picked":"SKIP","floor":35.0},{"not_picked":["Prepared","Masterful Stab+1"],"picked":"Distraction+1","floor":36.0},{"not_picked":["Dagger Spray","Deflect"],"picked":"Cloak And Dagger","floor":37.0},{"not_picked":["Swift Strike","The Bomb"],"picked":"Trip","floor":38.0},{"not_picked":["Bane","Slice+1"],"picked":"Blur","floor":39.0}],"player_experience":712269,"relics_obtained":[{"floor":7.0,"key":"Gambling Chip"},{"floor":9.0,"key":"Bottled Tornado"},{"floor":14.0,"key":"Matryoshka"},{"floor":24.0,"key":"Darkstone Periapt"},{"floor":26.0,"key":"Blood Vial"},{"floor":26.0,"key":"Meat on the Bone"},{"floor":30.0,"key":"Centennial Puzzle"},{"floor":36.0,"key":"Mango"}],"event_choices":[{"damage_healed":0.0,"max_hp_gain":0.0,"max_hp_loss":0.0,"gold_gain":0.0,"event_name":"Golden Idol","player_choice":"Take Damage","floor":3.0,"gold_loss":0.0,"damage_taken":17.0,"relics_obtained":["Golden Idol"]},{"damage_healed":0.0,"max_hp_gain":0.0,"max_hp_loss":0.0,"gold_gain":175.0,"event_name":"Liars Game","player_choice":"AGREE","floor":4.0,"gold_loss":0.0,"damage_taken":0.0,"cards_obtained":["Doubt"]},{"damage_healed":0.0,"max_hp_gain":0.0,"max_hp_loss":0.0,"gold_gain":0.0,"event_name":"Addict","player_choice":"Stole Relic","floor":19.0,"gold_loss":0.0,"damage_taken":0.0,"relics_obtained":["Frozen Egg 2"],"cards_obtained":["Shame"]},{"damage_healed":0.0,"max_hp_gain":0.0,"max_hp_loss":0.0,"gold_gain":0.0,"event_name":"Ghosts","player_choice":"Ignored","floor":20.0,"gold_loss":0.0,"damage_taken":0.0},{"damage_healed":0.0,"max_hp_gain":0.0,"max_hp_loss":0.0,"gold_gain":0.0,"event_name":"Knowing Skull","player_choice":"CARD ","floor":27.0,"potions_obtained":[],"gold_loss":0.0,"damage_taken":14.0,"cards_obtained":["Bandage Up"]},{"damage_healed":0.0,"max_hp_gain":0.0,"max_hp_loss":0.0,"gold_gain":0.0,"event_name":"MindBloom","player_choice":"Fight","floor":36.0,"gold_loss":0.0,"damage_taken":0.0},{"damage_healed":0.0,"max_hp_gain":0.0,"max_hp_loss":0.0,"gold_gain":0.0,"event_name":"SensoryStone","player_choice":"Memory 1","floor":38.0,"gold_loss":0.0,"damage_taken":0.0}],"is_beta":false,"boss_relics":[{"not_picked":["Black Star","Tiny House"],"picked":"Orrery"},{"not_picked":["Fusion Hammer","Sozu"],"picked":"White Beast Statue"}],"items_purged_floors":[5,22],"is_endless":false,"potions_floor_spawned":[1,11,13,14,18,24,35,36,37,39],"killed_by":"Nemesis","ascension_level":11}