{"gold_per_floor":[114,134,149,165,165,165,165,165,165,178,178,192,192,117,117,212,212,223,322,341,241,254,254,254,288,288,288,317,337,371,444,444,546,546,564,564,578,383,397,397,411,411,411,411,411,411,411,421,421,421],"floor_reached":51,"playtime":1729,"items_purged":["Regret","Strike_R","Sentinel"],"score":1122,"play_id":"8a89fea2-94cf-4c8b-ae3a-c46f73576424","local_time":"20190428003639","is_ascension_mode":true,"campfire_choices":[{"data":"Armaments","floor":6,"key":"SMITH"},{"data":"Demon Form","floor":8,"key":"SMITH"},{"data":"Bash","floor":11,"key":"SMITH"},{"floor":15,"key":"REST"},{"data":"Seeing Red","floor":23,"key":"SMITH"},{"data":"Thunderclap","floor":27,"key":"SMITH"},{"floor":32,"key":"REST"},{"data":"Immolate","floor":40,"key":"SMITH"},{"data":"Rage","floor":42,"key":"SMITH"},{"data":"Heavy Blade","floor":44,"key":"SMITH"},{"data":"Ghostly Armor","floor":46,"key":"SMITH"},{"floor":49,"key":"REST"}],"neow_cost":"NONE","seed_source_timestamp":308743967016800,"circlet_count":0,"master_deck":["AscendersBane","Strike_R+1","Strike_R+1","Strike_R+1","Defend_R+1","Defend_R+1","Defend_R+1","Defend_R+1","Bash+1","Demon Form+1","Cleave","Armaments+1","Metallicize+1","Shockwave+1","Seeing Red+1","Thunderclap+1","Heavy Blade+1","Headbutt","Immolate+1","Ghostly Armor+1","Pummel+1","Rage+1","Ghostly Armor+1"],"relics":["Burning Blood","Anchor","Letter Opener","Velvet Choker","Happy Flower","Pocketwatch","Charon\u0027s Ashes","Self Forming Clay","Cursed Key"],"potions_floor_usage":[16,16,30,50,50],"damage_taken":[{"damage":2,"enemies":"Jaw Worm","floor":1,"turns":3},{"damage":4,"enemies":"Small Slimes","floor":2,"turns":5},{"damage":0,"enemies":"2 Louse","floor":3,"turns":2},{"damage":22,"enemies":"Blue Slaver","floor":4,"turns":5},{"damage":21,"enemies":"Exordium Wildlife","floor":10,"turns":5},{"damage":7,"enemies":"3 Louse","floor":12,"turns":3},{"damage":36,"enemies":"Hexaghost","floor":16,"turns":9},{"damage":19,"enemies":"Spheric Guardian","floor":18,"turns":5},{"damage":3,"enemies":"Shell Parasite","floor":20,"turns":6},{"damage":3,"enemies":"Chosen and Byrds","floor":22,"turns":6},{"damage":8,"enemies":"Book of Stabbing","floor":25,"turns":6},{"damage":13,"enemies":"Gremlin Leader","floor":28,"turns":6},{"damage":2,"enemies":"Shelled Parasite and Fungi","floor":29,"turns":5},{"damage":32,"enemies":"Book of Stabbing","floor":30,"turns":6},{"damage":74,"enemies":"Collector","floor":33,"turns":8},{"damage":5,"enemies":"3 Darklings","floor":35,"turns":5},{"damage":12,"enemies":"3 Shapes","floor":37,"turns":3},{"damage":25,"enemies":"Sphere and 2 Shapes","floor":39,"turns":4},{"damage":0,"enemies":"3 Darklings","floor":41,"turns":2},{"damage":20,"enemies":"Maw","floor":48,"turns":7},{"damage":17,"enemies":"Time Eater","floor":50,"turns":8}],"seed_played":"2321829501459105255","potions_obtained":[{"floor":2,"key":"Strength Potion"},{"floor":3,"key":"Fire Potion"},{"floor":10,"key":"PowerPotion"},{"floor":16,"key":"FairyPotion"},{"floor":18,"key":"Strength Potion"},{"floor":29,"key":"EssenceOfSteel"},{"floor":39,"key":"Dexterity Potion"},{"floor":41,"key":"EssenceOfSteel"}],"is_trial":false,"path_per_floor":["M","M","M","M","?","R","?","R","T","M","R","M","?","$","R","B",null,"M","?","M","$","M","R","?","E","T","R","E","M","E","T","R","B",null,"M","?","M","$","M","R","M","R","T","R","?","R","T","M","R","B",null],"character_chosen":"IRONCLAD","items_purchased":["Rage"],"campfire_rested":3,"item_purchase_floors":[38],"current_hp_per_floor":[76,78,80,64,57,57,45,45,45,30,30,29,29,29,53,23,66,53,53,56,56,59,59,59,57,57,57,50,54,28,28,52,14,64,65,65,59,59,40,40,46,46,46,46,46,46,46,32,54,43],"gold":421,"neow_bonus":"ONE_RANDOM_RARE_CARD","is_prod":false,"is_daily":false,"chose_seed":false,"campfire_upgraded":9,"win_rate":0,"timestamp":1556426199,"path_taken":["M","M","M","M","?","R","?","R","T","M","R","M","?","$","R","BOSS","M","?","M","$","M","R","?","E","T","R","E","M","E","?","R","BOSS","M","?","M","$","M","R","M","R","T","R","?","R","?","M","R","BOSS"],"build_version":"2019-01-23","purchased_purges":3,"victory":true,"max_hp_per_floor":[80,80,80,80,80,80,80,80,80,80,80,80,80,80,80,80,80,80,80,80,80,80,80,80,80,80,80,80,80,80,80,80,80,80,80,76,76,76,76,76,76,76,76,76,76,76,76,76,76,76],"card_choices":[{"not_picked":["Havoc","Perfected Strike","Searing Blow"],"picked":"SKIP","floor":1},{"not_picked":["Searing Blow","Pommel Strike"],"picked":"Cleave","floor":2},{"not_picked":["Sever Soul","Clash"],"picked":"Sentinel","floor":3},{"not_picked":["Sever Soul","Perfected Strike"],"picked":"Armaments","floor":4},{"not_picked":["Armaments","Perfected Strike","Hemokinesis"],"picked":"SKIP","floor":10},{"not_picked":["Flex","Perfected Strike","Hemokinesis"],"picked":"SKIP","floor":12},{"not_picked":["Wild Strike+1","Warcry"],"picked":"Metallicize+1","floor":18},{"not_picked":["Body Slam","Havoc"],"picked":"Shockwave+1","floor":20},{"not_picked":["Rupture","Sword Boomerang"],"picked":"Seeing Red","floor":22},{"not_picked":["Dual Wield","Sever Soul"],"picked":"Thunderclap","floor":25},{"not_picked":["Berserk","Searing Blow"],"picked":"Heavy Blade","floor":28},{"not_picked":["Cleave","Carnage"],"picked":"Headbutt","floor":29},{"not_picked":["Dual Wield+1","Sentinel","Iron Wave"],"picked":"SKIP","floor":30},{"not_picked":["Barricade","Dark Embrace"],"picked":"Immolate","floor":33},{"not_picked":["Feel No Pain","Thunderclap"],"picked":"Ghostly Armor+1","floor":35},{"not_picked":["Ghostly Armor+1","Inflame"],"picked":"Pummel+1","floor":37},{"not_picked":["Flex","Anger","Cleave"],"picked":"SKIP","floor":39},{"not_picked":["Havoc","Sentinel"],"picked":"Ghostly Armor","floor":41},{"not_picked":["Cleave","Pommel Strike","Thunderclap"],"picked":"SKIP","floor":48}],"player_experience":394559,"relics_obtained":[{"floor":9,"key":"Anchor"},{"floor":25,"key":"Happy Flower"},{"floor":26,"key":"Pocketwatch"},{"floor":28,"key":"Charon\u0027s Ashes"},{"floor":30,"key":"Self Forming Clay"}],"event_choices":[{"cards_removed":["Strike_R"],"damage_healed":0,"gold_gain":0,"player_choice":"Card Removal","damage_taken":7,"max_hp_gain":0,"max_hp_loss":0,"event_name":"Golden Wing","floor":5,"gold_loss":0},{"damage_healed":0,"gold_gain":0,"player_choice":"Fled","damage_taken":12,"max_hp_gain":0,"max_hp_loss":0,"event_name":"Scrap Ooze","floor":7,"gold_loss":0},{"damage_healed":0,"gold_gain":0,"player_choice":"Box","damage_taken":0,"relics_obtained":["Letter Opener"],"max_hp_gain":0,"max_hp_loss":0,"event_name":"Big Fish","floor":13,"gold_loss":0,"cards_obtained":["Regret"]},{"damage_healed":0,"gold_gain":99,"player_choice":"Stole From Cult","damage_taken":0,"max_hp_gain":0,"max_hp_loss":0,"event_name":"Nest","floor":19,"gold_loss":0},{"damage_healed":0,"gold_gain":0,"player_choice":"Simplicity","damage_taken":0,"max_hp_gain":0,"max_hp_loss":0,"event_name":"Back to Basics","floor":24,"gold_loss":0,"cards_upgraded":["Strike_R","Strike_R","Strike_R","Defend_R","Defend_R","Defend_R","Defend_R"]},{"damage_healed":0,"gold_gain":0,"player_choice":"Max HP","damage_taken":0,"max_hp_gain":0,"max_hp_loss":4,"event_name":"Winding Halls","floor":36,"gold_loss":0},{"damage_healed":0,"gold_gain":0,"player_choice":"Ignored","damage_taken":0,"max_hp_gain":0,"max_hp_loss":0,"event_name":"Mysterious Sphere","floor":45,"gold_loss":0}],"is_beta":false,"boss_relics":[{"not_picked":["Pandora\u0027s Box","Calling Bell"],"picked":"Velvet Choker"},{"not_picked":["White Beast Statue","Philosopher\u0027s Stone"],"picked":"Cursed Key"}],"items_purged_floors":[14,21,38],"is_endless":false,"potions_floor_spawned":[2,3,10,16,18,29,39,41,48],"ascension_level":12}