{"gold_per_floor":[116,116,116,133,150,150,161,161,161,161,173,173,173,191,191,291,291,304,27,27,27,27,27],"floor_reached":23,"playtime":1390,"items_purged":["Regret"],"score":251,"play_id":"d37052d9-57f8-42ab-945d-62af11adacff","local_time":"20180913203550","is_ascension_mode":true,"campfire_choices":[{"floor":6,"key":"REST"},{"data":"Noxious Fumes","floor":8,"key":"SMITH"},{"data":"Neutralize","floor":10,"key":"SMITH"},{"floor":15,"key":"REST"}],"neow_cost":"","seed_source_timestamp":90409875474788,"circlet_count":0,"master_deck":["Defend_G","Defend_G","Defend_G","Defend_G+1","Defend_G","Strike_G","Strike_G","Strike_G","Strike_G","Strike_G","Survivor+1","Neutralize+1","Noxious Fumes+1","Dash","Crippling Poison","Acrobatics","Blur","Dodge and Roll","Burst","PiercingWail","Master of Strategy","Cloak And Dagger","Backflip","Mind Blast","Necronomicurse"],"relics":["Ring of the Snake","The Courier","Ancient Tea Set","WarpedTongs","Black Star","Dream Catcher","Necronomicon"],"potions_floor_usage":[14,23],"damage_taken":[{"damage":1,"enemies":"Jaw Worm","floor":1,"turns":8},{"damage":0,"enemies":"Small Slimes","floor":4,"turns":5},{"damage":5,"enemies":"Cultist","floor":5,"turns":4},{"damage":10,"enemies":"Looter","floor":7,"turns":4},{"damage":0,"enemies":"2 Fungi Beasts","floor":11,"turns":3},{"damage":4,"enemies":"Large Slime","floor":14,"turns":5},{"damage":18,"enemies":"The Guardian","floor":16,"turns":11},{"damage":15,"enemies":"3 Byrds","floor":18,"turns":7},{"damage":28,"enemies":"Slavers","floor":23,"turns":3}],"seed_played":"-1939744075662954959","potions_obtained":[{"floor":1,"key":"LiquidBronze"},{"floor":4,"key":"GhostInAJar"},{"floor":11,"key":"Fire Potion"}],"is_trial":false,"path_per_floor":["M","?","?","M","M","R","M","R","T","R","M","?","?","M","R","B",null,"M","$","?","?","?"],"character_chosen":"THE_SILENT","items_purchased":["Master of Strategy","Cloak And Dagger","Backflip"],"campfire_rested":2,"item_purchase_floors":[19,19,19],"current_hp_per_floor":[62,48,48,48,43,64,54,54,54,54,54,54,47,43,64,46,64,49,49,49,35,19,0],"gold":27,"neow_bonus":"","is_prod":false,"is_daily":false,"chose_seed":false,"campfire_upgraded":2,"win_rate":0,"timestamp":1536885350,"path_taken":["M","?","?","M","M","R","?","R","T","R","M","?","?","M","R","BOSS","M","$","?","?","?","E"],"build_version":"2018-09-06","purchased_purges":1,"victory":false,"max_hp_per_floor":[70,70,70,70,70,70,70,70,70,70,70,70,70,70,70,70,70,70,70,70,70,70,70],"card_choices":[{"not_picked":["Flying Knee","Terror"],"picked":"Noxious Fumes","floor":1},{"not_picked":["Acrobatics","Blade Dance"],"picked":"Dash","floor":4},{"not_picked":["Acrobatics","Riddle With Holes"],"picked":"Crippling Poison","floor":5},{"not_picked":["Flying Knee","Tactician"],"picked":"Acrobatics","floor":7},{"not_picked":["Acrobatics","Bane"],"picked":"Blur","floor":11},{"not_picked":["Choke","Deadly Poison"],"picked":"Dodge and Roll","floor":14},{"not_picked":["Glass Knife","Storm of Steel"],"picked":"Burst","floor":16},{"not_picked":["Prepared","Escape Plan"],"picked":"PiercingWail","floor":18}],"player_experience":177156,"relics_obtained":[{"floor":9,"key":"Ancient Tea Set"},{"floor":22,"key":"Necronomicon"}],"event_choices":[{"event_name":"Shining Light","player_choice":"Entered Light","floor":2,"damage_taken":0},{"event_name":"Big Fish","player_choice":"Box","floor":3,"damage_taken":0},{"event_name":"Accursed Blacksmith","player_choice":"Rummage","floor":12,"damage_taken":0},{"event_name":"Golden Wing","player_choice":"Card Removal","floor":13,"damage_taken":0},{"event_name":"WeMeetAgain","player_choice":"Potion","floor":20,"damage_taken":0},{"event_name":"Knowing Skull","player_choice":"CARD ","floor":21,"damage_taken":0},{"event_name":"Cursed Tome","player_choice":"Obtained Book","floor":22,"damage_taken":0}],"is_beta":false,"boss_relics":[{"not_picked":["Ectoplasm","Snecko Eye"],"picked":"Black Star"}],"items_purged_floors":[19],"is_endless":false,"potions_floor_spawned":[1,4,11],"killed_by":"Slavers","ascension_level":8}