{"gold_per_floor":[19,29,104,54,67,67,97,97],"floor_reached":8,"playtime":1744,"items_purged":[],"score":92,"play_id":"21009968-2b27-42f1-92f9-a086ddff9ae5","local_time":"20190127191417","is_ascension_mode":true,"campfire_choices":[{"floor":6,"key":"REST"}],"neow_cost":"NO_GOLD","seed_source_timestamp":3969912606814659,"circlet_count":0,"master_deck":["AscendersBane","Defend_G","Defend_G","Defend_G","Defend_G","Defend_G","Strike_G","Strike_G","Strike_G","Strike_G","Survivor","Neutralize","Crippling Poison","Escape Plan","Dagger Spray","Dodge and Roll"],"relics":["Ring of the Snake","Torii","Regal Pillow"],"potions_floor_usage":[],"damage_taken":[{"damage":1,"enemies":"Cultist","floor":1,"turns":4},{"damage":2,"enemies":"Jaw Worm","floor":2,"turns":5},{"damage":9,"enemies":"Small Slimes","floor":5,"turns":4},{"damage":55,"enemies":"3 Sentries","floor":7,"turns":21},{"damage":9,"enemies":"Exordium Wildlife","floor":8,"turns":2}],"seed_played":"7051861836456339490","potions_obtained":[{"floor":1,"key":"Energy Potion"},{"floor":7,"key":"EssenceOfSteel"}],"is_trial":false,"path_per_floor":["M","M","?","?","M","R","E","M"],"character_chosen":"THE_SILENT","items_purchased":[],"campfire_rested":1,"item_purchase_floors":[],"current_hp_per_floor":[62,60,49,49,40,61,6,0],"gold":97,"neow_bonus":"ONE_RARE_RELIC","is_prod":false,"is_daily":false,"chose_seed":false,"campfire_upgraded":0,"win_rate":0,"timestamp":1548634457,"path_taken":["M","?","?","?","M","R","E","M"],"build_version":"2019-01-23","purchased_purges":0,"victory":false,"max_hp_per_floor":[70,70,70,70,70,70,70,70],"card_choices":[{"not_picked":["PiercingWail","Backflip"],"picked":"Crippling Poison","floor":1},{"not_picked":["Caltrops","Underhanded Strike"],"picked":"Escape Plan","floor":2},{"not_picked":["Catalyst","Outmaneuver"],"picked":"Dagger Spray","floor":5},{"not_picked":["Dagger Spray","Endless Agony"],"picked":"Dodge and Roll","floor":7}],"player_experience":803575,"relics_obtained":[{"floor":7,"key":"Regal Pillow"}],"event_choices":[{"damage_healed":0,"gold_gain":75,"player_choice":"Gather Gold","damage_taken":11,"max_hp_gain":0,"max_hp_loss":0,"event_name":"World of Goop","floor":3,"gold_loss":0},{"cards_removed":["Strike_G"],"damage_healed":0,"gold_gain":0,"player_choice":"Card Removal","damage_taken":0,"max_hp_gain":0,"max_hp_loss":0,"event_name":"The Cleric","floor":4,"gold_loss":50}],"is_beta":false,"boss_relics":[],"items_purged_floors":[],"is_endless":false,"potions_floor_spawned":[1,7],"killed_by":"Exordium Wildlife","ascension_level":13}