{"gold_per_floor":[116,135,146,146,158,158,190,190,190,220,238,1,14,31,31,136,136,149,160,171,181,200,200,230,230,230,245,255,287,202,219,219,324,324,344,344,444,457,0,11,39,39],"floor_reached":42,"playtime":7799,"items_purged":["Strike_B"],"score":785,"play_id":"5f12158d-3794-40f0-9717-c1615964a6a7","local_time":"20190112161235","is_ascension_mode":true,"campfire_choices":[{"data":"Zap","floor":6.0,"key":"SMITH"},{"data":"Defragment","floor":8.0,"key":"SMITH"},{"floor":15.0,"key":"REST"},{"data":"Capacitor","floor":23.0,"key":"SMITH"},{"data":"Biased Cognition","floor":25.0,"key":"SMITH"},{"floor":32.0,"key":"REST"}],"neow_cost":"NONE","seed_source_timestamp":0,"circlet_count":0,"master_deck":["Strike_B","Strike_B","Defend_B","Defend_B","Defend_B","Defend_B","Zap+1","Dualcast","Glacier","Cold Snap","Coolheaded","Go for the Eyes","Defragment+1","Coolheaded+1","Capacitor+1","Electrodynamics","Glacier+1","Coolheaded+1","Loop","Biased Cognition+1","Cold Snap+1","Cold Snap+1","Buffer","Capacitor+1"],"special_seed":0,"relics":["Cracked Core","Potion Belt","Mercury Hourglass","Toxic Egg 2","Membership Card","Snecko Eye","Vajra","Lantern","Centennial Puzzle","Ornamental Fan","Inserter","Red Mask","Happy Flower"],"potions_floor_usage":[33,41],"damage_taken":[{"damage":4.0,"enemies":"Small Slimes","floor":1.0,"turns":3.0},{"damage":1.0,"enemies":"Cultist","floor":2.0,"turns":3.0},{"damage":12.0,"enemies":"2 Louse","floor":3.0,"turns":3.0},{"damage":0.0,"enemies":"2 Fungi Beasts","floor":5.0,"turns":5.0},{"damage":7.0,"enemies":"3 Sentries","floor":7.0,"turns":12.0},{"damage":29.0,"enemies":"Gremlin Nob","floor":10.0,"turns":4.0},{"damage":7.0,"enemies":"Gremlin Gang","floor":11.0,"turns":4.0},{"damage":3.0,"enemies":"Large Slime","floor":13.0,"turns":4.0},{"damage":6.0,"enemies":"Looter","floor":14.0,"turns":2.0},{"damage":0.0,"enemies":"Hexaghost","floor":16.0,"turns":15.0},{"damage":0.0,"enemies":"3 Byrds","floor":18.0,"turns":3.0},{"damage":0.0,"enemies":"Chosen","floor":19.0,"turns":7.0},{"damage":7.0,"enemies":"Shelled Parasite and Fungi","floor":20.0,"turns":10.0},{"damage":0.0,"enemies":"Snecko","floor":21.0,"turns":5.0},{"damage":0.0,"enemies":"Chosen and Byrds","floor":22.0,"turns":6.0},{"damage":11.0,"enemies":"Gremlin Leader","floor":24.0,"turns":5.0},{"damage":1.0,"enemies":"Shelled Parasite and Fungi","floor":27.0,"turns":7.0},{"damage":0.0,"enemies":"Sentry and Sphere","floor":28.0,"turns":4.0},{"damage":0.0,"enemies":"Slavers","floor":29.0,"turns":3.0},{"damage":18.0,"enemies":"3 Cultists","floor":31.0,"turns":4.0},{"damage":24,"enemies":"Champ","floor":33,"turns":21},{"damage":31,"enemies":"3 Darklings","floor":35,"turns":5},{"damage":0,"enemies":"Orb Walker","floor":38,"turns":5},{"damage":7,"enemies":"Sphere and 2 Shapes","floor":40,"turns":6},{"damage":10,"enemies":"Nemesis","floor":41,"turns":15},{"damage":41,"enemies":"Maw","floor":42,"turns":12}],"seed_played":"-5668192996515546211","potions_obtained":[{"floor":3.0,"key":"Energy Potion"},{"floor":5.0,"key":"LiquidBronze"},{"floor":10.0,"key":"SpeedPotion"},{"floor":11.0,"key":"SteroidPotion"},{"floor":20.0,"key":"AttackPotion"},{"floor":21.0,"key":"Explosive Potion"},{"floor":24.0,"key":"Block Potion"},{"floor":31.0,"key":"EssenceOfSteel"},{"floor":38,"key":"SkillPotion"},{"floor":40,"key":"EssenceOfSteel"}],"is_trial":false,"path_per_floor":["M","M","M","?","M","R","E","R","T","E","M","$","M","M","R","B",null,"M","M","M","M","M","R","E","R","T","M","M","E","?","M","R","B",null,"M","?","?","M","?","M","E","M"],"character_chosen":"DEFECT","items_purchased":["Membership Card"],"campfire_rested":2,"item_purchase_floors":[12],"current_hp_per_floor":[71,70,58,58,58,58,51,51,51,22,15,15,12,6,30,30,69,69,69,62,62,62,62,51,51,51,50,50,50,50,32,56,32,70,39,39,39,39,39,32,22,0],"gold":39,"neow_bonus":"TEN_PERCENT_HP_BONUS","is_prod":false,"is_daily":false,"chose_seed":false,"campfire_upgraded":4,"win_rate":0,"timestamp":1547327555,"path_taken":["M","M","M","?","M","R","E","R","T","E","M","$","M","M","R","BOSS","M","M","M","?","M","R","E","R","T","M","?","E","?","M","R","BOSS","M","?","?","?","?","M","E","M"],"build_version":"2019-01-10","purchased_purges":1,"victory":false,"max_hp_per_floor":[82,82,82,82,82,82,82,82,82,82,82,82,82,82,82,82,82,82,82,82,82,82,82,82,82,82,82,82,82,82,82,82,82,82,82,82,82,82,82,82,82,82],"card_choices":[{"not_picked":["Cold Snap","Recycle"],"picked":"Glacier","floor":1.0},{"not_picked":["Turbo","Heatsinks"],"picked":"Cold Snap","floor":2.0},{"not_picked":["Turbo","Conserve Battery"],"picked":"Coolheaded","floor":3.0},{"not_picked":["Redo","Gash"],"picked":"Go for the Eyes","floor":5.0},{"not_picked":["Aggregate","Recycle"],"picked":"Defragment","floor":7.0},{"not_picked":["Stack","Reboot"],"picked":"Coolheaded","floor":10.0},{"not_picked":["Gash","Hello World","Force Field+1"],"picked":"SKIP","floor":11.0},{"not_picked":["Barrage","Streamline"],"picked":"Capacitor","floor":13.0},{"not_picked":["Conserve Battery+1","Ball Lightning","Turbo+1"],"picked":"SKIP","floor":14.0},{"not_picked":["Multi-Cast+1","Biased Cognition"],"picked":"Electrodynamics","floor":16.0},{"not_picked":["Consume+1","Go for the Eyes"],"picked":"Glacier+1","floor":18.0},{"not_picked":["Reinforced Body+1","Compile Driver"],"picked":"Coolheaded+1","floor":19.0},{"not_picked":["Gash","Ball Lightning"],"picked":"Loop","floor":20.0},{"not_picked":["Ball Lightning","Hologram+1","Scrape"],"picked":"SKIP","floor":21.0},{"not_picked":["Conserve Battery+1","Scrape"],"picked":"Biased Cognition","floor":22.0},{"not_picked":["Compile Driver","Conserve Battery+1"],"picked":"Cold Snap+1","floor":24.0},{"not_picked":["Ball Lightning","Undo+1","Beam Cell+1"],"picked":"SKIP","floor":27.0},{"not_picked":["Hyperbeam","Stack+1","Hologram+1"],"picked":"SKIP","floor":28.0},{"not_picked":["Creative AI","Hologram+1","Rip and Tear"],"picked":"SKIP","floor":29.0},{"not_picked":["Sweeping Beam","Beam Cell"],"picked":"Cold Snap+1","floor":31.0},{"not_picked":["Reboot+1","Rainbow+1"],"picked":"Buffer","floor":33},{"not_picked":["Leap+1","Streamline"],"picked":"Capacitor+1","floor":35},{"not_picked":["Conserve Battery+1","Sweeping Beam+1","Leap+1"],"picked":"SKIP","floor":38},{"not_picked":["Cold Snap+1","Undo+1","Chaos+1"],"picked":"SKIP","floor":40},{"not_picked":["Coolheaded+1","Streamline+1","Cold Snap"],"picked":"SKIP","floor":41}],"player_experience":629818,"relics_obtained":[{"floor":7.0,"key":"Potion Belt"},{"floor":9.0,"key":"Mercury Hourglass"},{"floor":10.0,"key":"Toxic Egg 2"},{"floor":24.0,"key":"Vajra"},{"floor":26.0,"key":"Lantern"},{"floor":29.0,"key":"Centennial Puzzle"},{"floor":41,"key":"Happy Flower"}],"event_choices":[{"cards_removed":["Strike_B"],"damage_healed":0.0,"max_hp_gain":0.0,"max_hp_loss":0.0,"gold_gain":0.0,"event_name":"Purifier","player_choice":"Purged","floor":4.0,"gold_loss":0.0,"damage_taken":0.0},{"damage_healed":0.0,"max_hp_gain":0.0,"max_hp_loss":0.0,"gold_gain":0.0,"event_name":"Addict","player_choice":"Obtained Relic","floor":30.0,"gold_loss":85.0,"damage_taken":0.0,"relics_obtained":["Ornamental Fan"]},{"damage_healed":0,"gold_gain":0,"player_choice":"Ignored","damage_taken":0,"max_hp_gain":0,"max_hp_loss":0,"event_name":"Mysterious Sphere","floor":36,"gold_loss":0},{"damage_healed":0,"gold_gain":100,"player_choice":"Pray","damage_taken":0,"max_hp_gain":0,"max_hp_loss":0,"event_name":"Golden Shrine","floor":37,"gold_loss":0},{"damage_healed":0,"gold_gain":0,"player_choice":"Paid","damage_taken":0,"relics_obtained":["Red Mask"],"max_hp_gain":0,"max_hp_loss":0,"event_name":"Tomb of Lord Red Mask","floor":39,"gold_loss":457}],"is_beta":false,"boss_relics":[{"not_picked":["Black Star","Sozu"],"picked":"Snecko Eye"},{"not_picked":["Calling Bell","Coffee Dripper"],"picked":"Inserter"}],"items_purged_floors":[12],"is_endless":false,"potions_floor_spawned":[3,5,10,11,20,21,24,31,38,40],"killed_by":"Maw","ascension_level":8}