{"gold_per_floor":[117,130,53,63,63,93,93,18,18,44,56,68],"floor_reached":12,"playtime":561,"items_purged":["Strike_G"],"score":133,"play_id":"efd84489-3230-41e0-9a05-b3a6ed76e96c","local_time":"20190210100439","is_ascension_mode":true,"campfire_choices":[{"floor":11,"key":"REST"}],"neow_cost":"NONE","seed_source_timestamp":6190988087200,"circlet_count":0,"master_deck":["AscendersBane","Defend_G","Defend_G","Defend_G","Defend_G+1","Defend_G","Strike_G","Strike_G","Strike_G","Strike_G","Survivor","Neutralize","Well Laid Plans+1","Caltrops","Crippling Poison","PiercingWail"],"relics":["Ring of the Snake","NeowsBlessing","Matryoshka","MawBank","Incense Burner"],"potions_floor_usage":[10,12],"damage_taken":[{"damage":0,"enemies":"Cultist","floor":1,"turns":1},{"damage":0,"enemies":"Jaw Worm","floor":2,"turns":1},{"damage":2,"enemies":"2 Louse","floor":4,"turns":1},{"damage":42,"enemies":"3 Sentries","floor":6,"turns":12},{"damage":0,"enemies":"Red Slaver","floor":10,"turns":6},{"damage":34,"enemies":"Gremlin Nob","floor":12,"turns":4}],"seed_played":"-7916088959711193860","potions_obtained":[{"floor":2,"key":"SteroidPotion"},{"floor":6,"key":"Weak Potion"}],"is_trial":false,"path_per_floor":["M","M","$","M","?","E","?","$","T","M","R","E"],"character_chosen":"THE_SILENT","items_purchased":["Caltrops"],"campfire_rested":1,"item_purchase_floors":[3],"current_hp_per_floor":[59,59,59,57,44,2,2,2,2,2,21,0],"gold":68,"neow_bonus":"THREE_ENEMY_KILL","is_prod":false,"is_daily":false,"chose_seed":false,"campfire_upgraded":0,"win_rate":0,"timestamp":1549811079,"path_taken":["M","M","$","?","?","E","?","?","T","M","R","E"],"build_version":"2019-01-23","purchased_purges":1,"victory":false,"max_hp_per_floor":[66,66,66,66,66,66,66,66,66,66,66,66],"card_choices":[{"not_picked":["Bane","Blade Dance","Prepared"],"picked":"SKIP","floor":1},{"not_picked":["Distraction","Deadly Poison"],"picked":"Well Laid Plans","floor":2},{"not_picked":["PiercingWail","Acrobatics"],"picked":"Crippling Poison","floor":4},{"not_picked":["Concentrate","Deadly Poison","Poisoned Stab"],"picked":"SKIP","floor":6},{"not_picked":["Dagger Spray","Unload"],"picked":"PiercingWail","floor":10}],"player_experience":865043,"relics_obtained":[{"floor":6,"key":"Matryoshka"},{"floor":9,"key":"MawBank"},{"floor":9,"key":"Incense Burner"}],"event_choices":[{"damage_healed":0,"gold_gain":0,"player_choice":"Entered Light","damage_taken":13,"max_hp_gain":0,"max_hp_loss":0,"event_name":"Shining Light","floor":5,"gold_loss":0,"cards_upgraded":["Well Laid Plans","Defend_G"]},{"damage_healed":0,"gold_gain":0,"player_choice":"Ignored","damage_taken":0,"max_hp_gain":0,"max_hp_loss":0,"event_name":"Golden Wing","floor":7,"gold_loss":0}],"is_beta":false,"boss_relics":[],"items_purged_floors":[8],"is_endless":false,"potions_floor_spawned":[2,6],"killed_by":"Gremlin Nob","ascension_level":14}