{"gold_per_floor":[114,114,55,127,52,86,11,36,62,96,112,132,132,152,152,228,228,242,165,183,86,105,105,105],"floor_reached":24,"playtime":803,"items_purged":["Defend_R"],"score":502,"play_id":"1b972325-26b2-4238-96de-5db141de0633","local_time":"20190512025342","is_ascension_mode":true,"campfire_choices":[{"data":"True Grit","floor":13,"key":"SMITH"},{"data":"Armaments","floor":15,"key":"SMITH"},{"floor":23,"key":"REST"}],"neow_cost":"NONE","seed_source_timestamp":173870435189600,"circlet_count":0,"master_deck":["AscendersBane","Strike_R+1","Strike_R","Defend_R+1","Defend_R","Defend_R","Bash","Armaments+1","Clothesline","Feel No Pain","Carnage","Immolate","Uppercut","True Grit+1","Intimidate","Feed","Evolve","Warcry","Ghostly Armor","Shrug It Off","Spot Weakness"],"relics":["Burning Blood","NeowsBlessing","Art of War","Anchor","Pen Nib","Bag of Preparation","Empty Cage"],"potions_floor_usage":[16,16,22,24],"damage_taken":[{"damage":0,"enemies":"Small Slimes","floor":1,"turns":1},{"damage":0,"enemies":"Gremlin Nob","floor":6,"turns":1},{"damage":0,"enemies":"3 Sentries","floor":8,"turns":1},{"damage":26,"enemies":"Gremlin Nob","floor":10,"turns":4},{"damage":0,"enemies":"Jaw Worm","floor":11,"turns":1},{"damage":0,"enemies":"2 Louse","floor":12,"turns":1},{"damage":5,"enemies":"Blue Slaver","floor":14,"turns":4},{"damage":32,"enemies":"The Guardian","floor":16,"turns":15},{"damage":19,"enemies":"Spheric Guardian","floor":18,"turns":4},{"damage":29,"enemies":"2 Thieves","floor":20,"turns":4},{"damage":24,"enemies":"Snecko","floor":22,"turns":8},{"damage":41,"enemies":"Book of Stabbing","floor":24,"turns":5}],"seed_played":"-4250854964603433127","potions_obtained":[{"floor":8,"key":"SteroidPotion"},{"floor":10,"key":"Weak Potion"},{"floor":18,"key":"PowerPotion"},{"floor":22,"key":"Weak Potion"}],"is_trial":false,"path_per_floor":["M","?","$","?","?","E","$","E","T","E","M","M","R","M","R","B",null,"M","$","M","$","M","R","E"],"character_chosen":"IRONCLAD","items_purchased":["Clothesline","Evolve","Ghostly Armor","Shrug It Off"],"campfire_rested":1,"item_purchase_floors":[3,19,21,21],"current_hp_per_floor":[74,51,51,51,51,57,57,63,63,43,49,55,55,56,56,30,64,55,55,32,32,14,37,0],"gold":105,"neow_bonus":"THREE_ENEMY_KILL","is_prod":false,"is_daily":false,"chose_seed":false,"campfire_upgraded":2,"win_rate":0,"timestamp":1557644022,"path_taken":["M","?","$","?","?","E","?","E","T","E","M","M","R","M","R","BOSS","M","$","M","$","M","R","E"],"build_version":"2019-01-23","purchased_purges":1,"victory":false,"max_hp_per_floor":[75,75,75,75,75,75,75,75,75,75,75,75,75,75,75,75,75,79,79,79,79,79,79,79],"card_choices":[{"not_picked":["Dropkick","Second Wind"],"picked":"Armaments","floor":1},{"not_picked":["Inflame","Warcry"],"picked":"Feel No Pain","floor":6},{"not_picked":["Perfected Strike","Headbutt"],"picked":"Carnage","floor":8},{"not_picked":["Infernal Blade","Evolve"],"picked":"Immolate","floor":10},{"not_picked":["True Grit","Warcry"],"picked":"Uppercut","floor":11},{"not_picked":["Thunderclap","Wild Strike"],"picked":"True Grit","floor":12},{"not_picked":["Havoc","Armaments"],"picked":"Intimidate","floor":14},{"not_picked":["Juggernaut","Brutality"],"picked":"Feed","floor":16},{"not_picked":["Sword Boomerang","Twin Strike+1","Anger"],"picked":"SKIP","floor":18},{"not_picked":["Pommel Strike","Sword Boomerang+1"],"picked":"Warcry","floor":20},{"not_picked":["Perfected Strike","Armaments+1"],"picked":"Spot Weakness","floor":22}],"player_experience":441242,"relics_obtained":[{"floor":6,"key":"Art of War"},{"floor":8,"key":"Anchor"},{"floor":9,"key":"Pen Nib"},{"floor":10,"key":"Bag of Preparation"}],"event_choices":[{"damage_healed":0,"gold_gain":0,"player_choice":"Entered Light","damage_taken":23,"max_hp_gain":0,"max_hp_loss":0,"event_name":"Shining Light","floor":2,"gold_loss":0,"cards_upgraded":["Strike_R","Defend_R"]},{"damage_healed":0,"gold_gain":72,"player_choice":"Gained Gold","damage_taken":0,"max_hp_gain":0,"max_hp_loss":0,"event_name":"Golden Wing","floor":4,"gold_loss":0},{"cards_removed":["Strike_R"],"damage_healed":0,"gold_gain":0,"player_choice":"Card Removal","damage_taken":0,"max_hp_gain":0,"max_hp_loss":0,"event_name":"The Cleric","floor":5,"gold_loss":75}],"is_beta":false,"boss_relics":[{"not_picked":["Mark of Pain","Tiny House"],"picked":"Empty Cage"}],"items_purged_floors":[7],"is_endless":false,"potions_floor_spawned":[8,10,12,14,18,22],"killed_by":"Book of Stabbing","ascension_level":18}