{"gold_per_floor":[114,194,209,33,33,63,63,93,118,148,165,165,15,45,45,145,145,160,175,175,190,190,190,220,235,260,302,329,371,237,237,237,337,337,352,352,179,279,279,309,324,354,354,384,399,414,444,444,444,444],"floor_reached":51,"playtime":16802,"items_purged":["Streamline","Doom and Gloom"],"score":1147,"play_id":"393d6e91-e306-43a9-9f30-cacbdd4fa4b3","local_time":"20190312020202","daily_mods":["Draft","Time Dilation","Elite Swarm"],"is_ascension_mode":false,"campfire_choices":[{"data":"Genetic Algorithm","floor":7.0,"key":"SMITH"},{"data":"Seek","floor":12.0,"key":"SMITH"},{"data":"Rainbow","floor":15.0,"key":"SMITH"},{"data":"Echo Form","floor":23,"key":"SMITH"},{"data":"Echo Form","floor":32,"key":"SMITH"},{"data":"Ghostly","floor":49,"key":"SMITH"}],"neow_cost":"","seed_source_timestamp":0,"circlet_count":0,"master_deck":["Storm","Leap","Reinforced Body","Genetic Algorithm+1","Storm","Capacitor","Ball Lightning","Conserve Battery","Aggregate+1","Sunder","Genetic Algorithm+1","Loop","Cold Snap","Coolheaded","Chaos","Loop","Leap","Bandage Up","Electrodynamics","Rainbow+1","Seek+1","Seek","Echo Form+1","Storm","Skim","Echo Form+1","Ghostly","Ghostly","Ghostly","Ghostly","Ghostly+1","Machine Learning","Creative AI","Defragment","Creative AI","Capacitor","Machine Learning","Heatsinks","Defragment+1","Creative AI","Consume+1","Echo Form","Recycle+1"],"special_seed":17966,"relics":["Cracked Core","Centennial Puzzle","FossilizedHelix","Ice Cream","Bag of Preparation","Pen Nib","Odd Mushroom","War Paint","Prayer Wheel","Coffee Dripper","Darkstone Periapt","Omamori","MawBank","Matryoshka","Cables","Nuclear Battery","StoneCalendar","Unceasing Top","Girya","Potion Belt","Nunchaku","Meat on the Bone","DataDisk"],"potions_floor_usage":[27,46,50,50,50,50,50],"damage_taken":[{"damage":0.0,"enemies":"2 Louse","floor":1.0,"turns":2.0},{"damage":0.0,"enemies":"Jaw Worm","floor":3.0,"turns":4.0},{"damage":27.0,"enemies":"Gremlin Nob","floor":6.0,"turns":4.0},{"damage":0.0,"enemies":"Lagavulin","floor":8.0,"turns":5.0},{"damage":0.0,"enemies":"Gremlin Nob","floor":10.0,"turns":3.0},{"damage":0.0,"enemies":"The Mushroom Lair","floor":11.0,"turns":3.0},{"damage":9.0,"enemies":"3 Sentries","floor":14.0,"turns":4.0},{"damage":0.0,"enemies":"The Guardian","floor":16.0,"turns":9.0},{"damage":0.0,"enemies":"Chosen","floor":18.0,"turns":5.0},{"damage":0.0,"enemies":"Shell Parasite","floor":19.0,"turns":4.0},{"damage":10.0,"enemies":"Snake Plant","floor":21.0,"turns":4.0},{"damage":0,"enemies":"Gremlin Leader","floor":24,"turns":5},{"damage":1,"enemies":"Chosen and Byrds","floor":25,"turns":5},{"damage":5,"enemies":"Book of Stabbing","floor":27,"turns":4},{"damage":0,"enemies":"Snecko","floor":28,"turns":5},{"damage":0,"enemies":"Gremlin Leader","floor":29,"turns":6},{"damage":6,"enemies":"Collector","floor":33,"turns":6},{"damage":2,"enemies":"3 Darklings","floor":35,"turns":3},{"damage":0,"enemies":"Mind Bloom Boss Battle","floor":38,"turns":3},{"damage":0,"enemies":"Giant Head","floor":40,"turns":5},{"damage":0,"enemies":"3 Shapes","floor":41,"turns":3},{"damage":0,"enemies":"Nemesis","floor":42,"turns":5},{"damage":0,"enemies":"Giant Head","floor":44,"turns":5},{"damage":0,"enemies":"3 Darklings","floor":45,"turns":1},{"damage":16,"enemies":"Spire Growth","floor":46,"turns":3},{"damage":0,"enemies":"Nemesis","floor":47,"turns":5},{"damage":0,"enemies":"Donu and Deca","floor":50,"turns":3}],"seed_played":"-4617565889114114574","potions_obtained":[{"floor":1.0,"key":"Energy Potion"},{"floor":6.0,"key":"PowerPotion"},{"floor":10.0,"key":"Weak Potion"},{"floor":14.0,"key":"AttackPotion"},{"floor":18.0,"key":"Dexterity Potion"},{"floor":24,"key":"Weak Potion"},{"floor":28,"key":"Poison Potion"},{"floor":40,"key":"Strength Potion"},{"floor":45,"key":"AttackPotion"},{"floor":46,"key":"LiquidBronze"},{"floor":47,"key":"Block Potion"}],"is_trial":false,"path_per_floor":["M","?","M","$","?","E","R","E","T","E","?","R","$","E","R","B",null,"M","M","T","M","?","R","E","M","T","E","M","E","$","?","R","B",null,"M","?","$","?","?","E","M","E","T","E","M","M","E","?","R","B",null],"character_chosen":"DEFECT","items_purchased":["Loop","Leap","Bandage Up","War Paint","Capacitor","Heatsinks"],"campfire_rested":0,"item_purchase_floors":[4,4,4,13,30,37],"current_hp_per_floor":[75,75,75,75,72,45,45,53,53,53,57,57,57,52,52,56,75,75,75,75,69,37,37,37,36,36,31,31,35,35,35,35,33,37,37,37,37,37,37,37,37,37,37,37,37,21,25,25,25,25],"gold":444,"neow_bonus":"","is_prod":false,"is_daily":true,"chose_seed":false,"campfire_upgraded":6,"win_rate":0,"timestamp":1552345322,"path_taken":["M","?","M","$","?","E","R","E","T","E","?","R","?","E","R","BOSS","M","M","?","?","?","R","E","M","T","E","M","E","$","?","R","BOSS","M","?","$","?","?","E","M","E","T","E","M","?","E","?","R","BOSS"],"build_version":"2019-01-23","purchased_purges":2,"victory":true,"max_hp_per_floor":[75,75,75,75,75,75,75,75,75,75,75,75,75,75,75,75,75,75,75,75,75,37,37,37,37,37,37,37,37,37,37,37,37,37,37,37,37,37,37,37,37,37,37,37,37,37,37,37,37,37],"card_choices":[{"not_picked":["Beam Cell","Barrage"],"picked":"Storm","floor":0.0},{"not_picked":["Undo","Force Field"],"picked":"Leap","floor":0.0},{"not_picked":["Beam Cell","Turbo"],"picked":"Streamline","floor":0.0},{"not_picked":["Compile Driver","Steam"],"picked":"Reinforced Body","floor":0.0},{"not_picked":["Stack","Redo"],"picked":"Genetic Algorithm","floor":0.0},{"not_picked":["Turbo","Coolheaded"],"picked":"Storm","floor":0.0},{"not_picked":["Beam Cell","Rebound"],"picked":"Capacitor","floor":0.0},{"not_picked":["Aggregate","Go for the Eyes"],"picked":"Ball Lightning","floor":0.0},{"not_picked":["Rip and Tear","Melter"],"picked":"Conserve Battery","floor":0.0},{"not_picked":["Sweeping Beam","Reprogram"],"picked":"Aggregate","floor":0.0},{"not_picked":["Redo","Self Repair"],"picked":"Doom and Gloom","floor":0.0},{"not_picked":["Barrage","Reinforced Body"],"picked":"Sunder","floor":0.0},{"not_picked":["Gash","Sweeping Beam"],"picked":"Genetic Algorithm","floor":0.0},{"not_picked":["Rebound","Turbo"],"picked":"Loop","floor":0.0},{"not_picked":["Beam Cell","Reprogram"],"picked":"Cold Snap","floor":0.0},{"not_picked":["Redo","Cold Snap"],"picked":"Coolheaded","floor":1.0},{"not_picked":["Blizzard","Turbo"],"picked":"Chaos","floor":3.0},{"not_picked":["Machine Learning","Seek"],"picked":"Electrodynamics","floor":6.0},{"not_picked":["Thunder Strike","All For One"],"picked":"Rainbow","floor":8.0},{"not_picked":["Amplify","Electrodynamics"],"picked":"Seek","floor":10.0},{"not_picked":["Electrodynamics","All For One"],"picked":"Seek","floor":14.0},{"not_picked":["Multi-Cast","All For One"],"picked":"Echo Form","floor":16.0},{"not_picked":["Leap","Ball Lightning"],"picked":"Glacier","floor":18.0},{"not_picked":["Turbo","Steam"],"picked":"Storm","floor":18.0},{"not_picked":["Coolheaded","Leap"],"picked":"Skim","floor":19.0},{"not_picked":["Compile Driver","Steam","Ball Lightning+1"],"picked":"SKIP","floor":19.0},{"not_picked":["Conserve Battery","Leap"],"picked":"Echo Form","floor":21},{"not_picked":["Compile Driver","Steam Power","Conserve Battery"],"picked":"SKIP","floor":21},{"not_picked":["Biased Cognition","Thunder Strike"],"picked":"Machine Learning","floor":24},{"not_picked":["Ball Lightning","Steam","Rebound"],"picked":"SKIP","floor":25},{"not_picked":["Gash+1","BootSequence","Static Discharge"],"picked":"SKIP","floor":25},{"not_picked":["Multi-Cast","Thunder Strike"],"picked":"Creative AI","floor":27},{"not_picked":["Rebound","Steam"],"picked":"Defragment","floor":28},{"not_picked":["Cold Snap","Force Field","Compile Driver+1"],"picked":"SKIP","floor":28},{"not_picked":["Reboot","Fission"],"picked":"Creative AI","floor":29},{"not_picked":["Meteor Strike","Core Surge"],"picked":"Machine Learning","floor":33},{"not_picked":["Compile Driver","Barrage","Turbo"],"picked":"SKIP","floor":35},{"not_picked":["Turbo+1","Rip and Tear","Cold Snap+1"],"picked":"SKIP","floor":35},{"not_picked":["Double Energy+1","Leap"],"picked":"Defragment+1","floor":38},{"not_picked":["Meteor Strike","Electrodynamics"],"picked":"Creative AI","floor":40},{"not_picked":["Steam+1","Barrage"],"picked":"Consume+1","floor":41},{"not_picked":["Auto Shields","Ball Lightning","Beam Cell+1"],"picked":"SKIP","floor":41},{"not_picked":["All For One","Fission","Reboot"],"picked":"SKIP","floor":42},{"not_picked":["Buffer","Thunder Strike"],"picked":"Echo Form","floor":44},{"not_picked":["Self Repair","Steam Power"],"picked":"Recycle+1","floor":45},{"not_picked":["Beam Cell","Rebound","Barrage"],"picked":"SKIP","floor":45},{"not_picked":["Redo+1","Loop+1","FTL+1"],"picked":"SKIP","floor":46},{"not_picked":["Blizzard+1","Coolheaded+1","Hologram+1"],"picked":"SKIP","floor":46},{"not_picked":["Buffer","Thunder Strike","Hyperbeam"],"picked":"SKIP","floor":47}],"player_experience":299952,"relics_obtained":[{"floor":6.0,"key":"FossilizedHelix"},{"floor":8.0,"key":"Ice Cream"},{"floor":9.0,"key":"Bag of Preparation"},{"floor":10.0,"key":"Pen Nib"},{"floor":11.0,"key":"Odd Mushroom"},{"floor":14.0,"key":"Prayer Wheel"},{"floor":20.0,"key":"Darkstone Periapt"},{"floor":24,"key":"Omamori"},{"floor":26,"key":"MawBank"},{"floor":27,"key":"Matryoshka"},{"floor":29,"key":"Cables"},{"floor":38,"key":"StoneCalendar"},{"floor":40,"key":"Unceasing Top"},{"floor":42,"key":"Girya"},{"floor":43,"key":"Potion Belt"},{"floor":43,"key":"Nunchaku"},{"floor":44,"key":"Meat on the Bone"},{"floor":47,"key":"DataDisk"}],"event_choices":[{"damage_healed":0.0,"max_hp_gain":0.0,"max_hp_loss":0.0,"gold_gain":80.0,"event_name":"Golden Wing","player_choice":"Gained Gold","floor":2.0,"gold_loss":0.0,"damage_taken":0.0},{"damage_healed":0.0,"max_hp_gain":0.0,"max_hp_loss":0.0,"gold_gain":0.0,"event_name":"Scrap Ooze","player_choice":"Success","floor":5.0,"gold_loss":0.0,"damage_taken":3.0,"relics_obtained":["Centennial Puzzle"]},{"damage_healed":0.0,"max_hp_gain":0.0,"max_hp_loss":0.0,"gold_gain":0.0,"event_name":"Mushrooms","player_choice":"Fought Mushrooms","floor":11.0,"gold_loss":0.0,"damage_taken":0.0},{"damage_healed":0,"gold_gain":0,"player_choice":"Became a Ghost","damage_taken":0,"max_hp_gain":0,"max_hp_loss":38,"event_name":"Ghosts","floor":22,"gold_loss":0,"cards_obtained":["Ghostly","Ghostly","Ghostly","Ghostly","Ghostly"]},{"cards_removed":["Glacier"],"damage_healed":0,"gold_gain":0,"player_choice":"Elegance","damage_taken":0,"max_hp_gain":0,"max_hp_loss":0,"event_name":"Back to Basics","floor":31,"gold_loss":0},{"damage_healed":0,"gold_gain":0,"player_choice":"Ignored","damage_taken":0,"max_hp_gain":0,"max_hp_loss":0,"event_name":"Tomb of Lord Red Mask","floor":36,"gold_loss":0},{"damage_healed":0,"gold_gain":0,"player_choice":"Fight","damage_taken":0,"max_hp_gain":0,"max_hp_loss":0,"event_name":"MindBloom","floor":38,"gold_loss":0},{"damage_healed":0,"gold_gain":0,"player_choice":"0 cards matched","damage_taken":0,"max_hp_gain":0,"max_hp_loss":0,"event_name":"Match and Keep!","floor":39,"gold_loss":0,"cards_obtained":[]},{"damage_healed":0,"gold_gain":0,"player_choice":"Ignored","damage_taken":0,"max_hp_gain":0,"max_hp_loss":0,"event_name":"Transmorgrifier","floor":48,"gold_loss":0}],"is_beta":false,"boss_relics":[{"not_picked":["Philosopher\u0027s Stone","Eternal Feather"],"picked":"Coffee Dripper"},{"not_picked":["Lizard Tail","Empty Cage"],"picked":"Nuclear Battery"}],"items_purged_floors":[30,37],"is_endless":false,"potions_floor_spawned":[1,6,10,14,18,24,28,40,45,46,47],"ascension_level":0}