{"gold_per_floor":[116,116,128,141,152,152,152,152,197,197,49,61,61,109,109,207,207,219,0,15,32,32,42,42,54,80,80,2,13,13,38,38,136,136,149,504,520,620,620,620,634,652,677,677,725,741,757,757],"floor_reached":48,"playtime":3562,"items_purged":[],"score":449,"play_id":"a19d6926-a201-4d2a-aee8-07da94b41219","local_time":"20180630155113","is_ascension_mode":false,"campfire_choices":[{"floor":6.0,"key":"REST"},{"floor":8.0,"key":"REST"},{"data":"Storm","floor":10.0,"key":"SMITH"},{"data":"Redo","floor":13.0,"key":"SMITH"},{"data":"Double Energy","floor":15.0,"key":"SMITH"},{"floor":24.0,"key":"REST"},{"floor":27.0,"key":"REST"},{"floor":30.0,"key":"REST"},{"floor":32.0,"key":"REST"},{"floor":40,"key":"REST"},{"floor":44,"key":"REST"}],"neow_cost":"","seed_source_timestamp":0,"circlet_count":0,"master_deck":["Strike_B","Strike_B+1","Strike_B","Defend_B","Defend_B","Defend_B","Defend_B","Zap","Dualcast","Seek","Double Energy+1","Storm+1","Ball Lightning","Seek","Redo+1","Machine Learning","FTL+1","Doom and Gloom+1","Streamline","Force Field","Doom and Gloom+1","Storm","Sweeping Beam+1","Creative AI","Compile Driver+1","Conserve Battery+1","Ball Lightning+1","Conserve Battery","Leap+1","Force Field","Stack+1"],"special_seed":0,"relics":["Cracked Core","Bronze Scales","Blood Vial","Bag of Preparation","Sozu","Whetstone","Lantern","Nuclear Battery","Old Coin","Molten Egg 2","Omamori","Boot"],"potions_floor_usage":[],"damage_taken":[{"damage":0.0,"enemies":"2 Louse","floor":1.0,"turns":2.0},{"damage":0.0,"enemies":"Cultist","floor":3.0,"turns":4.0},{"damage":1.0,"enemies":"Jaw Worm","floor":4.0,"turns":3.0},{"damage":43.0,"enemies":"Gremlin Gang","floor":5.0,"turns":4.0},{"damage":7.0,"enemies":"Blue Slaver","floor":12.0,"turns":3.0},{"damage":47.0,"enemies":"The Guardian","floor":16.0,"turns":10.0},{"damage":19.0,"enemies":"Shell Parasite","floor":18.0,"turns":4.0},{"damage":5.0,"enemies":"3 Byrds","floor":20.0,"turns":2.0},{"damage":23.0,"enemies":"Snake Plant","floor":21.0,"turns":2.0},{"damage":30.0,"enemies":"Slaver and Parasite","floor":23.0,"turns":4.0},{"damage":0.0,"enemies":"Centurion and Healer","floor":25.0,"turns":7.0},{"damage":22.0,"enemies":"3 Cultists","floor":29.0,"turns":4.0},{"damage":58.0,"enemies":"Collector","floor":33.0,"turns":8.0},{"damage":6.0,"enemies":"3 Shapes","floor":35.0,"turns":2.0},{"damage":44.0,"floor":36.0,"turns":3.0},{"damage":8.0,"enemies":"Orb Walker","floor":37.0,"turns":3.0},{"damage":17,"enemies":"Sphere and 2 Shapes","floor":41,"turns":4},{"damage":8,"enemies":"Maw","floor":42,"turns":5},{"damage":31,"enemies":"3 Darklings","floor":46,"turns":3},{"damage":13,"enemies":"4 Shapes","floor":47,"turns":4},{"damage":6,"enemies":"Sphere and 2 Shapes","floor":48,"turns":5}],"seed_played":"-5432781494966996508","potions_obtained":[{"floor":1.0,"key":"Explosive Potion"},{"floor":5.0,"key":"FearPotion"},{"floor":7.0,"key":"PowerPotion"}],"is_trial":false,"path_per_floor":["M","?","M","M","M","R","?","R","T","R","$","M","R","T","R","B",null,"M","?","M","M","$","M","R","M","T","R","$","M","R","T","R","B",null,"M","?","M","?","T","R","M","M","T","R","T","M","M"],"character_chosen":"DEFECT","items_purchased":["Blood Vial","Storm"],"campfire_rested":8,"item_purchase_floors":[],"current_hp_per_floor":[75,68,68,67,24,46,46,68,68,68,68,63,63,63,63,18,75,56,56,53,32,32,4,26,28,28,50,50,30,52,52,74,17,75,69,27,21,21,21,43,28,22,22,44,44,15,4,0],"gold":757,"neow_bonus":"","is_prod":false,"is_daily":false,"chose_seed":false,"campfire_upgraded":3,"win_rate":0.0,"timestamp":1530363073,"path_taken":["M","?","M","?","M","R","?","R","T","R","$","?","R","?","R","BOSS","M","?","?","M","$","M","R","M","T","R","$","M","R","?","R","BOSS","M","?","M","?","?","R","M","M","T","R","?","?","?","M"],"build_version":"2018-06-28","purchased_purges":0,"victory":false,"max_hp_per_floor":[75,75,75,75,75,75,75,75,75,75,75,75,75,75,75,75,75,75,75,75,75,75,75,75,75,75,75,75,75,75,75,75,75,75,75,75,75,75,75,75,75,75,75,75,75,75,75,75],"card_choices":[{"not_picked":["Beam Cell","Go for the Eyes"],"picked":"Double Energy","floor":1.0},{"not_picked":["Self Repair","Hologram"],"picked":"Storm","floor":3.0},{"not_picked":["Steam","Force Field"],"picked":"Ball Lightning","floor":4.0},{"not_picked":["Melter","Stack"],"picked":"Seek","floor":5.0},{"not_picked":["Self Repair","Doom and Gloom"],"picked":"Redo","floor":12.0},{"not_picked":["Fission","Amplify"],"picked":"Machine Learning","floor":16.0},{"not_picked":["Beam Cell","Go for the Eyes"],"picked":"FTL+1","floor":18.0},{"not_picked":["Aggregate","Streamline"],"picked":"Doom and Gloom+1","floor":20.0},{"not_picked":["Ball Lightning","Self Repair"],"picked":"Streamline","floor":21.0},{"not_picked":["Beam Cell","Coolheaded"],"picked":"Force Field","floor":23.0},{"not_picked":["Steam","Rebound"],"picked":"Doom and Gloom","floor":25.0},{"not_picked":["Rip and Tear","Rebound"],"picked":"Sweeping Beam+1","floor":29.0},{"not_picked":["Thunder Strike","Seek"],"picked":"Creative AI","floor":33.0},{"not_picked":["Steam+1","Cold Snap"],"picked":"Compile Driver+1","floor":35.0},{"not_picked":["Barrage+1","Chaos"],"picked":"Conserve Battery+1","floor":36.0},{"not_picked":["Cold Snap","Compile Driver+1"],"picked":"Ball Lightning+1","floor":37},{"not_picked":["Stack+1","Fusion"],"picked":"Conserve Battery","floor":41},{"not_picked":["Force Field","Chill"],"picked":"Leap+1","floor":42},{"not_picked":["Glacier+1","Darkness"],"picked":"Force Field","floor":46},{"not_picked":["Ball Lightning+1","Rebound+1"],"picked":"Stack+1","floor":47}],"player_experience":27321,"relics_obtained":[{"floor":9.0,"key":"Bronze Scales"},{"floor":14.0,"key":"Bag of Preparation"},{"floor":26.0,"key":"Whetstone"},{"floor":31.0,"key":"Lantern"},{"floor":36.0,"key":"Old Coin"},{"floor":39,"key":"Molten Egg 2"},{"floor":43,"key":"Omamori"},{"floor":45,"key":"Boot"}],"event_choices":[{"event_name":"Golden Wing","player_choice":"Card Removal","floor":2.0,"damage_taken":0.0},{"event_name":"The Lab","player_choice":"Got Potions","floor":7.0,"damage_taken":0.0},{"event_name":"Masked Bandits","player_choice":"Paid Bandits 219 gold","floor":19.0,"damage_taken":0.0},{"event_name":"Mysterious Sphere","player_choice":"Fight","floor":36.0,"damage_taken":0.0},{"event_name":"Golden Shrine","player_choice":"Pray","floor":38,"damage_taken":0}],"boss_relics":[{"not_picked":["Busted Crown","Empty Cage"],"picked":"Sozu"},{"not_picked":["Runic Pyramid","Inserter"],"picked":"Nuclear Battery"}],"items_purged_floors":[],"is_endless":false,"potions_floor_spawned":[1,5,21,23,25,29,36,42,47],"killed_by":"Sphere and 2 Shapes","ascension_level":0}