{"gold_per_floor":[116,131,150,162,162,162,178,210,210,67,120,120,132,45,45,148,148,159,174,194,212,67,67,85,96,96,96,112,112,112,140,140,245,245,259,273,293,310,327,327,357,357,357,357,369,369,379,395,395,395],"floor_reached":50,"playtime":2449,"items_purged":["Strike_B"],"score":527,"play_id":"b384d347-8c81-4769-bd5f-f96dfb916b6c","local_time":"20190331202229","is_ascension_mode":true,"campfire_choices":[{"data":"Sunder","floor":6,"key":"SMITH"},{"data":"Sweeping Beam","floor":12,"key":"SMITH"},{"data":"Discovery","floor":15,"key":"SMITH"},{"data":"Steam","floor":23,"key":"SMITH"},{"data":"Gash","floor":27,"key":"SMITH"},{"floor":29,"key":"REST"},{"floor":32,"key":"REST"},{"floor":40,"key":"REST"},{"floor":42,"key":"REST"},{"data":"Leap","floor":46,"key":"SMITH"},{"floor":49,"key":"REST"}],"neow_cost":"NONE","seed_source_timestamp":943728383868000,"circlet_count":0,"master_deck":["Strike_B","Strike_B","Defend_B","Defend_B","Defend_B","Defend_B","Zap","Dualcast","Sunder+1","FTL","Gash+1","Sweeping Beam+1","Steam+1","Beam Cell","Discovery+1","Echo Form+1","Buffer+1","Genetic Algorithm","Decay","Machine Learning+1","Leap+1","Loop+1","Steam+1","Sweeping Beam+1","Doubt","Leap+1"],"relics":["Busted Crown","Frozen Egg 2","Darkstone Periapt","Dream Catcher","Tiny Chest","Philosopher\u0027s Stone","Bottled Flame","Mummified Hand","White Beast Statue","Toxic Egg 2"],"potions_floor_usage":[31,33,37,38,39,39,41,41,48,50,50],"damage_taken":[{"damage":0,"enemies":"Small Slimes","floor":1,"turns":4},{"damage":0,"enemies":"Cultist","floor":2,"turns":3},{"damage":0,"enemies":"2 Louse","floor":3,"turns":1},{"damage":0,"enemies":"2 Fungi Beasts","floor":4,"turns":2},{"damage":6,"enemies":"Large Slime","floor":7,"turns":4},{"damage":14,"enemies":"Gremlin Nob","floor":8,"turns":3},{"damage":2,"enemies":"Red Slaver","floor":13,"turns":3},{"damage":13,"enemies":"Slime Boss","floor":16,"turns":7},{"damage":2,"enemies":"Chosen","floor":18,"turns":3},{"damage":17,"enemies":"2 Thieves","floor":19,"turns":3},{"damage":6,"enemies":"Snecko","floor":20,"turns":6},{"damage":0,"enemies":"Centurion and Healer","floor":21,"turns":5},{"damage":14,"enemies":"3 Cultists","floor":24,"turns":6},{"damage":1,"enemies":"Snecko","floor":25,"turns":5},{"damage":18,"enemies":"Shelled Parasite and Fungi","floor":28,"turns":5},{"damage":22,"enemies":"Slavers","floor":31,"turns":4},{"damage":27,"enemies":"Automaton","floor":33,"turns":10},{"damage":0,"enemies":"Orb Walker","floor":35,"turns":3},{"damage":15,"enemies":"3 Darklings","floor":36,"turns":4},{"damage":25,"enemies":"Sphere and 2 Shapes","floor":37,"turns":6},{"damage":38,"enemies":"Maw","floor":38,"turns":8},{"damage":5,"enemies":"Spire Growth","floor":39,"turns":5},{"damage":22,"enemies":"Nemesis","floor":41,"turns":8},{"damage":44,"enemies":"3 Darklings","floor":45,"turns":5},{"damage":8,"enemies":"Transient","floor":47,"turns":5},{"damage":11,"enemies":"Maw","floor":48,"turns":8},{"damage":52,"enemies":"Awakened One","floor":50,"turns":5}],"seed_played":"1539346238064407458","potions_obtained":[{"floor":1,"key":"Energy Potion"},{"floor":8,"key":"Poison Potion"},{"floor":16,"key":"EssenceOfSteel"},{"floor":35,"key":"Dexterity Potion"},{"floor":36,"key":"Regen Potion"},{"floor":37,"key":"Dexterity Potion"},{"floor":38,"key":"LiquidBronze"},{"floor":39,"key":"Fire Potion"},{"floor":41,"key":"Ancient Potion"},{"floor":45,"key":"FearPotion"},{"floor":47,"key":"AttackPotion"},{"floor":48,"key":"SpeedPotion"}],"is_trial":false,"path_per_floor":["M","M","M","M","?","R","M","E","T","$","T","R","M","$","R","B",null,"M","M","M","M","$","R","M","M","T","R","M","R","?","E","R","B",null,"M","M","M","M","M","R","E","R","T","?","M","R","M","M","R","B"],"character_chosen":"DEFECT","items_purchased":["Dream Catcher","Discovery","Buffer+1"],"campfire_rested":5,"item_purchase_floors":[10,14,22],"current_hp_per_floor":[75,75,75,75,75,75,69,55,55,55,55,55,53,53,53,40,75,73,56,50,50,50,50,36,35,35,35,17,39,45,23,47,20,81,81,66,50,12,7,31,9,33,33,87,43,43,35,24,50,0],"gold":395,"neow_bonus":"BOSS_RELIC","is_prod":false,"is_daily":false,"chose_seed":false,"campfire_upgraded":6,"win_rate":0,"timestamp":1554078149,"path_taken":["M","M","M","M","?","R","M","E","T","$","?","R","M","$","R","BOSS","M","M","M","M","$","R","M","M","T","R","M","R","?","E","R","BOSS","M","M","M","M","M","R","E","R","T","?","M","R","M","M","R","BOSS"],"build_version":"2019-01-23","purchased_purges":1,"victory":false,"max_hp_per_floor":[75,75,75,75,75,75,75,75,75,75,75,75,75,75,75,75,75,75,75,75,75,75,75,75,75,75,75,75,75,81,81,81,81,81,81,81,81,81,81,81,81,81,81,87,87,87,87,87,87,87],"card_choices":[{"not_picked":[],"picked":"Sunder","floor":1},{"not_picked":[],"picked":"FTL","floor":2},{"not_picked":[],"picked":"Gash","floor":3},{"not_picked":["Auto Shields"],"picked":"SKIP","floor":4},{"not_picked":["Barrage"],"picked":"SKIP","floor":7},{"not_picked":[],"picked":"Steam","floor":8},{"not_picked":[],"picked":"Beam Cell","floor":13},{"not_picked":[],"picked":"Echo Form+1","floor":16},{"not_picked":["Sweeping Beam"],"picked":"SKIP","floor":18},{"not_picked":["Rebound"],"picked":"SKIP","floor":19},{"not_picked":["Cold Snap+1"],"picked":"SKIP","floor":20},{"not_picked":["Beam Cell+1"],"picked":"SKIP","floor":21},{"not_picked":[],"picked":"Genetic Algorithm","floor":24},{"not_picked":["Cold Snap"],"picked":"SKIP","floor":25},{"not_picked":["Chill"],"picked":"SKIP","floor":28},{"not_picked":["Stack"],"picked":"SKIP","floor":31},{"not_picked":[],"picked":"Machine Learning+1","floor":33},{"not_picked":["Recycle"],"picked":"SKIP","floor":35},{"not_picked":["Barrage+1"],"picked":"SKIP","floor":36},{"not_picked":["Rebound"],"picked":"SKIP","floor":37},{"not_picked":[],"picked":"Leap","floor":38},{"not_picked":["Reprogram+1"],"picked":"SKIP","floor":39},{"not_picked":[],"picked":"Loop+1","floor":40},{"not_picked":[],"picked":"Steam+1","floor":41},{"not_picked":[],"picked":"Sweeping Beam+1","floor":42},{"not_picked":["Coolheaded+1"],"picked":"SKIP","floor":45},{"not_picked":["Turbo+1"],"picked":"SKIP","floor":47},{"not_picked":["Compile Driver"],"picked":"SKIP","floor":48},{"not_picked":[],"picked":"Leap+1","floor":49}],"player_experience":358342,"relics_obtained":[{"floor":8,"key":"Frozen Egg 2"},{"floor":9,"key":"Darkstone Periapt"},{"floor":11,"key":"Tiny Chest"},{"floor":26,"key":"Bottled Flame"},{"floor":31,"key":"Mummified Hand"},{"floor":41,"key":"Toxic Egg 2"}],"event_choices":[{"damage_healed":0,"gold_gain":0,"cards_transformed":["Strike_B"],"player_choice":"Transformed","damage_taken":0,"max_hp_gain":0,"max_hp_loss":0,"event_name":"Transmorgrifier","floor":5,"gold_loss":0,"cards_obtained":["Sweeping Beam"]},{"damage_healed":0,"gold_gain":0,"player_choice":"Smashed Altar","damage_taken":0,"max_hp_gain":0,"max_hp_loss":0,"event_name":"Forgotten Altar","floor":30,"gold_loss":0,"cards_obtained":["Decay"]},{"damage_healed":48,"gold_gain":0,"player_choice":"Heal","damage_taken":0,"max_hp_gain":0,"max_hp_loss":0,"event_name":"MindBloom","floor":44,"gold_loss":0,"cards_obtained":["Doubt"]}],"is_beta":false,"boss_relics":[{"not_picked":["Inserter","Snecko Eye"],"picked":"Philosopher\u0027s Stone"},{"not_picked":["Sozu","Runic Dome"],"picked":"White Beast Statue"}],"items_purged_floors":[22],"is_endless":false,"potions_floor_spawned":[1,8,16,20,28,35,36,37,38,39,41,45,47,48],"killed_by":"Awakened One","ascension_level":1}