{"gold_per_floor":[117,131,147,159,179,179,210,210,235,15,15,26,40,58,58,160,160,172,172,188,201,201],"floor_reached":22,"playtime":1059,"items_purged":["Strike_B"],"score":192,"play_id":"7262824e-aad7-41a6-a750-18bbdc60b783","local_time":"20181229233631","is_ascension_mode":false,"campfire_choices":[{"data":"Hologram","floor":6,"key":"SMITH"},{"data":"Fusion","floor":8,"key":"SMITH"},{"data":"Defragment","floor":15,"key":"SMITH"}],"neow_cost":"NONE","seed_source_timestamp":615942060524230,"circlet_count":0,"master_deck":["Strike_B","Strike_B","Strike_B","Defend_B","Defend_B","Defend_B","Defend_B","Zap","Dualcast","Conserve Battery","Reprogram","Cold Snap","Leap","Hologram+1","Fusion+1","Leap","Defragment+1","Thunder Strike","Self Repair+1","Self Repair"],"relics":["Cracked Core","NeowsBlessing","Ancient Tea Set","Potion Belt","Orichalcum","Pen Nib","Inserter","Dream Catcher"],"potions_floor_usage":[7,16,16,21,21],"damage_taken":[{"damage":0,"enemies":"Cultist","floor":1,"turns":1},{"damage":0,"enemies":"Jaw Worm","floor":2,"turns":1},{"damage":0,"enemies":"2 Louse","floor":3,"turns":1},{"damage":9,"enemies":"Large Slime","floor":4,"turns":8},{"damage":0,"enemies":"Blue Slaver","floor":5,"turns":4},{"damage":2,"enemies":"Lagavulin","floor":7,"turns":7},{"damage":5,"enemies":"2 Fungi Beasts","floor":12,"turns":5},{"damage":1,"enemies":"3 Louse","floor":13,"turns":7},{"damage":3,"enemies":"Blue Slaver","floor":14,"turns":3},{"damage":12,"enemies":"Slime Boss","floor":16,"turns":7},{"damage":16,"enemies":"Spheric Guardian","floor":18,"turns":6},{"damage":0,"enemies":"Shell Parasite","floor":20,"turns":10},{"damage":17,"enemies":"Centurion and Healer","floor":21,"turns":17},{"damage":73,"enemies":"3 Cultists","floor":22,"turns":6}],"seed_played":"-1171682884690293173","potions_obtained":[{"floor":2,"key":"LiquidBronze"},{"floor":4,"key":"Fire Potion"},{"floor":5,"key":"Poison Potion"},{"floor":7,"key":"Fire Potion"},{"floor":13,"key":"GamblersBrew"},{"floor":18,"key":"GamblersBrew"}],"is_trial":false,"path_per_floor":["M","M","M","M","M","R","E","R","T","$","T","M","M","M","R","B",null,"M","?","M","M","M"],"character_chosen":"DEFECT","items_purchased":["Orichalcum"],"campfire_rested":0,"item_purchase_floors":[10],"current_hp_per_floor":[75,75,75,66,66,66,64,64,64,64,64,59,58,55,55,43,75,59,59,69,69,0],"gold":201,"neow_bonus":"THREE_ENEMY_KILL","is_prod":false,"is_daily":false,"chose_seed":false,"campfire_upgraded":3,"win_rate":0.0,"timestamp":1546155391,"path_taken":["M","M","M","M","?","R","E","R","T","$","?","M","M","M","R","BOSS","M","?","M","?","M"],"build_version":"2018-12-20","purchased_purges":1,"victory":false,"max_hp_per_floor":[75,75,75,75,75,75,75,75,75,75,75,75,75,75,75,75,75,75,75,75,75,75],"card_choices":[{"not_picked":["Turbo","Sweeping Beam"],"picked":"Conserve Battery","floor":1},{"not_picked":["Rebound","Stack"],"picked":"Reprogram","floor":2},{"not_picked":["Compile Driver","Stack"],"picked":"Cold Snap","floor":3},{"not_picked":["Steam","Coolheaded"],"picked":"Leap","floor":4},{"not_picked":["Leap","Buffer"],"picked":"Hologram","floor":5},{"not_picked":["White Noise","Genetic Algorithm"],"picked":"Fusion","floor":7},{"not_picked":["Sweeping Beam","Steam Power","Tempest"],"picked":"SKIP","floor":12},{"not_picked":["Barrage","Glacier"],"picked":"Leap","floor":13},{"not_picked":["Tempest","Ball Lightning"],"picked":"Defragment","floor":14},{"not_picked":["Buffer","Meteor Strike"],"picked":"Thunder Strike","floor":16},{"not_picked":["Sunder","Sweeping Beam"],"picked":"Self Repair+1","floor":18},{"not_picked":["Double Energy+1","Go for the Eyes+1"],"picked":"Self Repair","floor":20},{"not_picked":["Turbo","Darkness","Leap"],"picked":"SKIP","floor":21}],"player_experience":295011,"relics_obtained":[{"floor":7,"key":"Ancient Tea Set"},{"floor":9,"key":"Potion Belt"},{"floor":11,"key":"Pen Nib"}],"event_choices":[{"damage_healed":0,"gold_gain":0,"player_choice":"Gave Potion","damage_taken":0,"relics_obtained":["Dream Catcher"],"max_hp_gain":0,"max_hp_loss":0,"event_name":"WeMeetAgain","floor":19,"gold_loss":0}],"is_beta":false,"boss_relics":[{"not_picked":["Eternal Feather","Pandora\u0027s Box"],"picked":"Inserter"}],"items_purged_floors":[10],"is_endless":false,"potions_floor_spawned":[2,4,5,7,13,18],"killed_by":"3 Cultists","ascension_level":0}