{"gold_per_floor":[109,109,109,109,122,150,167,195,220,220,200,200,148,165,165,240,240,252,252,252,37,50,50,63,63,63,63,83,96,96,96],"floor_reached":31,"playtime":939,"items_purged":[],"score":523,"play_id":"1c095795-4491-43de-bf24-86e04db79180","local_time":"20190615045652","is_ascension_mode":true,"campfire_choices":[{"floor":10.0,"key":"REST"},{"floor":12.0,"key":"REST"},{"data":"Cloak And Dagger","floor":15.0,"key":"SMITH"},{"floor":23,"key":"REST"},{"floor":25,"key":"REST"},{"floor":30,"key":"REST"}],"neow_cost":"NONE","seed_source_timestamp":176780903887733,"circlet_count":0,"master_deck":["AscendersBane","Defend_G","Defend_G","Defend_G","Defend_G","Defend_G","Strike_G+1","Strike_G","Strike_G","Strike_G+1","Strike_G","Survivor","Neutralize","PiercingWail","Infinite Blades","Dodge and Roll","Catalyst+1","Accuracy","Cloak And Dagger+1","Footwork","A Thousand Cuts","PiercingWail","Dodge and Roll+1","Envenom","PiercingWail","Setup+1"],"special_seed":0,"relics":["Ring of the Serpent","NeowsBlessing","Lantern","Boot","Nloth\u0027s Gift","TwistedFunnel","Mummified Hand"],"potions_floor_usage":[29,29],"damage_taken":[{"damage":0.0,"enemies":"Small Slimes","floor":1.0,"turns":1.0},{"damage":0.0,"enemies":"Jaw Worm","floor":5.0,"turns":1.0},{"damage":0.0,"enemies":"3 Sentries","floor":6.0,"turns":1.0},{"damage":3.0,"enemies":"Cultist","floor":7.0,"turns":4.0},{"damage":32.0,"enemies":"Gremlin Nob","floor":8.0,"turns":6.0},{"damage":2.0,"enemies":"Looter","floor":14.0,"turns":3.0},{"damage":28.0,"enemies":"Slime Boss","floor":16.0,"turns":10.0},{"damage":14.0,"enemies":"Chosen","floor":18.0,"turns":6.0},{"damage":21,"enemies":"Shell Parasite","floor":22,"turns":7},{"damage":42,"enemies":"Sentry and Sphere","floor":24,"turns":8},{"damage":14,"enemies":"Cultist and Chosen","floor":28,"turns":7},{"damage":8,"enemies":"Snake Plant","floor":29,"turns":4},{"damage":29,"enemies":"Snecko","floor":31,"turns":6}],"seed_played":"-820968812042946285","potions_obtained":[{"floor":6.0,"key":"GhostInAJar"},{"floor":7.0,"key":"Explosive Potion"},{"floor":8.0,"key":"Regen Potion"},{"floor":11.0,"key":"Fire Potion"},{"floor":16.0,"key":"SkillPotion"},{"floor":22,"key":"Strength Potion"},{"floor":28,"key":"EssenceOfSteel"},{"floor":29,"key":"SpeedPotion"}],"is_trial":false,"path_per_floor":["M","?","?","$","M","E","M","E","T","R","?","R","$","M","R","B",null,"M","?","?","$","M","R","M","R","T","?","M","M","R","M"],"character_chosen":"THE_SILENT","items_purchased":["Cloak And Dagger","TwistedFunnel"],"campfire_rested":5,"item_purchase_floors":[13,21],"current_hp_per_floor":[59,64,43,43,43,43,40,8,8,29,29,50,50,48,48,35,62,48,48,48,48,27,48,6,27,27,27,13,5,26,0],"gold":96,"neow_bonus":"THREE_ENEMY_KILL","is_prod":false,"is_daily":false,"chose_seed":false,"campfire_upgraded":1,"win_rate":0,"timestamp":1560545812,"path_taken":["M","?","?","?","M","E","?","E","T","R","?","R","$","?","R","BOSS","M","?","?","$","?","R","M","R","T","?","M","?","R","M"],"build_version":"2019-01-23","purchased_purges":0,"victory":false,"max_hp_per_floor":[66,71,71,71,71,71,71,71,71,71,71,71,71,71,71,71,71,71,71,71,71,71,71,71,71,71,71,71,71,71,71],"card_choices":[{"not_picked":["Blur","Deadly Poison"],"picked":"PiercingWail","floor":1.0},{"not_picked":["Deflect","Bane"],"picked":"Infinite Blades","floor":5.0},{"not_picked":["Prepared","Expertise"],"picked":"Dodge and Roll","floor":6.0},{"not_picked":["Prepared","Predator"],"picked":"Catalyst","floor":7.0},{"not_picked":["Unload","Terror"],"picked":"Accuracy","floor":8.0},{"not_picked":["Slice","Quick Slash"],"picked":"Footwork","floor":14.0},{"not_picked":["Grand Finale","Tools of the Trade"],"picked":"A Thousand Cuts","floor":16.0},{"not_picked":["Dodge and Roll","Deadly Poison"],"picked":"PiercingWail","floor":18.0},{"not_picked":["Bane","Dagger Throw"],"picked":"Dodge and Roll+1","floor":22},{"not_picked":["Predator","Outmaneuver"],"picked":"Envenom","floor":24},{"not_picked":["Deflect","Finisher"],"picked":"PiercingWail","floor":28},{"not_picked":["Flying Knee","Dodge and Roll"],"picked":"Setup+1","floor":29}],"player_experience":688503,"relics_obtained":[{"floor":6.0,"key":"Lantern"},{"floor":8.0,"key":"Boot"},{"floor":9.0,"key":"Bag of Marbles"},{"floor":26,"key":"Mummified Hand"}],"event_choices":[{"damage_healed":0.0,"max_hp_gain":5.0,"max_hp_loss":0.0,"gold_gain":0.0,"event_name":"Big Fish","player_choice":"Donut","floor":2.0,"gold_loss":0.0,"damage_taken":0.0},{"damage_healed":0.0,"max_hp_gain":0.0,"max_hp_loss":0.0,"gold_gain":0.0,"event_name":"Shining Light","player_choice":"Entered Light","floor":3.0,"gold_loss":0.0,"damage_taken":21.0,"cards_upgraded":["Strike_G","Strike_G"]},{"damage_healed":0.0,"max_hp_gain":0.0,"max_hp_loss":0.0,"gold_gain":0.0,"event_name":"The Woman in Blue","player_choice":"Bought 1 Potion","floor":11.0,"gold_loss":0.0,"damage_taken":0.0},{"damage_healed":0,"gold_gain":0,"player_choice":"Ignored","damage_taken":0,"max_hp_gain":0,"max_hp_loss":0,"event_name":"Cursed Tome","floor":19,"gold_loss":0},{"damage_healed":0,"gold_gain":0,"player_choice":"Traded Relic","damage_taken":0,"relics_obtained":["Nloth\u0027s Gift"],"max_hp_gain":0,"max_hp_loss":0,"event_name":"N\u0027loth","floor":20,"relics_lost":["Bag of Marbles"],"gold_loss":0},{"damage_healed":0,"gold_gain":0,"player_choice":"Upgraded","damage_taken":0,"max_hp_gain":0,"max_hp_loss":0,"event_name":"Upgrade Shrine","floor":27,"gold_loss":0,"cards_upgraded":["Catalyst"]}],"is_beta":false,"boss_relics":[{"not_picked":["Calling Bell","Orrery"],"picked":"Ring of the Serpent"}],"items_purged_floors":[],"is_endless":false,"potions_floor_spawned":[6,7,8,16,22,28,29],"killed_by":"Snecko","ascension_level":19}