{"gold_per_floor":[117,131,131,141,141,166,166,181,256,320,320,320,338,358,358,432,432,432,432,432,432,34,34,34],"floor_reached":24,"playtime":3010,"items_purged":["Defend_G"],"score":355,"play_id":"d14cf45f-6043-4ffd-b7f4-e7a8041a843f","local_time":"20190324155353","is_ascension_mode":true,"campfire_choices":[{"floor":7.0,"key":"REST"},{"floor":12.0,"key":"REST"},{"floor":15.0,"key":"DIG"}],"neow_cost":"NONE","seed_source_timestamp":0,"circlet_count":0,"master_deck":["AscendersBane","Defend_G+1","Defend_G","Defend_G","Defend_G","Survivor","Neutralize","Acrobatics","Die Die Die","Blur","PiercingWail","Skewer","Storm of Steel","Cloak And Dagger","Bite","Bite","Bite","Bite","Bite","Footwork"],"special_seed":0,"relics":["Ring of the Snake","NeowsBlessing","Shovel","Kunai","Anchor","Ectoplasm","Membership Card","Dodecahedron","Blue Candle"],"potions_floor_usage":[24],"damage_taken":[{"damage":0.0,"enemies":"Small Slimes","floor":1.0,"turns":1.0},{"damage":0.0,"enemies":"Cultist","floor":2.0,"turns":1.0},{"damage":0.0,"enemies":"2 Louse","floor":4.0,"turns":1.0},{"damage":36.0,"enemies":"Gremlin Nob","floor":6.0,"turns":5.0},{"damage":0.0,"enemies":"2 Fungi Beasts","floor":8.0,"turns":3.0},{"damage":4.0,"enemies":"Exordium Thugs","floor":13.0,"turns":9.0},{"damage":0.0,"enemies":"Looter","floor":14.0,"turns":4.0},{"damage":14.0,"enemies":"The Guardian","floor":16.0,"turns":27.0},{"damage":8.0,"enemies":"Shell Parasite","floor":18.0,"turns":10.0},{"damage":65,"enemies":"Book of Stabbing","floor":24,"turns":10}],"seed_played":"-895886061006820356","potions_obtained":[{"floor":2.0,"key":"SkillPotion"},{"floor":4.0,"key":"EssenceOfSteel"},{"floor":8.0,"key":"Energy Potion"},{"floor":18.0,"key":"Dexterity Potion"}],"is_trial":false,"path_per_floor":["M","M","?","M","?","E","R","M","T","?","?","R","M","M","R","B",null,"M","?","?","?","$","?","E"],"character_chosen":"THE_SILENT","items_purchased":["Membership Card","Footwork","Dodecahedron"],"campfire_rested":2,"item_purchase_floors":[22,22,22],"current_hp_per_floor":[59,59,59,59,46,10,29,29,29,29,29,48,44,44,44,30,57,49,49,46,46,46,46,0],"gold":34,"neow_bonus":"THREE_ENEMY_KILL","is_prod":false,"is_daily":false,"chose_seed":false,"campfire_upgraded":0,"win_rate":0,"timestamp":1553457233,"path_taken":["M","M","?","?","?","E","R","M","T","?","?","R","?","M","R","BOSS","M","?","?","?","?","?","E"],"build_version":"2019-01-23","purchased_purges":1,"victory":false,"max_hp_per_floor":[66,66,66,66,66,66,66,66,66,66,66,66,66,66,66,66,66,66,66,46,46,46,46,46],"card_choices":[{"not_picked":["Sucker Punch","Tactician"],"picked":"Acrobatics","floor":1.0},{"not_picked":["Outmaneuver","Dodge and Roll","Dagger Throw"],"picked":"SKIP","floor":2.0},{"not_picked":["Slice","Dagger Throw","Expertise"],"picked":"SKIP","floor":4.0},{"not_picked":["Predator","Slice"],"picked":"Blur","floor":6.0},{"not_picked":["Deadly Poison","Flying Knee"],"picked":"PiercingWail","floor":8.0},{"not_picked":["Prepared","Sucker Punch"],"picked":"Skewer","floor":13.0},{"not_picked":["Predator","Skewer"],"picked":"Storm of Steel","floor":14.0},{"not_picked":["Doppelganger","Grand Finale"],"picked":"A Thousand Cuts","floor":16.0},{"not_picked":["Masterful Stab","Sucker Punch"],"picked":"Cloak And Dagger","floor":18.0}],"player_experience":980294,"relics_obtained":[{"floor":6.0,"key":"Shovel"},{"floor":9.0,"key":"Kunai"},{"floor":15.0,"key":"Anchor"}],"event_choices":[{"damage_healed":0.0,"max_hp_gain":0.0,"max_hp_loss":0.0,"gold_gain":0.0,"cards_transformed":["Strike_G"],"event_name":"Transmorgrifier","player_choice":"Transformed","floor":3.0,"gold_loss":0.0,"damage_taken":0.0,"cards_obtained":["Die Die Die"]},{"damage_healed":0.0,"max_hp_gain":0.0,"max_hp_loss":0.0,"gold_gain":0.0,"event_name":"Shining Light","player_choice":"Entered Light","floor":5.0,"gold_loss":0.0,"damage_taken":13.0,"cards_upgraded":["Strike_G","Defend_G"]},{"damage_healed":0.0,"max_hp_gain":0.0,"max_hp_loss":0.0,"gold_gain":64.0,"event_name":"Golden Wing","player_choice":"Gained Gold","floor":10.0,"gold_loss":0.0,"damage_taken":0.0},{"cards_removed":["Strike_G"],"damage_healed":0.0,"max_hp_gain":0.0,"max_hp_loss":0.0,"gold_gain":0.0,"event_name":"Purifier","player_choice":"Purged","floor":11.0,"gold_loss":0.0,"damage_taken":0.0},{"damage_healed":0.0,"max_hp_gain":0.0,"max_hp_loss":0.0,"gold_gain":0.0,"event_name":"Ghosts","player_choice":"Ignored","floor":19.0,"gold_loss":0.0,"damage_taken":0.0},{"damage_healed":0.0,"max_hp_gain":0.0,"max_hp_loss":20.0,"gold_gain":0.0,"event_name":"Vampires","player_choice":"Became a vampire","floor":20.0,"gold_loss":0.0,"damage_taken":0.0,"cards_obtained":["Bite","Bite","Bite","Bite","Bite"]},{"cards_removed":["A Thousand Cuts"],"damage_healed":0.0,"max_hp_gain":0.0,"max_hp_loss":0.0,"gold_gain":0.0,"event_name":"Back to Basics","player_choice":"Elegance","floor":21.0,"gold_loss":0.0,"damage_taken":0.0},{"damage_healed":0,"gold_gain":0,"player_choice":"Gave Potion","damage_taken":0,"relics_obtained":["Blue Candle"],"max_hp_gain":0,"max_hp_loss":0,"event_name":"WeMeetAgain","floor":23,"gold_loss":0}],"is_beta":false,"boss_relics":[{"not_picked":["Snecko Eye","Lizard Tail"],"picked":"Ectoplasm"}],"items_purged_floors":[22],"is_endless":false,"potions_floor_spawned":[2,4,8,14,18],"killed_by":"Book of Stabbing","ascension_level":14}