{"gold_per_floor":[115,130,147,165,165,196,212,242,266,266,280,292,309,320,320,425,425,443,463,300,314,325,325,335,335,408,408,426,446,474,164,164,164],"floor_reached":33,"playtime":1821,"items_purged":["Strike_B","Defend_B"],"score":337,"play_id":"5fabb9ab-2ea3-4d88-b70e-4097bfdef942","local_time":"20181230153124","is_ascension_mode":false,"campfire_choices":[{"data":"Conserve Battery","floor":15,"key":"SMITH"},{"data":"Go for the Eyes","floor":23,"key":"SMITH"},{"data":"Leap","floor":25,"key":"SMITH"},{"data":"Dualcast","floor":27,"key":"SMITH"},{"data":"Streamline","floor":32,"key":"SMITH"}],"neow_cost":"NONE","seed_source_timestamp":9478958386499,"circlet_count":0,"master_deck":["Strike_B","Strike_B","Strike_B","Defend_B","Defend_B","Defend_B","Zap+1","Dualcast+1","Sunder+1","Chill+1","Leap+1","Coolheaded","Undo","Conserve Battery+1","Go for the Eyes+1","Core Surge","Chill","Coolheaded","Core Surge","Beam Cell+1","Blizzard","Streamline+1","Hologram","Reprogram","Go for the Eyes+1"],"relics":["Cracked Core","NeowsBlessing","Mummified Hand","War Paint","Anchor","Nuclear Battery","Letter Opener","Orichalcum","Medical Kit"],"potions_floor_usage":[6,8,16,29,33,33],"damage_taken":[{"damage":0,"enemies":"Cultist","floor":1,"turns":1},{"damage":0,"enemies":"Small Slimes","floor":2,"turns":1},{"damage":0,"enemies":"Jaw Worm","floor":3,"turns":1},{"damage":5,"enemies":"2 Fungi Beasts","floor":4,"turns":2},{"damage":0,"enemies":"3 Sentries","floor":6,"turns":5},{"damage":0,"enemies":"Blue Slaver","floor":7,"turns":5},{"damage":0,"enemies":"Lagavulin","floor":8,"turns":9},{"damage":1,"enemies":"Exordium Thugs","floor":11,"turns":3},{"damage":0,"enemies":"2 Fungi Beasts","floor":12,"turns":2},{"damage":0,"enemies":"Exordium Wildlife","floor":13,"turns":3},{"damage":0,"enemies":"3 Louse","floor":14,"turns":2},{"damage":20,"enemies":"Slime Boss","floor":16,"turns":20},{"damage":3,"enemies":"Shell Parasite","floor":18,"turns":6},{"damage":0,"enemies":"Chosen","floor":19,"turns":4},{"damage":8,"enemies":"Shelled Parasite and Fungi","floor":21,"turns":8},{"damage":4,"enemies":"Centurion and Healer","floor":22,"turns":6},{"damage":3,"enemies":"Snake Plant","floor":24,"turns":6},{"damage":1,"enemies":"Cultist and Chosen","floor":28,"turns":7},{"damage":0,"enemies":"3 Cultists","floor":29,"turns":5},{"damage":15,"enemies":"Book of Stabbing","floor":30,"turns":6},{"damage":49,"enemies":"Champ","floor":33,"turns":17}],"seed_played":"-1647129586109535164","potions_obtained":[{"floor":1,"key":"AttackPotion"},{"floor":3,"key":"Energy Potion"},{"floor":6,"key":"FocusPotion"},{"floor":11,"key":"SteroidPotion"},{"floor":12,"key":"FocusPotion"},{"floor":14,"key":"FearPotion"},{"floor":19,"key":"SpeedPotion"},{"floor":22,"key":"Fire Potion"}],"is_trial":false,"path_per_floor":["M","M","M","M","?","E","M","E","T","?","M","M","M","M","R","B",null,"M","M","$","M","M","R","M","R","T","R","M","M","E","$","R","B"],"character_chosen":"DEFECT","items_purchased":["Blizzard","Streamline","Medical Kit"],"campfire_rested":0,"item_purchase_floors":[20,20,31],"current_hp_per_floor":[75,75,75,70,70,70,70,70,70,70,69,69,69,69,69,49,75,72,72,72,64,60,60,57,57,57,57,56,56,41,41,41,0],"gold":164,"neow_bonus":"THREE_ENEMY_KILL","is_prod":false,"is_daily":false,"chose_seed":false,"campfire_upgraded":5,"win_rate":0.0,"timestamp":1546212684,"path_taken":["M","M","M","M","?","E","M","E","T","?","M","M","M","M","R","BOSS","M","M","$","M","M","R","M","R","T","R","M","M","E","$","R","BOSS"],"build_version":"2018-12-20","purchased_purges":2,"victory":false,"max_hp_per_floor":[75,75,75,75,75,75,75,75,75,75,75,75,75,75,75,75,75,75,75,75,75,75,75,75,75,75,75,75,75,75,75,75,75],"card_choices":[{"not_picked":["Stack","Auto Shields"],"picked":"Sunder","floor":1},{"not_picked":["Hello World","Coolheaded"],"picked":"Chill","floor":2},{"not_picked":["Gash","Sweeping Beam"],"picked":"Leap","floor":3},{"not_picked":["Self Repair","BootSequence"],"picked":"Coolheaded","floor":4},{"not_picked":["Steam","Barrage"],"picked":"Undo","floor":6},{"not_picked":["BootSequence","Barrage"],"picked":"Conserve Battery","floor":7},{"not_picked":["Sweeping Beam","Tempest","Reinforced Body"],"picked":"SKIP","floor":8},{"not_picked":["Streamline","Rebound"],"picked":"Go for the Eyes","floor":11},{"not_picked":["Beam Cell","Barrage"],"picked":"Core Surge","floor":12},{"not_picked":["Turbo","Double Energy"],"picked":"Chill","floor":13},{"not_picked":["BootSequence","Scrape"],"picked":"Coolheaded","floor":14},{"not_picked":["All For One","Machine Learning"],"picked":"Core Surge","floor":16},{"not_picked":["Chaos+1","Compile Driver+1","Reinforced Body+1"],"picked":"SKIP","floor":18},{"not_picked":["Cold Snap","Reinforced Body+1"],"picked":"Beam Cell+1","floor":19},{"not_picked":["Beam Cell","Streamline","Barrage"],"picked":"SKIP","floor":21},{"not_picked":["Core Surge","Aggregate","Cold Snap"],"picked":"SKIP","floor":22},{"not_picked":["Genetic Algorithm","Coolheaded+1","Reinforced Body"],"picked":"SKIP","floor":24},{"not_picked":["Steam","Streamline"],"picked":"Hologram","floor":28},{"not_picked":["Scrape","Barrage"],"picked":"Reprogram","floor":29},{"not_picked":["Sweeping Beam","Conserve Battery"],"picked":"Go for the Eyes+1","floor":30}],"player_experience":296070,"relics_obtained":[{"floor":6,"key":"Mummified Hand"},{"floor":8,"key":"War Paint"},{"floor":9,"key":"Anchor"},{"floor":26,"key":"Letter Opener"},{"floor":30,"key":"Orichalcum"}],"event_choices":[{"damage_healed":0,"gold_gain":0,"player_choice":"Grow","damage_taken":0,"max_hp_gain":0,"max_hp_loss":0,"event_name":"Living Wall","floor":5,"gold_loss":0,"cards_upgraded":["Sunder"]},{"damage_healed":0,"gold_gain":0,"player_choice":"Ignored","damage_taken":0,"max_hp_gain":0,"max_hp_loss":0,"event_name":"Liars Game","floor":10,"gold_loss":0}],"is_beta":false,"boss_relics":[{"not_picked":["Velvet Choker","Runic Dome"],"picked":"Nuclear Battery"}],"items_purged_floors":[20,31],"is_endless":false,"potions_floor_spawned":[1,3,6,11,12,14,19,22,24],"killed_by":"Champ","ascension_level":0}