{"gold_per_floor":[119,194,194,194,206,206,234,247,273,307,323,323,335,345,345,446,446,456,476,391,186,186],"floor_reached":22,"playtime":4349,"items_purged":["Strike_B"],"score":221,"play_id":"b91d1cd2-6b51-4f61-895d-0f02e62bda3b","local_time":"20181229170503","is_ascension_mode":false,"campfire_choices":[{"data":"Go for the Eyes","floor":6,"key":"SMITH"},{"floor":12,"key":"REST"},{"data":"Hologram","floor":15,"key":"SMITH"}],"neow_cost":"NONE","seed_source_timestamp":589163999292171,"circlet_count":0,"master_deck":["Strike_B","Strike_B","Strike_B","Defend_B","Defend_B","Defend_B","Defend_B","Zap","Dualcast","Redo","Go for the Eyes+1","All For One","Hologram+1","Scrape","Thunder Strike","Reboot"],"relics":["Cracked Core","NeowsBlessing","Pen Nib","Smiling Mask","Incense Burner","Busted Crown","Thread and Needle"],"potions_floor_usage":[16,16],"damage_taken":[{"damage":0,"enemies":"2 Louse","floor":1,"turns":1},{"damage":0,"enemies":"Jaw Worm","floor":5,"turns":1},{"damage":0,"enemies":"Gremlin Nob","floor":7,"turns":1},{"damage":2,"enemies":"Small Slimes","floor":8,"turns":3},{"damage":35,"enemies":"3 Sentries","floor":10,"turns":7},{"damage":0,"enemies":"Exordium Thugs","floor":11,"turns":3},{"damage":0,"enemies":"Large Slime","floor":13,"turns":3},{"damage":1,"enemies":"Exordium Wildlife","floor":14,"turns":4},{"damage":20,"enemies":"Hexaghost","floor":16,"turns":13},{"damage":5,"enemies":"Shell Parasite","floor":18,"turns":6},{"damage":21,"enemies":"3 Byrds","floor":19,"turns":6},{"damage":7,"enemies":"3 Cultists","floor":22,"turns":4}],"seed_played":"8478612890163401482","potions_obtained":[{"floor":8,"key":"FearPotion"},{"floor":13,"key":"SkillPotion"},{"floor":14,"key":"SpeedPotion"}],"is_trial":false,"path_per_floor":["M","?","?","$","M","R","E","M","T","E","M","R","M","M","R","B",null,"M","M","?","$","M"],"character_chosen":"DEFECT","items_purchased":["Reboot"],"campfire_rested":1,"item_purchase_floors":[21],"current_hp_per_floor":[75,64,64,64,64,64,64,62,62,27,27,49,49,48,48,28,75,70,49,49,49,42],"gold":186,"neow_bonus":"THREE_ENEMY_KILL","is_prod":false,"is_daily":false,"chose_seed":false,"campfire_upgraded":2,"win_rate":0.0,"timestamp":1546131903,"path_taken":["M","?","?","?","M","R","E","M","T","E","M","R","M","M","R","BOSS","M","M","?","$","M"],"build_version":"2018-12-20","purchased_purges":1,"victory":false,"max_hp_per_floor":[75,75,75,75,75,75,75,75,75,75,75,75,75,75,75,75,75,75,75,75,75,75],"card_choices":[{"not_picked":["Compile Driver","Loop"],"picked":"Redo","floor":1},{"not_picked":["Redo","Aggregate"],"picked":"Go for the Eyes","floor":5},{"not_picked":["Rip and Tear","Steam"],"picked":"All For One","floor":7},{"not_picked":["Rebound","Ball Lightning"],"picked":"Hologram","floor":8},{"not_picked":["Defragment","Sweeping Beam","Conserve Battery"],"picked":"SKIP","floor":10},{"not_picked":["Leap","Streamline"],"picked":"Scrape","floor":11},{"not_picked":["Rip and Tear","Lockon","Cold Snap"],"picked":"SKIP","floor":13},{"not_picked":["Aggregate","Undo","Lockon"],"picked":"SKIP","floor":14},{"not_picked":["Electrodynamics","Echo Form"],"picked":"Thunder Strike","floor":16},{"not_picked":["Streamline"],"picked":"SKIP","floor":18},{"not_picked":["Redo"],"picked":"SKIP","floor":19}],"player_experience":283579,"relics_obtained":[{"floor":7,"key":"Pen Nib"},{"floor":9,"key":"Smiling Mask"},{"floor":10,"key":"Incense Burner"}],"event_choices":[{"damage_healed":0,"gold_gain":75,"player_choice":"Gather Gold","damage_taken":11,"max_hp_gain":0,"max_hp_loss":0,"event_name":"World of Goop","floor":2,"gold_loss":0},{"damage_healed":0,"gold_gain":0,"player_choice":"Ignored","damage_taken":0,"max_hp_gain":0,"max_hp_loss":0,"event_name":"Golden Idol","floor":3,"gold_loss":0},{"damage_healed":0,"gold_gain":0,"player_choice":"Obtained Relic","damage_taken":0,"relics_obtained":["Thread and Needle"],"max_hp_gain":0,"max_hp_loss":0,"event_name":"Addict","floor":20,"gold_loss":85}],"is_beta":false,"boss_relics":[{"not_picked":["Nuclear Battery","Empty Cage"],"picked":"Busted Crown"}],"items_purged_floors":[21],"is_endless":false,"potions_floor_spawned":[8,13,14],"killed_by":"3 Cultists","ascension_level":0}