{"gold_per_floor":[17,17,30,30,49,49,90,111,111,111,135,135,17,42,42,170,170,184,205,120,140,65,65,105,105,105,136,136,175,300,315,315,315],"floor_reached":33,"playtime":3012,"items_purged":["Strike_G"],"score":396,"play_id":"a5aeaf81-099a-43de-96fc-22e988342b3e","local_time":"20190312193934","is_ascension_mode":true,"campfire_choices":[{"data":"1","floor":6,"key":"LIFT"},{"data":"2","floor":12,"key":"LIFT"},{"data":"3","floor":15,"key":"LIFT"},{"data":"Adrenaline","floor":23,"key":"SMITH"},{"floor":25,"key":"RECALL"},{"data":"Well Laid Plans","floor":28,"key":"SMITH"},{"data":"Footwork","floor":32,"key":"SMITH"}],"neow_cost":"NO_GOLD","seed_source_timestamp":2089941215262536,"circlet_count":0,"master_deck":["Defend_G","Defend_G","Defend_G","Defend_G","Defend_G","Strike_G","Strike_G","Strike_G","Strike_G+1","Survivor+1","Neutralize+1","Deadly Poison","Injury","Backflip","Dagger Spray","Dash","Dagger Spray","All Out Attack","Well Laid Plans+1","Deadly Poison","Sucker Punch","Adrenaline+1","Deadly Poison","Acrobatics","Terror","Footwork+1","Quick Slash+1"],"relics":["Ring of the Snake","Girya","Golden Idol","Anchor","Bronze Scales","Sozu","Darkstone Periapt","Pear","Matryoshka","Calipers","Boot","Torii","The Courier"],"potions_floor_usage":[7,16,29],"damage_taken":[{"damage":0,"enemies":"2 Louse","floor":1,"turns":4},{"damage":1,"enemies":"Small Slimes","floor":3,"turns":4},{"damage":3,"enemies":"Jaw Worm","floor":5,"turns":4},{"damage":2,"enemies":"3 Sentries","floor":7,"turns":6},{"damage":1,"enemies":"Exordium Thugs","floor":8,"turns":4},{"damage":0,"enemies":"Lots of Slimes","floor":11,"turns":1},{"damage":0,"enemies":"3 Louse","floor":14,"turns":1},{"damage":2,"enemies":"Hexaghost","floor":16,"turns":8},{"damage":0,"enemies":"3 Byrds","floor":18,"turns":3},{"damage":0,"enemies":"Chosen","floor":19,"turns":4},{"damage":2,"enemies":"3 Cultists","floor":21,"turns":4},{"damage":18,"enemies":"Book of Stabbing","floor":24,"turns":4},{"damage":0,"enemies":"Slavers","floor":27,"turns":3},{"damage":23,"enemies":"Book of Stabbing","floor":29,"turns":5},{"damage":0,"enemies":"Colosseum Slavers","floor":30,"turns":3},{"damage":0,"enemies":"Colosseum Nobs","floor":30,"turns":3},{"damage":0,"enemies":"Snake Plant","floor":31,"turns":3},{"damage":50,"enemies":"Automaton","floor":33,"turns":6}],"seed_played":"679028673843133479","potions_obtained":[{"floor":1,"key":"Block Potion"},{"floor":3,"key":"EssenceOfSteel"},{"floor":14,"key":"Energy Potion"}],"is_trial":false,"path_per_floor":["M","?","M","?","M","R","E","M","T","?","M","R","$","M","R","B",null,"M","M","?","M","$","R","E","R","T","E","R","E","?","M","R","B"],"character_chosen":"THE_SILENT","items_purchased":["Well Laid Plans","Deadly Poison"],"campfire_rested":0,"item_purchase_floors":[13,13],"current_hp_per_floor":[70,70,69,69,66,66,64,63,63,49,49,49,49,49,49,47,70,70,70,70,68,68,68,60,60,60,60,60,37,37,37,37,0],"gold":315,"neow_bonus":"ONE_RARE_RELIC","is_prod":false,"is_daily":false,"chose_seed":false,"campfire_upgraded":3,"win_rate":0,"timestamp":1552408774,"path_taken":["M","?","M","?","M","R","E","M","T","?","?","R","?","M","R","BOSS","M","?","?","M","$","R","E","R","T","E","R","E","?","M","R","BOSS"],"build_version":"2019-01-23","purchased_purges":1,"victory":false,"max_hp_per_floor":[70,70,70,70,70,70,70,70,70,70,70,70,70,70,70,70,70,70,70,70,70,70,70,80,80,80,80,80,80,80,80,80,80],"card_choices":[{"not_picked":["PiercingWail","Prepared"],"picked":"Deadly Poison","floor":1},{"not_picked":["Choke","Blade Dance"],"picked":"Backflip","floor":3},{"not_picked":["Deflect","Catalyst"],"picked":"Dagger Spray","floor":5},{"not_picked":["Sucker Punch","Setup"],"picked":"Dash","floor":7},{"not_picked":["Backflip","Heel Hook"],"picked":"Dagger Spray","floor":8},{"not_picked":["Outmaneuver","Cloak And Dagger"],"picked":"All Out Attack","floor":11},{"not_picked":["Grand Finale","Accuracy"],"picked":"Sucker Punch","floor":14},{"not_picked":["Phantasmal Killer","Glass Knife"],"picked":"Adrenaline","floor":16},{"not_picked":["Escape Plan+1","Prepared+1"],"picked":"Deadly Poison","floor":18},{"not_picked":["Dagger Throw","Flechettes","Prepared+1"],"picked":"SKIP","floor":19},{"not_picked":["Deflect","Choke"],"picked":"Acrobatics","floor":21},{"not_picked":["PiercingWail","All Out Attack"],"picked":"Terror","floor":24},{"not_picked":["Flying Knee","Dodge and Roll","Finisher"],"picked":"SKIP","floor":27},{"not_picked":["Flying Knee","Blade Dance+1"],"picked":"Footwork","floor":29},{"not_picked":["Burst","Prepared+1"],"picked":"Quick Slash+1","floor":30},{"not_picked":["Outmaneuver","Flying Knee","Acrobatics"],"picked":"SKIP","floor":31}],"player_experience":316754,"relics_obtained":[{"floor":7,"key":"Anchor"},{"floor":9,"key":"Bronze Scales"},{"floor":24,"key":"Pear"},{"floor":26,"key":"Matryoshka"},{"floor":27,"key":"Calipers"},{"floor":29,"key":"Boot"},{"floor":30,"key":"Torii"},{"floor":30,"key":"The Courier"}],"event_choices":[{"damage_healed":0,"gold_gain":0,"player_choice":"Take Wound","damage_taken":0,"relics_obtained":["Golden Idol"],"max_hp_gain":0,"max_hp_loss":0,"event_name":"Golden Idol","floor":2,"gold_loss":0,"cards_obtained":["Injury"]},{"damage_healed":0,"gold_gain":0,"player_choice":"Grow","damage_taken":0,"max_hp_gain":0,"max_hp_loss":0,"event_name":"Living Wall","floor":4,"gold_loss":0,"cards_upgraded":["Neutralize"]},{"damage_healed":0,"gold_gain":0,"player_choice":"Entered Light","damage_taken":14,"max_hp_gain":0,"max_hp_loss":0,"event_name":"Shining Light","floor":10,"gold_loss":0,"cards_upgraded":["Strike_G","Survivor"]},{"damage_healed":0,"gold_gain":0,"player_choice":"Obtained Relic","damage_taken":0,"relics_obtained":["Darkstone Periapt"],"max_hp_gain":0,"max_hp_loss":0,"event_name":"Addict","floor":20,"gold_loss":85},{"damage_healed":0,"gold_gain":0,"player_choice":"Fight","damage_taken":0,"max_hp_gain":0,"max_hp_loss":0,"event_name":"Colosseum","floor":30,"gold_loss":0},{"damage_healed":0,"gold_gain":0,"player_choice":"Fought Nobs","damage_taken":0,"max_hp_gain":0,"max_hp_loss":0,"event_name":"Colosseum","floor":30,"gold_loss":0}],"is_beta":false,"boss_relics":[{"not_picked":["Fusion Hammer","Ring of the Serpent"],"picked":"Sozu"}],"items_purged_floors":[22],"is_endless":false,"potions_floor_spawned":[1,3,14,29,30,31],"killed_by":"Automaton","ascension_level":4}