{"gold_per_floor":[110,130,130,205,215,243,254,268,268,282,309,309,360,374,374,469,469,479,479,497,517,313,313,330,348,348,348,362,362,443,368,368,368],"floor_reached":33,"playtime":3203,"items_purged":["Regret"],"score":261,"play_id":"1667a0b4-2125-4ba7-8e21-5a551cbd39ec","local_time":"20180717101514","is_ascension_mode":false,"campfire_choices":[{"floor":12,"key":"REST"},{"floor":15,"key":"REST"},{"floor":23,"key":"REST"},{"floor":29,"key":"REST"},{"floor":32,"key":"REST"}],"neow_cost":"","seed_source_timestamp":0,"circlet_count":0,"master_deck":["Strike_B","Strike_B","Strike_B","Strike_B","Defend_B","Defend_B","Defend_B","Defend_B","Zap","Dualcast+1","Conserve Battery","Multi-Cast+1","Sweeping Beam","All For One","Aggregate","Static Discharge","Leap","Loop","Creative AI+1","Rainbow","Cold Snap","Barrage","Steam","Static Discharge","Creative AI","Rip and Tear","RitualDagger","Beam Cell","White Noise+1","Go for the Eyes","Enlightenment","Hologram+1","Genetic Algorithm+1","Genetic Algorithm"],"special_seed":17729,"relics":["Cracked Core","Meat on the Bone","Bag of Marbles","War Paint","Bottled Tornado","Happy Flower","Orrery","Ice Cream","Gremlin Horn"],"potions_floor_usage":[11,11,25,33,33],"damage_taken":[{"damage":3,"enemies":"Jaw Worm","floor":1,"turns":4},{"damage":0,"enemies":"2 Louse","floor":2,"turns":2},{"damage":6,"enemies":"Cultist","floor":5,"turns":3},{"damage":14,"enemies":"3 Sentries","floor":6,"turns":7},{"damage":30,"enemies":"Gremlin Gang","floor":7,"turns":5},{"damage":8,"enemies":"Blue Slaver","floor":8,"turns":3},{"damage":10,"enemies":"Large Slime","floor":10,"turns":5},{"damage":26,"enemies":"Gremlin Nob","floor":11,"turns":5},{"damage":3,"enemies":"3 Louse","floor":14,"turns":3},{"damage":57,"enemies":"The Guardian","floor":16,"turns":8},{"damage":5,"enemies":"Chosen","floor":18,"turns":4},{"damage":29,"enemies":"Spheric Guardian","floor":20,"turns":5},{"damage":33,"enemies":"Snecko","floor":21,"turns":6},{"damage":18,"enemies":"Chosen and Byrds","floor":24,"turns":5},{"damage":37,"enemies":"Centurion and Healer","floor":25,"turns":7},{"damage":0,"enemies":"Cultist and Chosen","floor":28,"turns":4},{"damage":76,"enemies":"Collector","floor":33,"turns":12}],"seed_played":"-6709258171721631228","potions_obtained":[{"floor":7,"key":"SpeedPotion"},{"floor":8,"key":"AttackPotion"},{"floor":10,"key":"SkillPotion"},{"floor":11,"key":"Explosive Potion"},{"floor":20,"key":"Energy Potion"},{"floor":24,"key":"PowerPotion"}],"is_trial":false,"path_per_floor":["M","M","?","?","M","E","M","M","T","M","E","R","T","M","R","B",null,"M","?","M","M","$","R","M","M","T","?","M","R","T","$","R"],"character_chosen":"DEFECT","items_purchased":["Go for the Eyes","Enlightenment"],"campfire_rested":5,"item_purchase_floors":[22,22],"current_hp_per_floor":[72,72,72,61,55,41,23,27,27,29,15,37,37,46,68,23,75,70,64,47,26,26,48,42,17,17,17,29,51,51,51,73,0],"gold":368,"neow_bonus":"","is_prod":false,"is_daily":false,"chose_seed":false,"campfire_upgraded":0,"win_rate":0.0,"timestamp":1531836914,"path_taken":["M","M","?","?","?","E","M","?","T","M","E","R","?","M","R","BOSS","M","?","M","M","$","R","M","M","T","?","M","R","?","$","R","BOSS"],"build_version":"2018-07-12","purchased_purges":1,"victory":false,"max_hp_per_floor":[75,75,75,75,75,75,75,75,75,75,75,75,75,75,75,75,75,75,75,75,75,75,75,75,75,75,75,75,75,75,75,75,75],"card_choices":[{"not_picked":["Ball Lightning","Redo"],"picked":"Conserve Battery","floor":1},{"not_picked":["Static Discharge","Hologram"],"picked":"Multi-Cast","floor":2},{"not_picked":["Leap","Go for the Eyes"],"picked":"Sweeping Beam","floor":5},{"not_picked":["Sweeping Beam","Steam"],"picked":"All For One","floor":6},{"not_picked":["Sweeping Beam","Hologram"],"picked":"Aggregate","floor":7},{"not_picked":["Ball Lightning","Barrage"],"picked":"Static Discharge","floor":8},{"not_picked":["Barrage","Chill"],"picked":"Leap","floor":10},{"not_picked":["Auto Shields","White Noise"],"picked":"Loop","floor":11},{"not_picked":["Steam Power","Heatsinks"],"picked":"Creative AI","floor":14},{"not_picked":["Thunder Strike","All For One"],"picked":"Rainbow","floor":16},{"not_picked":["Sweeping Beam","FTL"],"picked":"Cold Snap","floor":17},{"not_picked":["Compile Driver","Cold Snap"],"picked":"Barrage","floor":17},{"not_picked":["Coolheaded","Stack"],"picked":"Steam","floor":17},{"not_picked":["Streamline","Steam"],"picked":"Static Discharge","floor":17},{"not_picked":["Conserve Battery","Ball Lightning"],"picked":"Creative AI","floor":17},{"not_picked":["Defragment","Compile Driver"],"picked":"Rip and Tear","floor":18},{"not_picked":["Scrape","Redo"],"picked":"Beam Cell","floor":20},{"not_picked":["Reinforced Body","Sweeping Beam+1"],"picked":"White Noise+1","floor":21},{"not_picked":["Fusion","Coolheaded+1"],"picked":"Hologram+1","floor":24},{"not_picked":["Cold Snap","Steam"],"picked":"Genetic Algorithm+1","floor":25},{"not_picked":["Cold Snap","Go for the Eyes"],"picked":"Genetic Algorithm","floor":28}],"player_experience":36581,"relics_obtained":[{"floor":6,"key":"Bag of Marbles"},{"floor":9,"key":"War Paint"},{"floor":11,"key":"Bottled Tornado"},{"floor":13,"key":"Happy Flower"},{"floor":26,"key":"Ice Cream"},{"floor":30,"key":"Gremlin Horn"}],"event_choices":[{"event_name":"Big Fish","player_choice":"Box","floor":3,"damage_taken":0},{"event_name":"World of Goop","player_choice":"Gather Gold","floor":4,"damage_taken":0},{"event_name":"Nest","player_choice":"Joined the Cult","floor":19,"damage_taken":0},{"event_name":"Upgrade Shrine","player_choice":"Upgraded","floor":27,"damage_taken":0}],"boss_relics":[{"not_picked":["Tiny House","FrozenCore"],"picked":"Orrery"}],"items_purged_floors":[31],"is_endless":false,"potions_floor_spawned":[7,8,10,11,20,24],"killed_by":"Collector","ascension_level":0}