{"gold_per_floor":[118,136,136,136,149,149,184,134,185,185,211,211,227,245,245,349,349,367,367,92,105,116,141,151,171,171,171,190,205,205,105,105,203,203,217,317,334,334,348,373,393,393,393,403,428,51,51,70,70,70,70,70,22,52,52],"floor_reached":56,"playtime":4177,"items_purged":["Strike_R","Strike_R","Defend_R"],"score":1191,"play_id":"34ff8857-2e05-4a7c-8044-374e44318c4d","local_time":"20190610153652","is_ascension_mode":false,"campfire_choices":[{"data":"Clothesline","floor":6,"key":"SMITH"},{"data":"Pommel Strike","floor":10,"key":"SMITH"},{"data":"Shrug It Off","floor":12,"key":"SMITH"},{"data":"True Grit","floor":15,"key":"SMITH"},{"data":"Barricade","floor":27,"key":"SMITH"},{"data":"Ghostly Armor","floor":30,"key":"SMITH"},{"floor":32,"key":"RECALL"},{"data":"Juggernaut","floor":42,"key":"SMITH"},{"data":"Battle Trance","floor":49,"key":"SMITH"},{"data":"Defend_R","floor":52,"key":"SMITH"}],"neow_cost":"NONE","seed_source_timestamp":2287405267758611,"circlet_count":0,"master_deck":["Strike_R","Defend_R","Defend_R+1","Defend_R+1","Bash+1","Shrug It Off+1","Pommel Strike+1","Clothesline+1","Ghostly Armor+1","Cleave+1","True Grit+1","Barricade+1","Uppercut+1","Body Slam+1","True Grit+1","Warcry+1","Iron Wave+1","Juggernaut+1","Seeing Red+1","Warcry+1","Flame Barrier+1","Parasite","Battle Trance+1","Shrug It Off","Body Slam+1"],"relics":["Burning Blood","Pen Nib","Nunchaku","Oddly Smooth Stone","Molten Egg 2","Sozu","HandDrill","Pantograph","Black Star","Incense Burner","War Paint","Bottled Flame","Sundial","Boot","Red Skull","Paper Frog","Ornamental Fan","Gambling Chip"],"potions_floor_usage":[55,55,55],"damage_taken":[{"damage":1,"enemies":"Jaw Worm","floor":1,"turns":4},{"damage":2,"enemies":"2 Louse","floor":2,"turns":4},{"damage":1,"enemies":"Cultist","floor":5,"turns":3},{"damage":10,"enemies":"Gremlin Nob","floor":7,"turns":3},{"damage":10,"enemies":"3 Sentries","floor":11,"turns":11},{"damage":0,"enemies":"Looter","floor":13,"turns":3},{"damage":5,"enemies":"Gremlin Gang","floor":14,"turns":5},{"damage":30,"enemies":"The Guardian","floor":16,"turns":15},{"damage":0,"enemies":"Chosen","floor":18,"turns":3},{"damage":2,"enemies":"3 Byrds","floor":21,"turns":5},{"damage":8,"enemies":"Snake Plant","floor":22,"turns":4},{"damage":32,"enemies":"Slavers","floor":23,"turns":7},{"damage":17,"enemies":"Centurion and Healer","floor":24,"turns":5},{"damage":0,"enemies":"3 Cultists","floor":25,"turns":7},{"damage":6,"enemies":"Shelled Parasite and Fungi","floor":28,"turns":5},{"damage":3,"enemies":"Snake Plant","floor":29,"turns":3},{"damage":14,"enemies":"Collector","floor":33,"turns":12},{"damage":3,"enemies":"3 Shapes","floor":35,"turns":5},{"damage":0,"enemies":"Mind Bloom Boss Battle","floor":36,"turns":6},{"damage":10,"enemies":"Orb Walker","floor":37,"turns":4},{"damage":20,"enemies":"Jaw Worm Horde","floor":39,"turns":5},{"damage":22,"enemies":"Giant Head","floor":40,"turns":11},{"damage":5,"enemies":"Writhing Mass","floor":41,"turns":5},{"damage":0,"enemies":"Spire Growth","floor":44,"turns":6},{"damage":18,"enemies":"Reptomancer","floor":45,"turns":8},{"damage":0,"enemies":"4 Shapes","floor":48,"turns":9},{"damage":1,"enemies":"Awakened One","floor":50,"turns":9},{"damage":55,"enemies":"Shield and Spear","floor":54,"turns":7},{"damage":29,"enemies":"The Heart","floor":55,"turns":11}],"seed_played":"-2821968128428522353","potions_obtained":[{"floor":2,"key":"Dexterity Potion"},{"floor":5,"key":"EssenceOfSteel"},{"floor":7,"key":"PowerPotion"}],"is_trial":false,"path_per_floor":["M","M","?","?","M","R","E","?","T","R","E","R","M","M","R","B",null,"M","?","$","M","M","E","M","M","T","R","M","M","R","$","R","B",null,"M","?","M","?","M","E","M","R","T","M","E","$","?","M","R","B",null,"R","$","E","B",null],"character_chosen":"IRONCLAD","items_purchased":["HandDrill","Paper Frog","Shrug It Off"],"campfire_rested":0,"item_purchase_floors":[20,46,53],"current_hp_per_floor":[88,88,70,63,68,68,64,64,64,64,60,60,66,67,67,43,88,88,88,88,88,86,60,49,55,55,55,55,58,58,58,58,75,88,88,88,84,84,70,54,55,55,55,61,49,49,49,55,55,85,88,88,88,39,41],"gold":52,"neow_bonus":"TEN_PERCENT_HP_BONUS","is_prod":false,"is_daily":false,"chose_seed":false,"campfire_upgraded":9,"win_rate":0,"timestamp":1560152212,"path_taken":["M","M","?","?","M","R","E","?","T","R","E","R","M","M","R","BOSS","M","?","?","M","M","E","M","M","T","R","M","M","R","$","R","BOSS","M","?","M","?","?","E","M","R","T","M","E","$","?","M","R","BOSS","R","$","E","BOSS"],"build_version":"2019-01-23","purchased_purges":3,"victory":true,"max_hp_per_floor":[88,88,88,88,88,88,88,88,88,88,88,88,88,88,88,88,88,88,88,88,88,88,88,88,88,88,88,88,88,88,88,88,88,88,88,88,88,88,88,88,88,88,88,88,88,88,88,88,88,88,88,88,88,88,88],"card_choices":[{"not_picked":["Warcry","Metallicize"],"picked":"Shrug It Off","floor":1},{"not_picked":["True Grit","Clothesline"],"picked":"Pommel Strike","floor":2},{"not_picked":["Blood for Blood","Heavy Blade"],"picked":"Clothesline","floor":5},{"not_picked":["Heavy Blade","Reckless Charge"],"picked":"Ghostly Armor","floor":7},{"not_picked":["Warcry","Sword Boomerang","Entrench"],"picked":"SKIP","floor":11},{"not_picked":["Metallicize","Iron Wave+1"],"picked":"Cleave+1","floor":13},{"not_picked":["Rupture","Sentinel"],"picked":"True Grit","floor":14},{"not_picked":["Offering","Brutality"],"picked":"Barricade","floor":16},{"not_picked":["Second Wind","Anger+1"],"picked":"Uppercut+1","floor":18},{"not_picked":["Corruption","Pommel Strike+1"],"picked":"Body Slam+1","floor":21},{"not_picked":["Cleave+1","Anger+1","Headbutt+1"],"picked":"SKIP","floor":22},{"not_picked":["Pummel+1","Rupture","Reckless Charge+1"],"picked":"SKIP","floor":23},{"not_picked":["Heavy Blade+1","Whirlwind+1","Sever Soul+1"],"picked":"SKIP","floor":24},{"not_picked":["Dual Wield","Havoc"],"picked":"True Grit+1","floor":25},{"not_picked":["Second Wind","Twin Strike+1"],"picked":"Warcry+1","floor":28},{"not_picked":["Havoc","Dark Embrace"],"picked":"Iron Wave+1","floor":29},{"not_picked":["Demon Form","Double Tap"],"picked":"Juggernaut","floor":33},{"not_picked":["Thunderclap+1","Clash+1"],"picked":"Seeing Red","floor":35},{"not_picked":["Uppercut+1","Havoc+1","Cleave+1"],"picked":"SKIP","floor":37},{"not_picked":["Whirlwind+1","Corruption+1"],"picked":"Warcry+1","floor":39},{"not_picked":["Uppercut+1","Dark Embrace"],"picked":"Flame Barrier+1","floor":40},{"not_picked":["Uppercut+1","Wild Strike+1","Whirlwind+1"],"picked":"SKIP","floor":41},{"not_picked":["Armaments+1","Pommel Strike+1"],"picked":"Battle Trance","floor":44},{"not_picked":["Anger+1","Thunderclap+1","Perfected Strike+1"],"picked":"SKIP","floor":45},{"not_picked":["Iron Wave+1","Anger+1","Clash+1"],"picked":"SKIP","floor":48},{"not_picked":["Power Through+1","Fiend Fire+1"],"picked":"Body Slam+1","floor":54}],"player_experience":182023,"relics_obtained":[{"floor":7,"key":"Nunchaku"},{"floor":9,"key":"Oddly Smooth Stone"},{"floor":11,"key":"Molten Egg 2"},{"floor":23,"key":"Pantograph"},{"floor":36,"key":"Incense Burner"},{"floor":40,"key":"War Paint"},{"floor":40,"key":"Bottled Flame"},{"floor":43,"key":"Sundial"},{"floor":45,"key":"Boot"},{"floor":45,"key":"Red Skull"},{"floor":54,"key":"Ornamental Fan"},{"floor":54,"key":"Gambling Chip"}],"event_choices":[{"damage_healed":0,"gold_gain":0,"player_choice":"Entered Light","damage_taken":18,"max_hp_gain":0,"max_hp_loss":0,"event_name":"Shining Light","floor":3,"gold_loss":0,"cards_upgraded":["Strike_R","Bash"]},{"damage_healed":0,"gold_gain":0,"player_choice":"Success","damage_taken":7,"relics_obtained":["Pen Nib"],"max_hp_gain":0,"max_hp_loss":0,"event_name":"Scrap Ooze","floor":4,"gold_loss":0},{"cards_removed":["Strike_R"],"damage_healed":0,"gold_gain":0,"player_choice":"Card Removal","damage_taken":0,"max_hp_gain":0,"max_hp_loss":0,"event_name":"The Cleric","floor":8,"gold_loss":50},{"damage_healed":0,"gold_gain":0,"player_choice":"Ignored","damage_taken":0,"max_hp_gain":0,"max_hp_loss":0,"event_name":"NoteForYourself","floor":19,"gold_loss":0},{"damage_healed":0,"gold_gain":0,"player_choice":"Fight","damage_taken":0,"max_hp_gain":0,"max_hp_loss":0,"event_name":"MindBloom","floor":36,"gold_loss":0},{"damage_healed":0,"gold_gain":0,"player_choice":"Ignored","damage_taken":0,"max_hp_gain":0,"max_hp_loss":0,"event_name":"SecretPortal","floor":38,"gold_loss":0},{"cards_removed":["Strike_R"],"damage_healed":0,"gold_gain":0,"player_choice":"Removed Attack","damage_taken":0,"max_hp_gain":0,"max_hp_loss":0,"event_name":"Falling","floor":47,"gold_loss":0}],"is_beta":false,"boss_relics":[{"not_picked":["Coffee Dripper","Snecko Eye"],"picked":"Sozu"},{"not_picked":["Runic Cube","Cursed Key"],"picked":"Black Star"}],"items_purged_floors":[20,31,46],"is_endless":false,"potions_floor_spawned":[2,5,7,16,18,25,28,29,33,36,37,45],"ascension_level":0}