{"gold_per_floor":[117,117,117,133,133,133,148,148,148,148,148,164,164,183,183,286,286,303,321,332,92,92,16,16,16,43,43,55,55,70,81,81,178,178,189,238,159,159,170,170],"floor_reached":40,"playtime":2766,"items_purged":[],"score":376,"play_id":"2d03a88c-b27d-4e60-be30-0000ad5f68d6","local_time":"20180629230417","is_ascension_mode":false,"campfire_choices":[{"data":"Zap","floor":6,"key":"SMITH"},{"data":"Barrage","floor":8,"key":"SMITH"},{"data":"Cold Snap","floor":13,"key":"SMITH"},{"data":"Skim","floor":15,"key":"SMITH"},{"floor":24,"key":"REST"},{"data":"Storm","floor":27,"key":"SMITH"},{"floor":29,"key":"REST"},{"floor":32,"key":"REST"}],"neow_cost":"NONE","seed_source_timestamp":200778448553351,"circlet_count":0,"master_deck":["Strike_B+1","Strike_B+1","Defend_B+1","Defend_B+1","Defend_B+1","Zap+1","Dualcast+1","Static Discharge+1","Cold Snap+1","Barrage+1","Skim+1","Thunder Strike+1","Storm+1","Cold Snap+1","Stack","Machine Learning","FTL+1","Storm+1","Buffer","Seek+1","Skim+1","White Noise+1","Aggregate+1","Conserve Battery","Storm","Writhe","Compile Driver"],"relics":["Cracked Core","Shuriken","Empty Cage","Pantograph","Whetstone","Astrolabe","Torii"],"potions_floor_usage":[39,39,40],"damage_taken":[{"damage":1,"enemies":"Jaw Worm","floor":1,"turns":4},{"damage":0,"enemies":"Small Slimes","floor":4,"turns":2},{"damage":0,"enemies":"2 Louse","floor":7,"turns":1},{"damage":3,"enemies":"Exordium Thugs","floor":12,"turns":3},{"damage":7,"enemies":"3 Louse","floor":14,"turns":2},{"damage":28,"enemies":"The Guardian","floor":16,"turns":7},{"damage":5,"enemies":"Spheric Guardian","floor":18,"turns":3},{"damage":20,"enemies":"Shell Parasite","floor":19,"turns":4},{"damage":31,"enemies":"Snake Plant","floor":20,"turns":5},{"damage":11,"enemies":"Snecko","floor":28,"turns":5},{"damage":7,"enemies":"Sentry and Sphere","floor":30,"turns":4},{"damage":12,"enemies":"Snake Plant","floor":31,"turns":3},{"damage":29,"enemies":"Collector","floor":33,"turns":6},{"damage":27,"enemies":"3 Shapes","floor":35,"turns":3},{"damage":37,"floor":36,"turns":5},{"damage":20,"enemies":"3 Darklings","floor":39,"turns":3},{"damage":19,"enemies":"Giant Head","floor":40,"turns":5}],"seed_played":"-3424922142353254254","potions_obtained":[{"floor":1,"key":"Ancient Potion"},{"floor":4,"key":"Poison Potion"},{"floor":14,"key":"Energy Potion"},{"floor":28,"key":"Energy Potion"},{"floor":30,"key":"Swift Potion"},{"floor":39,"key":"FocusPotion"}],"is_trial":false,"path_per_floor":["M","?","?","M","?","R","M","R","T","$","$","M","R","M","R","B",null,"M","M","M","$","?","$","R","?","T","R","M","R","M","M","R","B",null,"M","?","$","?","M"],"character_chosen":"DEFECT","items_purchased":["Pantograph","Capacitor","Storm"],"campfire_rested":3,"item_purchase_floors":[21,23,37],"current_hp_per_floor":[74,74,74,74,74,74,74,74,74,74,74,71,71,64,64,36,75,70,50,19,19,44,44,66,66,66,66,55,75,68,56,75,46,75,48,11,11,30,10,0],"gold":170,"neow_bonus":"UPGRADE_CARD","is_prod":false,"is_daily":false,"chose_seed":false,"campfire_upgraded":5,"win_rate":0.0,"timestamp":1530302657,"path_taken":["M","?","?","M","?","R","M","R","T","?","$","M","R","M","R","BOSS","M","M","M","$","?","$","R","?","T","R","?","R","M","M","R","BOSS","M","?","$","?","?","E"],"build_version":"2018-06-28","purchased_purges":0,"victory":false,"max_hp_per_floor":[75,75,75,75,75,75,75,75,75,75,75,75,75,75,75,75,75,75,75,75,75,75,75,75,75,75,75,75,75,75,75,75,75,75,75,75,75,75,75,75],"card_choices":[{"not_picked":["Aggregate","Beam Cell"],"picked":"Static Discharge","floor":1},{"not_picked":["White Noise","Beam Cell"],"picked":"Cold Snap","floor":4},{"not_picked":["Melter","Gash"],"picked":"Barrage","floor":7},{"not_picked":["Go for the Eyes","Gash"],"picked":"Beam Cell","floor":12},{"not_picked":["Chill","Auto Shields"],"picked":"Skim","floor":14},{"not_picked":["Amplify","Reboot"],"picked":"Thunder Strike","floor":16},{"not_picked":["Darkness+1","Undo+1"],"picked":"Storm","floor":18},{"not_picked":["Go for the Eyes","Steam+1"],"picked":"Cold Snap+1","floor":19},{"not_picked":["Streamline","Hello World"],"picked":"Stack","floor":20},{"not_picked":["Redo","Go for the Eyes+1"],"picked":"Machine Learning","floor":28},{"not_picked":["Darkness","Leap"],"picked":"FTL+1","floor":30},{"not_picked":["Leap","Stack+1"],"picked":"Storm+1","floor":31},{"not_picked":["Rainbow","Reboot"],"picked":"Buffer","floor":33},{"not_picked":["Defragment","Hello World+1"],"picked":"Aggregate+1","floor":35},{"not_picked":["Beam Cell+1","Barrage"],"picked":"Conserve Battery","floor":36},{"not_picked":["Barrage","Beam Cell+1"],"picked":"Compile Driver","floor":39}],"player_experience":24555,"relics_obtained":[{"floor":9,"key":"Shuriken"},{"floor":26,"key":"Whetstone"},{"floor":36,"key":"Torii"}],"event_choices":[{"event_name":"Living Wall","player_choice":"Grow","floor":2,"damage_taken":0},{"event_name":"Golden Wing","player_choice":"Ignored","floor":3,"damage_taken":0},{"event_name":"The Cleric","player_choice":"Leave","floor":5,"damage_taken":0},{"event_name":"The Library","player_choice":"Heal","floor":22,"damage_taken":0},{"event_name":"Back to Basics","player_choice":"Simplicity","floor":25,"damage_taken":0},{"event_name":"Mysterious Sphere","player_choice":"Fight","floor":36,"damage_taken":0},{"event_name":"Winding Halls","player_choice":"Writhe","floor":38,"damage_taken":0}],"boss_relics":[{"not_picked":["Eternal Feather","Ectoplasm"],"picked":"Empty Cage"},{"not_picked":["Cursed Key","Runic Dome"],"picked":"Astrolabe"}],"items_purged_floors":[],"is_endless":false,"potions_floor_spawned":[1,4,14,28,30,31,35,39],"killed_by":"Giant Head","ascension_level":0}