{"gold_per_floor":[110,130,142,154,174,199,199,51,77,77],"floor_reached":10,"playtime":523,"items_purged":["Strike_G"],"score":105,"play_id":"b1351a51-65c9-42e8-85c4-05e68d5cf3ef","local_time":"20190324200440","is_ascension_mode":true,"campfire_choices":[{"data":"Neutralize","floor":7,"key":"SMITH"}],"neow_cost":"NONE","seed_source_timestamp":339722150612800,"circlet_count":0,"master_deck":["AscendersBane","Defend_G","Defend_G","Defend_G","Defend_G","Defend_G","Strike_G","Strike_G","Strike_G","Strike_G","Survivor","Neutralize+1","Escape Plan","Poisoned Stab","Leg Sweep","Dagger Spray","Caltrops","Crippling Poison","Bouncing Flask"],"relics":["Ring of the Snake","Anchor","Bottled Flame","Potion Belt"],"potions_floor_usage":[6],"damage_taken":[{"damage":0,"enemies":"Small Slimes","floor":1,"turns":4},{"damage":0,"enemies":"Jaw Worm","floor":2,"turns":3},{"damage":0,"enemies":"2 Louse","floor":3,"turns":2},{"damage":1,"enemies":"Looter","floor":4,"turns":5},{"damage":0,"enemies":"3 Louse","floor":5,"turns":4},{"damage":30,"enemies":"3 Sentries","floor":6,"turns":9},{"damage":33,"enemies":"3 Sentries","floor":10,"turns":4}],"seed_played":"7148894468395208135","potions_obtained":[{"floor":3,"key":"SpeedPotion"},{"floor":5,"key":"Weak Potion"}],"is_trial":false,"path_per_floor":["M","M","M","M","M","E","R","$","T","?"],"character_chosen":"THE_SILENT","items_purchased":["Bouncing Flask"],"campfire_rested":0,"item_purchase_floors":[8],"current_hp_per_floor":[63,63,63,62,62,32,32,32,32,0],"gold":77,"neow_bonus":"RANDOM_COMMON_RELIC","is_prod":false,"is_daily":false,"chose_seed":false,"campfire_upgraded":1,"win_rate":0,"timestamp":1553472280,"path_taken":["M","M","M","M","M","E","R","$","T","?"],"build_version":"2019-01-23","purchased_purges":1,"victory":false,"max_hp_per_floor":[70,70,70,70,70,70,70,70,70,70],"card_choices":[{"not_picked":["Slice","Bane"],"picked":"Escape Plan","floor":1},{"not_picked":["Sucker Punch","Deflect"],"picked":"Poisoned Stab","floor":2},{"not_picked":["Flying Knee","Sucker Punch"],"picked":"Leg Sweep","floor":3},{"not_picked":["Bane","Well Laid Plans"],"picked":"Dagger Spray","floor":4},{"not_picked":["Quick Slash","Deflect"],"picked":"Caltrops","floor":5},{"not_picked":["Deadly Poison","Quick Slash"],"picked":"Crippling Poison","floor":6}],"player_experience":350208,"relics_obtained":[{"floor":6,"key":"Bottled Flame"},{"floor":9,"key":"Potion Belt"}],"event_choices":[{"damage_healed":0,"gold_gain":0,"player_choice":"Searched \u00272\u0027 times","damage_taken":0,"max_hp_gain":0,"max_hp_loss":0,"event_name":"Dead Adventurer","floor":10,"gold_loss":0}],"is_beta":false,"boss_relics":[],"items_purged_floors":[8],"is_endless":false,"potions_floor_spawned":[3,5],"killed_by":"3 Sentries","ascension_level":10}