{"gold_per_floor":[113,128,146,3,13,42,42,54,79,106,106,131,156,56,56,132,132,143,143,156,31,31,31,60,60,60,60,60],"floor_reached":28,"playtime":1084,"items_purged":["Strike_R","Strike_R","Strike_R"],"score":517,"play_id":"3abec6b1-ed76-44d0-89d0-3bd8c8477ab7","local_time":"20190429135254","is_ascension_mode":true,"campfire_choices":[{"floor":7,"key":"REST"},{"floor":11,"key":"REST"},{"floor":15,"key":"REST"},{"data":"Demon Form","floor":23,"key":"SMITH"},{"data":"Uppercut","floor":25,"key":"SMITH"},{"data":"Bloodletting","floor":27,"key":"SMITH"}],"neow_cost":"TEN_PERCENT_HP_LOSS","seed_source_timestamp":0,"circlet_count":0,"master_deck":["AscendersBane","Strike_R","Defend_R","Defend_R","Defend_R","Bash","Hemokinesis","Infernal Blade","Shockwave","Bloodletting+1","Searing Blow","Combust","Headbutt","Feed","Uppercut+1","Carnage","Metallicize","Demon Form+1","Brutality","Feel No Pain"],"special_seed":0,"relics":["Black Blood","Bottled Tornado","Vajra","Happy Flower","Red Skull","Odd Mushroom","The Courier","Blue Candle"],"potions_floor_usage":[10,10,13,16,20,24,24,28],"damage_taken":[{"damage":3.0,"enemies":"2 Louse","floor":1.0,"turns":2.0},{"damage":10,"enemies":"Jaw Worm","floor":2,"turns":2},{"damage":3,"enemies":"Small Slimes","floor":3,"turns":3},{"damage":12,"enemies":"Looter","floor":5,"turns":3},{"damage":46,"enemies":"Gremlin Nob","floor":6,"turns":4},{"damage":15,"enemies":"Exordium Wildlife","floor":8,"turns":3},{"damage":22,"enemies":"3 Sentries","floor":10,"turns":4},{"damage":16,"enemies":"Gremlin Nob","floor":12,"turns":3},{"damage":6,"enemies":"The Mushroom Lair","floor":13,"turns":3},{"damage":7,"enemies":"Slime Boss","floor":16,"turns":7},{"damage":9,"enemies":"Chosen","floor":18,"turns":4},{"damage":15,"enemies":"Spheric Guardian","floor":20,"turns":3},{"damage":35,"enemies":"Book of Stabbing","floor":24,"turns":4},{"damage":48,"enemies":"Gremlin Leader","floor":28,"turns":3}],"seed_played":"-597665582490554102","potions_obtained":[{"floor":5,"key":"LiquidBronze"},{"floor":8,"key":"AttackPotion"},{"floor":10,"key":"SteroidPotion"},{"floor":12,"key":"SkillPotion"},{"floor":13,"key":"Strength Potion"},{"floor":18,"key":"Poison Potion"},{"floor":20,"key":"Fire Potion"},{"floor":24,"key":"SkillPotion"}],"is_trial":false,"path_per_floor":["M","M","M","$","M","E","R","M","T","E","R","E","?","$","R","B",null,"M","?","M","$","?","R","E","R","T","R","E"],"character_chosen":"IRONCLAD","items_purchased":["Combust"],"campfire_rested":3,"item_purchase_floors":[4],"current_hp_per_floor":[68,64,67,67,61,21,41,35,35,22,44,34,34,34,56,58,72,73,73,68,68,68,68,43,43,43,43,0],"gold":60,"neow_bonus":"TRANSFORM_TWO_CARDS","is_prod":false,"is_daily":false,"chose_seed":false,"campfire_upgraded":3,"win_rate":0,"timestamp":1556560374,"path_taken":["M","M","M","$","M","E","R","M","T","E","R","E","?","$","R","BOSS","M","?","M","$","?","R","E","R","T","R","E"],"build_version":"2019-01-23","purchased_purges":3,"victory":false,"max_hp_per_floor":[68,68,68,68,68,68,68,71,71,74,74,74,74,74,74,77,77,77,77,77,77,77,77,77,77,77,77,77],"card_choices":[{"not_picked":["Pommel Strike","Sword Boomerang"],"picked":"Shockwave","floor":1},{"not_picked":["Perfected Strike","Havoc"],"picked":"Bloodletting","floor":2},{"not_picked":["True Grit","Pommel Strike"],"picked":"Searing Blow","floor":3},{"not_picked":["Anger","Inflame"],"picked":"Headbutt","floor":5},{"not_picked":["Battle Trance","Sword Boomerang"],"picked":"Feed","floor":6},{"not_picked":["Second Wind","Flex"],"picked":"Uppercut","floor":8},{"not_picked":["Thunderclap","Twin Strike"],"picked":"Carnage","floor":10},{"not_picked":["Pommel Strike","True Grit"],"picked":"Metallicize","floor":12},{"not_picked":["Clash","Havoc"],"picked":"Demon Form","floor":13},{"not_picked":["Double Tap","Immolate"],"picked":"Brutality","floor":16},{"not_picked":["Ghostly Armor","Perfected Strike"],"picked":"Feel No Pain","floor":18},{"not_picked":["True Grit","Body Slam","Armaments"],"picked":"SKIP","floor":20},{"not_picked":["Headbutt","Armaments","Heavy Blade"],"picked":"SKIP","floor":24}],"player_experience":405523,"relics_obtained":[{"floor":6,"key":"Bottled Tornado"},{"floor":9,"key":"Vajra"},{"floor":10,"key":"Happy Flower"},{"floor":12,"key":"Red Skull"},{"floor":13,"key":"Odd Mushroom"},{"floor":24,"key":"The Courier"},{"floor":26,"key":"Blue Candle"}],"event_choices":[{"damage_healed":0,"gold_gain":0,"player_choice":"Fought Mushrooms","damage_taken":0,"max_hp_gain":0,"max_hp_loss":0,"event_name":"Mushrooms","floor":13,"gold_loss":0},{"damage_healed":0,"gold_gain":0,"player_choice":"Ignored","damage_taken":0,"max_hp_gain":0,"max_hp_loss":0,"event_name":"Vampires","floor":19,"gold_loss":0},{"damage_healed":0,"gold_gain":0,"player_choice":"Ignored","damage_taken":0,"max_hp_gain":0,"max_hp_loss":0,"event_name":"The Mausoleum","floor":22,"gold_loss":0}],"is_beta":false,"boss_relics":[{"not_picked":["Coffee Dripper","White Beast Statue"],"picked":"Black Blood"}],"items_purged_floors":[4,14,21],"is_endless":false,"potions_floor_spawned":[5,8,10,12,13,18,20,24],"killed_by":"Gremlin Leader","ascension_level":14}