{"gold_per_floor":[112,112,128,21,21,56,72,72,72,72,92,119,119,151,151,223,223,235,249,13,31,31,31,66,66,66,66,86,115,115,142,142,221,271,284,294,127,1126,529,529,529,562,562,562],"floor_reached":44,"playtime":2462,"items_purged":["Defend_R"],"score":1117,"play_id":"8ec162dc-358e-4a67-8443-d106395fa051","local_time":"20190602210936","is_ascension_mode":true,"campfire_choices":[{"data":"Bash","floor":8,"key":"SMITH"},{"data":"Shrug It Off","floor":10,"key":"SMITH"},{"data":"Anger","floor":13,"key":"SMITH"},{"data":"Inflame","floor":15,"key":"SMITH"},{"data":"Immolate","floor":23,"key":"SMITH"},{"data":"True Grit","floor":25,"key":"SMITH"},{"data":"Offering","floor":27,"key":"SMITH"},{"floor":30,"key":"REST"},{"floor":32,"key":"REST"},{"data":"Heavy Blade","floor":40,"key":"SMITH"}],"neow_cost":"TEN_PERCENT_HP_LOSS","seed_source_timestamp":608367490546100,"circlet_count":0,"master_deck":["AscendersBane","Strike_R","Strike_R","Strike_R","Strike_R","Strike_R","Defend_R","Defend_R","Defend_R","Bash+1","Pummel","Exhume","Anger+1","Shrug It Off+1","Inflame+1","Pommel Strike","Offering+1","Impervious","Inflame","True Grit+1","Immolate+1","Reaper","Feel No Pain","Burning Pact","Perfected Strike+1","True Grit","Ghostly Armor","Limit Break+1","Heavy Blade+1","Sword Boomerang","Flame Barrier","Fiend Fire","Good Instincts","Reaper"],"relics":["Burning Blood","Nunchaku","Sundial","WingedGreaves","Pear","Red Skull","Charon\u0027s Ashes","Orrery","Orichalcum","Ginger","Vajra","Omamori","Tiny House","Tiny Chest","OrangePellets","Girya","Bottled Lightning"],"potions_floor_usage":[12,14,16,21,28,33,35,36,42,42],"damage_taken":[{"damage":4,"enemies":"Jaw Worm","floor":1,"turns":5},{"damage":1,"enemies":"Cultist","floor":3,"turns":3},{"damage":40,"enemies":"3 Sentries","floor":6,"turns":10},{"damage":8,"enemies":"Small Slimes","floor":7,"turns":3},{"damage":7,"enemies":"Exordium Wildlife","floor":11,"turns":3},{"damage":0,"enemies":"Lagavulin","floor":12,"turns":5},{"damage":6,"enemies":"Gremlin Nob","floor":14,"turns":2},{"damage":22,"enemies":"Slime Boss","floor":16,"turns":6},{"damage":4,"enemies":"Chosen","floor":18,"turns":5},{"damage":23,"enemies":"2 Thieves","floor":19,"turns":4},{"damage":43,"enemies":"Shelled Parasite and Fungi","floor":21,"turns":5},{"damage":39,"enemies":"Gremlin Leader","floor":24,"turns":5},{"damage":24,"enemies":"Chosen and Byrds","floor":28,"turns":3},{"damage":29,"enemies":"Slavers","floor":29,"turns":4},{"damage":35,"enemies":"Book of Stabbing","floor":31,"turns":5},{"damage":67,"enemies":"Champ","floor":33,"turns":10},{"damage":23,"enemies":"Orb Walker","floor":35,"turns":4},{"damage":26,"enemies":"3 Darklings","floor":36,"turns":3},{"damage":57,"enemies":"Reptomancer","floor":42,"turns":5},{"damage":22,"enemies":"Transient","floor":44,"turns":2}],"seed_played":"-6246186484305730086","potions_obtained":[{"floor":1,"key":"Weak Potion"},{"floor":11,"key":"Swift Potion"},{"floor":12,"key":"SteroidPotion"},{"floor":18,"key":"FairyPotion"},{"floor":19,"key":"Regen Potion"},{"floor":24,"key":"BloodPotion"},{"floor":31,"key":"GamblersBrew"},{"floor":33,"key":"SteroidPotion"},{"floor":34,"key":"SpeedPotion"},{"floor":35,"key":"Regen Potion"},{"floor":42,"key":"LiquidBronze"}],"is_trial":false,"path_per_floor":["M","?","M","$","?","E","M","R","T","R","M","E","R","E","R","B",null,"M","M","$","M","?","R","E","R","T","R","M","E","R","E","R","B",null,"M","M","$","?","$","R","?","E","T","M"],"character_chosen":"IRONCLAD","items_purchased":["Shrug It Off","Inflame","Reaper","Feel No Pain","Burning Pact","Fiend Fire","Tiny Chest","OrangePellets","Swift Potion","Good Instincts"],"campfire_rested":2,"item_purchase_floors":[4,4,20,20,20,37,39,39,39,39],"current_hp_per_floor":[68,68,68,68,63,29,27,27,37,37,36,42,42,42,42,26,65,67,50,50,34,39,39,63,63,63,63,52,29,52,23,46,26,70,53,42,42,42,42,42,42,11,11,0],"gold":562,"neow_bonus":"ONE_RARE_RELIC","is_prod":false,"is_daily":false,"chose_seed":false,"campfire_upgraded":8,"win_rate":0,"timestamp":1559534976,"path_taken":["M","?","?","$","?","E","M","R","T","R","M","E","R","E","R","BOSS","M","M","$","M","?","R","E","R","T","R","?","E","R","E","R","BOSS","M","M","$","?","$","R","?","E","T","M"],"build_version":"2019-01-23","purchased_purges":1,"victory":false,"max_hp_per_floor":[68,68,68,68,68,68,68,68,78,78,78,78,78,78,78,78,78,78,78,78,78,78,78,78,78,78,78,78,78,78,78,78,78,83,83,83,83,83,83,83,79,79,79,79],"card_choices":[{"not_picked":["Body Slam","Wild Strike"],"picked":"Pummel","floor":1},{"not_picked":["Corruption","Havoc"],"picked":"Anger","floor":3},{"not_picked":["Intimidate","Wild Strike"],"picked":"Pommel Strike","floor":6},{"not_picked":["Thunderclap","Rupture","Reckless Charge"],"picked":"SKIP","floor":7},{"not_picked":["Flex","Body Slam","Dual Wield"],"picked":"SKIP","floor":11},{"not_picked":["Exhume","Cleave"],"picked":"Offering","floor":12},{"not_picked":["Armaments","Havoc"],"picked":"Cleave","floor":14},{"not_picked":["Juggernaut","Double Tap"],"picked":"Impervious","floor":16},{"not_picked":["Flex","Body Slam"],"picked":"Inflame","floor":17},{"not_picked":["Clothesline","Feel No Pain"],"picked":"True Grit","floor":18},{"not_picked":["Flex","Headbutt"],"picked":"Immolate","floor":19},{"not_picked":["Carnage","Clothesline"],"picked":"Perfected Strike+1","floor":21},{"not_picked":["Power Through","Pommel Strike","Feel No Pain"],"picked":"SKIP","floor":24},{"not_picked":["Power Through","Pommel Strike","Feel No Pain"],"picked":"SKIP","floor":24},{"not_picked":["Anger","Twin Strike"],"picked":"True Grit","floor":28},{"not_picked":["Perfected Strike","Seeing Red","Reckless Charge"],"picked":"SKIP","floor":29},{"not_picked":["Burning Pact","Perfected Strike"],"picked":"Ghostly Armor","floor":31},{"not_picked":["Double Tap","Impervious"],"picked":"Limit Break","floor":33},{"not_picked":["True Grit","Entrench"],"picked":"Heavy Blade","floor":34},{"not_picked":["Iron Wave","Perfected Strike"],"picked":"Sword Boomerang","floor":35},{"not_picked":["Clash+1","Wild Strike"],"picked":"Flame Barrier","floor":36},{"not_picked":["Ghostly Armor+1","Iron Wave"],"picked":"Reaper","floor":42}],"player_experience":503786,"relics_obtained":[{"floor":6,"key":"WingedGreaves"},{"floor":9,"key":"Pear"},{"floor":12,"key":"Red Skull"},{"floor":14,"key":"Charon\u0027s Ashes"},{"floor":24,"key":"Orichalcum"},{"floor":26,"key":"Ginger"},{"floor":29,"key":"Vajra"},{"floor":31,"key":"Omamori"},{"floor":42,"key":"Girya"},{"floor":43,"key":"Bottled Lightning"}],"event_choices":[{"damage_healed":0,"gold_gain":0,"player_choice":"1 cards matched","damage_taken":0,"max_hp_gain":0,"max_hp_loss":0,"event_name":"Match and Keep!","floor":2,"gold_loss":0,"cards_obtained":["Exhume"]},{"damage_healed":0,"gold_gain":0,"player_choice":"Success","damage_taken":5,"relics_obtained":["Sundial"],"max_hp_gain":0,"max_hp_loss":0,"event_name":"Scrap Ooze","floor":5,"gold_loss":0},{"cards_removed":["Cleave"],"damage_healed":5,"gold_gain":0,"player_choice":"Offered Common","damage_taken":0,"max_hp_gain":0,"max_hp_loss":0,"event_name":"Bonfire Elementals","floor":22,"gold_loss":0},{"cards_removed":["Cleave"],"damage_healed":5,"gold_gain":0,"player_choice":"Offered Special","damage_taken":0,"max_hp_gain":0,"max_hp_loss":0,"event_name":"Bonfire Elementals","floor":22,"gold_loss":0},{"damage_healed":0,"gold_gain":999,"player_choice":"Gold","damage_taken":0,"max_hp_gain":0,"max_hp_loss":0,"event_name":"MindBloom","floor":38,"gold_loss":0,"cards_obtained":["Normality","Normality"]},{"damage_healed":0,"gold_gain":0,"player_choice":"Max HP","damage_taken":0,"max_hp_gain":0,"max_hp_loss":4,"event_name":"Winding Halls","floor":41,"gold_loss":0}],"is_beta":false,"boss_relics":[{"not_picked":["Mark of Pain","Black Blood"],"picked":"Orrery"},{"not_picked":["Pandora\u0027s Box","Black Star"],"picked":"Tiny House"}],"items_purged_floors":[39],"is_endless":false,"potions_floor_spawned":[1,11,12,18,19,24,31,33,35,42],"killed_by":"Transient","ascension_level":19}