{"gold_per_floor":[109,123,123,140,153,153,180,191,215,226,226,246,246,265,265,340,340,359,1,1,1,1,1,1],"floor_reached":24,"playtime":898,"items_purged":["Strike_R"],"score":391,"play_id":"ca8e4085-ab72-4c6a-b4b5-1e1e1b92f530","local_time":"20190508004100","is_ascension_mode":true,"campfire_choices":[{"data":"Clothesline","floor":6,"key":"SMITH"},{"floor":13,"key":"REST"},{"data":"Bash","floor":15,"key":"SMITH"},{"data":"Offering","floor":23,"key":"SMITH"}],"neow_cost":"NONE","seed_source_timestamp":328532461715500,"circlet_count":0,"master_deck":["AscendersBane","Defend_R","Defend_R","Defend_R","Defend_R","Bash+1","Impatience","Intimidate","Spot Weakness","Clothesline+1","Cleave","Clash","Clash","Infernal Blade","Clash","Offering+1","Bite","Bite","Bite","Bite","Bite"],"relics":["Burning Blood","Regal Pillow","Eternal Feather","Sundial"],"potions_floor_usage":[7,7,16,16],"damage_taken":[{"damage":9,"enemies":"Jaw Worm","floor":1,"turns":4},{"damage":7,"enemies":"Small Slimes","floor":2,"turns":3},{"damage":0,"enemies":"2 Louse","floor":4,"turns":3},{"damage":11,"enemies":"Exordium Wildlife","floor":5,"turns":4},{"damage":44,"enemies":"Lagavulin","floor":7,"turns":9},{"damage":5,"enemies":"Blue Slaver","floor":8,"turns":3},{"damage":14,"enemies":"3 Louse","floor":10,"turns":3},{"damage":6,"enemies":"Looter","floor":12,"turns":3},{"damage":4,"enemies":"Exordium Thugs","floor":14,"turns":3},{"damage":36,"enemies":"The Guardian","floor":16,"turns":15},{"damage":21,"enemies":"Chosen","floor":18,"turns":5},{"damage":59,"enemies":"Gremlin Leader","floor":24,"turns":4}],"seed_played":"4137302294159286410","potions_obtained":[{"floor":2,"key":"Poison Potion"},{"floor":5,"key":"Block Potion"},{"floor":10,"key":"PowerPotion"},{"floor":12,"key":"Swift Potion"}],"is_trial":false,"path_per_floor":["M","M","?","M","M","R","E","M","T","M","?","M","R","M","R","B",null,"M","$","?","?","?","R","E"],"character_chosen":"IRONCLAD","items_purchased":["Sundial"],"campfire_rested":1,"item_purchase_floors":[19],"current_hp_per_floor":[65,64,59,65,60,60,22,25,25,19,19,21,58,62,62,34,65,52,52,31,31,31,43,0],"gold":1,"neow_bonus":"RANDOM_COLORLESS","is_prod":false,"is_daily":false,"chose_seed":false,"campfire_upgraded":3,"win_rate":0,"timestamp":1557290460,"path_taken":["M","M","?","M","M","R","E","M","T","M","?","M","R","M","R","BOSS","M","$","?","?","?","R","E"],"build_version":"2019-01-23","purchased_purges":1,"victory":false,"max_hp_per_floor":[75,75,75,75,75,75,75,75,75,75,75,75,75,75,75,75,75,75,75,80,80,80,80,80],"card_choices":[{"not_picked":["Warcry","Dual Wield"],"picked":"Intimidate","floor":1},{"not_picked":["Metallicize","Thunderclap"],"picked":"Spot Weakness","floor":2},{"not_picked":["Flex","Havoc"],"picked":"Clothesline","floor":4},{"not_picked":["Armaments","Double Tap"],"picked":"Cleave","floor":5},{"not_picked":["Flex","Blood for Blood"],"picked":"Clash","floor":7},{"not_picked":["Seeing Red","Anger"],"picked":"Clash","floor":8},{"not_picked":["Dual Wield","Entrench"],"picked":"Infernal Blade","floor":10},{"not_picked":["Sentinel","Hemokinesis"],"picked":"Clash","floor":12},{"not_picked":["Feel No Pain","Twin Strike","Havoc"],"picked":"SKIP","floor":14},{"not_picked":["Demon Form","Reaper"],"picked":"Offering","floor":16},{"not_picked":["Anger","Combust","Ghostly Armor"],"picked":"SKIP","floor":18}],"player_experience":425747,"relics_obtained":[{"floor":7,"key":"Blood Vial"},{"floor":9,"key":"Regal Pillow"}],"event_choices":[{"damage_healed":0,"gold_gain":0,"player_choice":"Fled","damage_taken":5,"max_hp_gain":0,"max_hp_loss":0,"event_name":"Scrap Ooze","floor":3,"gold_loss":0},{"damage_healed":0,"gold_gain":0,"player_choice":"Ignored","damage_taken":0,"max_hp_gain":0,"max_hp_loss":0,"event_name":"Liars Game","floor":11,"gold_loss":0},{"damage_healed":0,"gold_gain":0,"player_choice":"Shed Blood","damage_taken":26,"max_hp_gain":5,"max_hp_loss":0,"event_name":"Forgotten Altar","floor":20,"gold_loss":0},{"damage_healed":0,"gold_gain":0,"player_choice":"Became a vampire (Vial)","damage_taken":0,"max_hp_gain":0,"max_hp_loss":0,"event_name":"Vampires","floor":21,"relics_lost":["Blood Vial"],"gold_loss":0,"cards_obtained":["Bite","Bite","Bite","Bite","Bite"]},{"damage_healed":0,"gold_gain":0,"player_choice":"Ignored","damage_taken":0,"max_hp_gain":0,"max_hp_loss":0,"event_name":"The Mausoleum","floor":22,"gold_loss":0}],"is_beta":false,"boss_relics":[{"not_picked":["Ectoplasm","Velvet Choker"],"picked":"Eternal Feather"}],"items_purged_floors":[19],"is_endless":false,"potions_floor_spawned":[2,5,10,12,14],"killed_by":"Gremlin Leader","ascension_level":17}