{"gold_per_floor":[110,110,110,123,198,198,233,233,233,233,243,257,257,288,288,362,362,362,362,362,362,362,362,3,3,3,3,3,3,3,3,3,3,3,3,3,3,3,3,3,3,3,3,3,3,3,3,0,0,0],"floor_reached":51,"playtime":6820,"items_purged":["Strike_G"],"score":1153,"play_id":"58d27407-49cf-45be-8a3b-1d194d702f4f","local_time":"20190609175337","is_ascension_mode":true,"campfire_choices":[{"floor":6.0,"key":"REST"},{"floor":8.0,"key":"REST"},{"floor":13.0,"key":"REST"},{"floor":15.0,"key":"REST"},{"floor":23.0,"key":"REST"},{"data":"Noxious Fumes","floor":25.0,"key":"SMITH"},{"floor":30.0,"key":"REST"},{"floor":32.0,"key":"REST"},{"floor":40.0,"key":"REST"},{"floor":47,"key":"REST"},{"floor":49,"key":"REST"}],"neow_cost":"NONE","seed_source_timestamp":1720403393587800,"circlet_count":0,"master_deck":["AscendersBane","Defend_G","Defend_G","Defend_G","Defend_G","Strike_G","Strike_G+1","Strike_G","Strike_G","Survivor","Neutralize","Cloak And Dagger","Backflip","PiercingWail","Footwork","Noxious Fumes+1","Escape Plan","Thinking Ahead","Crippling Poison","Cloak And Dagger","Deadly Poison+1","Dash","Crippling Poison","Cloak And Dagger+1","Blur","Blur+1","Backflip","Impatience"],"special_seed":0,"relics":["Lizard Tail","Oddly Smooth Stone","Bronze Scales","Lantern","Ectoplasm","Thread and Needle","Potion Belt","Nunchaku","Letter Opener","Tiny House","Peace Pipe","Shovel","Bottled Tornado","Red Mask"],"potions_floor_usage":[42,42,50],"damage_taken":[{"damage":3.0,"enemies":"2 Louse","floor":1.0,"turns":4.0},{"damage":4.0,"enemies":"Small Slimes","floor":4.0,"turns":7.0},{"damage":40.0,"enemies":"Lagavulin","floor":7.0,"turns":8.0},{"damage":1.0,"enemies":"Cultist","floor":11.0,"turns":4.0},{"damage":0.0,"enemies":"2 Fungi Beasts","floor":12.0,"turns":4.0},{"damage":64.0,"enemies":"Gremlin Nob","floor":14.0,"turns":7.0},{"damage":28.0,"enemies":"The Guardian","floor":16.0,"turns":14.0},{"damage":12.0,"enemies":"Chosen","floor":18.0,"turns":5.0},{"damage":9.0,"enemies":"Shell Parasite","floor":20.0,"turns":7.0},{"damage":13.0,"enemies":"Cultist and Chosen","floor":21.0,"turns":8.0},{"damage":7.0,"enemies":"Shelled Parasite and Fungi","floor":22.0,"turns":8.0},{"damage":0.0,"enemies":"Sentry and Sphere","floor":27.0,"turns":8.0},{"damage":0.0,"enemies":"Book of Stabbing","floor":28.0,"turns":7.0},{"damage":6.0,"enemies":"Colosseum Slavers","floor":29.0,"turns":5.0},{"damage":24.0,"enemies":"Colosseum Nobs","floor":29.0,"turns":5.0},{"damage":24.0,"enemies":"Champ","floor":33.0,"turns":14.0},{"damage":0.0,"enemies":"3 Shapes","floor":35.0,"turns":4.0},{"damage":18.0,"enemies":"2 Orb Walkers","floor":37.0,"turns":6.0},{"damage":3.0,"enemies":"3 Darklings","floor":39.0,"turns":5.0},{"damage":14.0,"enemies":"Spire Growth","floor":41.0,"turns":7.0},{"damage":7,"enemies":"Reptomancer","floor":42,"turns":11},{"damage":6,"enemies":"4 Shapes","floor":45,"turns":4},{"damage":3,"enemies":"Jaw Worm Horde","floor":46,"turns":4},{"damage":57,"enemies":"Donu and Deca","floor":50,"turns":12}],"seed_played":"-6887942509948062977","potions_obtained":[{"floor":4.0,"key":"FearPotion"},{"floor":7.0,"key":"Swift Potion"},{"floor":22.0,"key":"Explosive Potion"},{"floor":27.0,"key":"Swift Potion"},{"floor":29.0,"key":"LiquidBronze"},{"floor":33.0,"key":"Fire Potion"},{"floor":34.0,"key":"Energy Potion"},{"floor":35.0,"key":"Block Potion"},{"floor":41.0,"key":"Fire Potion"}],"is_trial":false,"path_per_floor":["M","?","?","M","?","R","E","R","T","?","M","M","R","E","R","B",null,"M","?","M","M","M","R","$","R","T","M","E","?","R","$","R","B",null,"M","$","?","?","M","R","M","E","T","?","M","M","R","?","R","B",null],"character_chosen":"THE_SILENT","items_purchased":["Thinking Ahead","Crippling Poison","Cloak And Dagger"],"campfire_rested":10,"item_purchase_floors":[24,24,24],"current_hp_per_floor":[56,49,49,45,34,53,13,32,32,32,31,31,50,33,52,24,56,44,66,57,44,37,56,56,56,56,56,56,26,45,45,64,40,65,65,65,47,47,44,65,51,44,44,44,38,35,56,56,71,14],"gold":0,"neow_bonus":"BOSS_RELIC","is_prod":false,"is_daily":false,"chose_seed":false,"campfire_upgraded":1,"win_rate":0,"timestamp":1560117217,"path_taken":["M","?","?","?","?","R","E","R","T","?","M","M","R","E","R","BOSS","M","?","M","M","M","R","$","R","T","M","E","?","R","?","R","BOSS","M","$","?","?","M","R","M","E","T","?","M","?","R","?","R","BOSS"],"build_version":"2019-01-23","purchased_purges":1,"victory":true,"max_hp_per_floor":[66,66,66,66,66,66,66,66,66,66,66,66,66,66,66,66,66,66,66,66,66,66,66,66,66,66,66,66,66,66,66,66,66,71,71,71,71,71,71,71,71,71,71,71,71,71,71,71,71,71],"card_choices":[{"not_picked":["Dodge and Roll","Deflect"],"picked":"Cloak And Dagger","floor":1.0},{"not_picked":["PiercingWail","Bane"],"picked":"Backflip","floor":4.0},{"not_picked":["Grand Finale","Bane"],"picked":"PiercingWail","floor":7.0},{"not_picked":["Eviscerate","Prepared","Underhanded Strike"],"picked":"SKIP","floor":11.0},{"not_picked":["Prepared","Deadly Poison"],"picked":"Footwork","floor":12.0},{"not_picked":["Concentrate","Blade Dance"],"picked":"Noxious Fumes","floor":14.0},{"not_picked":["Glass Knife","A Thousand Cuts"],"picked":"Die Die Die","floor":16.0},{"not_picked":["PiercingWail","Cloak And Dagger"],"picked":"Escape Plan","floor":18.0},{"not_picked":["Prepared","Blade Dance","Slice"],"picked":"SKIP","floor":20.0},{"not_picked":["PiercingWail","Prepared","Finisher"],"picked":"SKIP","floor":21.0},{"not_picked":["Masterful Stab","Flying Knee","Blade Dance"],"picked":"SKIP","floor":22.0},{"not_picked":["Terror","Slice","Concentrate"],"picked":"SKIP","floor":27.0},{"not_picked":["Masterful Stab","Eviscerate"],"picked":"Deadly Poison+1","floor":28.0},{"not_picked":["Endless Agony","All Out Attack"],"picked":"Dash","floor":29.0},{"not_picked":["Riddle With Holes+1","Flechettes"],"picked":"Crippling Poison","floor":34.0},{"not_picked":["Skewer","Quick Slash"],"picked":"Cloak And Dagger+1","floor":35.0},{"not_picked":["Underhanded Strike","Skewer+1"],"picked":"Blur","floor":37.0},{"not_picked":["Sucker Punch","Choke","Quick Slash"],"picked":"SKIP","floor":39.0},{"not_picked":["Flying Knee","Calculated Gamble"],"picked":"Blur+1","floor":41.0},{"not_picked":["PiercingWail","Outmaneuver+1"],"picked":"Backflip","floor":42},{"not_picked":["PanicButton","Mind Blast"],"picked":"Impatience","floor":44},{"not_picked":["Dagger Throw+1","All Out Attack","Reflex"],"picked":"SKIP","floor":45},{"not_picked":["Bane","Wraith Form v2","Acrobatics"],"picked":"SKIP","floor":46}],"player_experience":1138717,"relics_obtained":[{"floor":7.0,"key":"Oddly Smooth Stone"},{"floor":9.0,"key":"Bronze Scales"},{"floor":14.0,"key":"Lantern"},{"floor":26.0,"key":"Thread and Needle"},{"floor":28.0,"key":"Potion Belt"},{"floor":29.0,"key":"Nunchaku"},{"floor":29.0,"key":"Letter Opener"},{"floor":37.0,"key":"Peace Pipe"},{"floor":42,"key":"Shovel"},{"floor":43,"key":"Bottled Tornado"}],"event_choices":[{"cards_removed":["Defend_G"],"damage_healed":0.0,"max_hp_gain":0.0,"max_hp_loss":0.0,"gold_gain":0.0,"event_name":"Golden Wing","player_choice":"Card Removal","floor":2.0,"gold_loss":0.0,"damage_taken":7.0},{"damage_healed":0.0,"max_hp_gain":0.0,"max_hp_loss":0.0,"gold_gain":0.0,"event_name":"The Woman in Blue","player_choice":"Bought 0 Potions","floor":3.0,"gold_loss":0.0,"damage_taken":0.0},{"damage_healed":0.0,"max_hp_gain":0.0,"max_hp_loss":0.0,"gold_gain":75.0,"event_name":"World of Goop","player_choice":"Gather Gold","floor":5.0,"gold_loss":0.0,"damage_taken":11.0},{"damage_healed":0.0,"max_hp_gain":0.0,"max_hp_loss":0.0,"gold_gain":0.0,"event_name":"Shining Light","player_choice":"Ignored","floor":10.0,"gold_loss":0.0,"damage_taken":0.0},{"damage_healed":22.0,"max_hp_gain":0.0,"max_hp_loss":0.0,"gold_gain":0.0,"event_name":"The Library","player_choice":"Heal","floor":19.0,"gold_loss":0.0,"damage_taken":0.0},{"damage_healed":0.0,"max_hp_gain":0.0,"max_hp_loss":0.0,"gold_gain":0.0,"event_name":"Colosseum","player_choice":"Fight","floor":29.0,"gold_loss":0.0,"damage_taken":0.0},{"damage_healed":0.0,"max_hp_gain":0.0,"max_hp_loss":0.0,"gold_gain":0.0,"event_name":"Colosseum","player_choice":"Fought Nobs","floor":29.0,"gold_loss":0.0,"damage_taken":0.0},{"damage_healed":0.0,"max_hp_gain":0.0,"max_hp_loss":0.0,"gold_gain":0.0,"event_name":"Mysterious Sphere","player_choice":"Fight","floor":37.0,"gold_loss":0.0,"damage_taken":0.0},{"cards_removed":["Die Die Die"],"damage_healed":0.0,"max_hp_gain":0.0,"max_hp_loss":0.0,"gold_gain":0.0,"event_name":"Falling","player_choice":"Removed Attack","floor":38.0,"gold_loss":0.0,"damage_taken":0.0},{"damage_healed":0,"gold_gain":0,"player_choice":"Memory 1","damage_taken":0,"max_hp_gain":0,"max_hp_loss":0,"event_name":"SensoryStone","floor":44,"gold_loss":0},{"damage_healed":0,"gold_gain":0,"player_choice":"Paid","damage_taken":0,"relics_obtained":["Red Mask"],"max_hp_gain":0,"max_hp_loss":0,"event_name":"Tomb of Lord Red Mask","floor":48,"gold_loss":3}],"is_beta":false,"boss_relics":[{"not_picked":["Busted Crown","Black Star"],"picked":"Ectoplasm"},{"not_picked":["Cursed Key","Astrolabe"],"picked":"Tiny House"}],"items_purged_floors":[24],"is_endless":false,"potions_floor_spawned":[4,7,22,27,29,29,33,35,41],"ascension_level":14}