{"gold_per_floor":[114,94,94,107,120,145,145,179,179,3,27,42,2,22,22,126,126,145,157,157,117,146,180,197,197,197,211,236,262,274,306,318,330],"floor_reached":33,"playtime":2100,"items_purged":[],"score":386,"play_id":"1b6f8f02-50d7-42a6-9918-b24fbfc59d72","local_time":"20180831012508","is_ascension_mode":true,"campfire_choices":[{"floor":7,"key":"REST"},{"floor":15,"key":"REST"},{"floor":25,"key":"REST"},{"floor":30,"key":"REST"},{"floor":32,"key":"REST"}],"neow_cost":"","seed_source_timestamp":1366644373412404,"circlet_count":0,"master_deck":["Defend_G+1","Defend_G+1","Defend_G+1","Defend_G+1","Defend_G+1","Strike_G+1","Strike_G+1","Strike_G+1","Strike_G+1","Strike_G+1","Survivor","Neutralize","Dodge and Roll","Terror","Dash","Backflip","Noxious Fumes","Noxious Fumes","PiercingWail","Backflip","Infinite Blades","Skewer","Leg Sweep","A Thousand Cuts+1","PiercingWail+1","Blur","Flying Knee+1","Poisoned Stab+1","Leg Sweep+1","Pain","Backflip+1","Infinite Blades","PiercingWail","Sucker Punch+1"],"relics":["Ring of the Snake","Blood Vial","Ice Cream","Mummified Hand","Orichalcum","Cursed Key","Red Mask","Snake Skull","Dodecahedron","MawBank"],"potions_floor_usage":[6,22,22,33],"damage_taken":[{"damage":2,"enemies":"2 Louse","floor":1,"turns":3},{"damage":0,"enemies":"Cultist","floor":4,"turns":4},{"damage":0,"enemies":"Jaw Worm","floor":5,"turns":4},{"damage":19,"enemies":"Gremlin Nob","floor":6,"turns":5},{"damage":22,"enemies":"Lagavulin","floor":8,"turns":8},{"damage":0,"enemies":"Blue Slaver","floor":12,"turns":5},{"damage":0,"enemies":"3 Louse","floor":14,"turns":3},{"damage":5,"enemies":"The Guardian","floor":16,"turns":9},{"damage":0,"enemies":"Shell Parasite","floor":18,"turns":6},{"damage":3,"enemies":"Chosen","floor":19,"turns":4},{"damage":34,"enemies":"Masked Bandits","floor":22,"turns":4},{"damage":7,"enemies":"Slavers","floor":23,"turns":5},{"damage":3,"enemies":"Snake Plant","floor":24,"turns":4},{"damage":4,"enemies":"Chosen and Byrds","floor":27,"turns":6},{"damage":5,"enemies":"Book of Stabbing","floor":28,"turns":6},{"damage":11,"enemies":"Centurion and Healer","floor":29,"turns":6},{"damage":23,"enemies":"Snake Plant","floor":31,"turns":4},{"damage":72,"enemies":"Collector","floor":33,"turns":8}],"seed_played":"2835732162411247550","potions_obtained":[{"floor":2,"key":"FairyPotion"},{"floor":5,"key":"Weak Potion"},{"floor":8,"key":"SpeedPotion"},{"floor":12,"key":"LiquidBronze"},{"floor":16,"key":"Block Potion"},{"floor":22,"key":"Weak Potion"},{"floor":28,"key":"Energy Potion"},{"floor":29,"key":"Energy Potion"}],"is_trial":false,"path_per_floor":["M","?","?","M","M","E","R","E","T","$","T","M","$","M","R","B",null,"M","M","?","?","?","E","M","R","T","M","E","M","R","M","R"],"character_chosen":"THE_SILENT","items_purchased":["Noxious Fumes","PiercingWail","Backflip","Skewer"],"campfire_rested":5,"item_purchase_floors":[10,10,10,13],"current_hp_per_floor":[68,68,54,54,54,35,56,36,36,36,36,38,38,40,61,58,70,70,67,67,67,35,30,29,50,50,48,45,36,57,36,57,0],"gold":330,"neow_bonus":"","is_prod":false,"is_daily":false,"chose_seed":false,"campfire_upgraded":0,"win_rate":0,"timestamp":1535693108,"path_taken":["M","?","?","?","M","E","R","E","T","$","?","?","$","M","R","BOSS","M","M","?","?","?","E","M","R","T","M","E","M","R","?","R","BOSS"],"build_version":"2018-08-30","purchased_purges":0,"victory":false,"max_hp_per_floor":[70,70,70,70,70,70,70,70,70,70,70,70,70,70,70,70,70,70,70,70,70,70,70,70,70,70,70,70,70,70,70,70,70],"card_choices":[{"not_picked":["Cloak And Dagger","Slice"],"picked":"Dodge and Roll","floor":1},{"not_picked":["Prepared","All Out Attack"],"picked":"Terror","floor":4},{"not_picked":["Quick Slash","Poisoned Stab"],"picked":"Dash","floor":5},{"not_picked":["Eviscerate","Heel Hook"],"picked":"Backflip","floor":6},{"not_picked":["Venomology","Dagger Throw"],"picked":"Noxious Fumes","floor":8},{"not_picked":["Caltrops","Eviscerate"],"picked":"Infinite Blades","floor":12},{"not_picked":["Catalyst","Expertise"],"picked":"Leg Sweep","floor":14},{"not_picked":["Die Die Die","Wraith Form v2"],"picked":"A Thousand Cuts","floor":16},{"not_picked":["Flying Knee","Deadly Poison"],"picked":"PiercingWail+1","floor":18},{"not_picked":["Quick Slash","Deadly Poison"],"picked":"Blur","floor":19},{"not_picked":["Reflex","Eviscerate"],"picked":"Flying Knee+1","floor":22},{"not_picked":["Escape Plan","Acrobatics"],"picked":"Poisoned Stab+1","floor":23},{"not_picked":["Cloak And Dagger","Slice"],"picked":"Leg Sweep+1","floor":24},{"not_picked":["Accuracy","PiercingWail"],"picked":"Backflip+1","floor":27},{"not_picked":["All Out Attack+1","Masterful Stab"],"picked":"Infinite Blades","floor":28},{"not_picked":["Prepared+1","Cloak And Dagger"],"picked":"PiercingWail","floor":29},{"not_picked":["Dagger Throw","Calculated Gamble"],"picked":"Sucker Punch+1","floor":31}],"player_experience":124347,"relics_obtained":[{"floor":6,"key":"Blood Vial"},{"floor":8,"key":"Ice Cream"},{"floor":9,"key":"Mummified Hand"},{"floor":11,"key":"Orichalcum"},{"floor":22,"key":"Red Mask"},{"floor":23,"key":"Snake Skull"},{"floor":26,"key":"Dodecahedron"},{"floor":28,"key":"MawBank"}],"event_choices":[{"event_name":"The Woman in Blue","player_choice":"Bought 1 Potion","floor":2,"damage_taken":0},{"event_name":"Shining Light","player_choice":"Entered Light","floor":3,"damage_taken":0},{"event_name":"Back to Basics","player_choice":"Simplicity","floor":20,"damage_taken":0},{"event_name":"Designer","player_choice":"Upgrade Card","floor":21,"damage_taken":0},{"event_name":"Masked Bandits","player_choice":"Fought Bandits","floor":22,"damage_taken":0}],"is_beta":false,"boss_relics":[{"not_picked":["HoveringKite","Ring of the Serpent"],"picked":"Cursed Key"}],"items_purged_floors":[],"is_endless":false,"potions_floor_spawned":[5,8,12,14,16,18,22,28,29],"killed_by":"Collector","ascension_level":4}