{"gold_per_floor":[114,34,49,64,64,94,94,124,124,124,154,154,4,4,4,104,104,119,134,149,54,54,84,84,99,99,99,114,129,129,159,171,283,295,322,334,346,373,412,454,481,508,545,572,117,132,132,147,147,147],"floor_reached":50,"playtime":4482,"items_purged":["Decay"],"score":534,"play_id":"338e17cd-951e-4d71-9212-333c17c82b15","local_time":"20190309002845","daily_mods":["SealedDeck","Time Dilation","Binary"],"is_ascension_mode":false,"campfire_choices":[{"data":"Rampage","floor":7.0,"key":"SMITH"},{"data":"Juggernaut","floor":10.0,"key":"SMITH"},{"data":"Armaments","floor":12.0,"key":"SMITH"},{"data":"Seeing Red","floor":15.0,"key":"SMITH"},{"data":"Heavy Blade","floor":24.0,"key":"PURGE"},{"data":"Clothesline","floor":30.0,"key":"SMITH"},{"data":"Exhume","floor":32.0,"key":"SMITH"},{"floor":47.0,"key":"REST"},{"floor":49.0,"key":"REST"}],"neow_cost":"","seed_source_timestamp":0,"circlet_count":0,"master_deck":["Metallicize","Sword Boomerang","Iron Wave","Armaments+1","Sever Soul","Burning Pact","Seeing Red+1","Rampage+1","Cleave","Shrug It Off","Second Wind","Juggernaut+1","Iron Wave","Exhume+1","Headbutt","Finesse","Rampage+1","Clothesline+1","Shrug It Off","Double Tap","Ghostly Armor","Corruption+1","Flame Barrier","Wild Strike+1","Dual Wield","Pommel Strike","Dark Embrace+1"],"special_seed":17963,"relics":["Burning Blood","Bronze Scales","Potion Belt","PreservedInsect","Frozen Egg 2","Lantern","Bag of Preparation","Self Forming Clay","Runic Dome","Peace Pipe","Turnip","MawBank","Orrery","Omamori","Boot","Pantograph"],"potions_floor_usage":[50,50,50],"damage_taken":[{"damage":0.0,"enemies":"Cultist","floor":1.0,"turns":2.0},{"damage":0.0,"enemies":"Small Slimes","floor":3.0,"turns":2.0},{"damage":0.0,"enemies":"2 Louse","floor":4.0,"turns":2.0},{"damage":22.0,"enemies":"Gremlin Nob","floor":6.0,"turns":4.0},{"damage":3.0,"enemies":"3 Sentries","floor":8.0,"turns":4.0},{"damage":12.0,"enemies":"Lagavulin","floor":11.0,"turns":4.0},{"damage":5.0,"enemies":"The Guardian","floor":16.0,"turns":6.0},{"damage":0.0,"enemies":"Shell Parasite","floor":18.0,"turns":2.0},{"damage":0.0,"enemies":"3 Byrds","floor":19.0,"turns":2.0},{"damage":12.0,"enemies":"Cultist and Chosen","floor":20.0,"turns":5.0},{"damage":2.0,"enemies":"Gremlin Leader","floor":23.0,"turns":5.0},{"damage":0.0,"enemies":"Shelled Parasite and Fungi","floor":25.0,"turns":2.0},{"damage":0.0,"enemies":"Centurion and Healer","floor":28.0,"turns":4.0},{"damage":14.0,"enemies":"Sentry and Sphere","floor":29.0,"turns":4.0},{"damage":1.0,"enemies":"Book of Stabbing","floor":31.0,"turns":4.0},{"damage":25.0,"enemies":"Champ","floor":33.0,"turns":8.0},{"damage":5.0,"enemies":"3 Shapes","floor":35.0,"turns":4.0},{"damage":15.0,"enemies":"3 Darklings","floor":38.0,"turns":5.0},{"damage":22.0,"enemies":"Transient","floor":39.0,"turns":5.0},{"damage":20.0,"enemies":"Nemesis","floor":40.0,"turns":7.0},{"damage":25.0,"enemies":"Maw","floor":41.0,"turns":8.0},{"damage":13.0,"enemies":"Spire Growth","floor":42.0,"turns":4.0},{"damage":10.0,"enemies":"Sphere and 2 Shapes","floor":44.0,"turns":4.0},{"damage":9.0,"enemies":"3 Darklings","floor":46.0,"turns":3.0},{"damage":18.0,"enemies":"4 Shapes","floor":48.0,"turns":5.0},{"damage":73,"enemies":"Awakened One","floor":50,"turns":10}],"seed_played":"-4512309854435901200","potions_obtained":[{"floor":1.0,"key":"EssenceOfSteel"},{"floor":4.0,"key":"Swift Potion"},{"floor":8.0,"key":"Strength Potion"},{"floor":19.0,"key":"SpeedPotion"},{"floor":23.0,"key":"SpeedPotion"},{"floor":28.0,"key":"Ancient Potion"},{"floor":29.0,"key":"Ancient Potion"},{"floor":31.0,"key":"Fruit Juice"},{"floor":38.0,"key":"Energy Potion"},{"floor":40.0,"key":"Strength Potion"},{"floor":42.0,"key":"Dexterity Potion"},{"floor":44.0,"key":"GamblersBrew"},{"floor":46.0,"key":"Poison Potion"}],"is_trial":false,"path_per_floor":["M","$","M","M","?","E","R","E","T","R","E","R","$","?","R","B",null,"M","M","M","$","?","E","R","M","T","?","M","M","R","E","R","B",null,"M","?","?","M","M","E","M","M","T","M","$","M","R","M","R","B"],"character_chosen":"IRONCLAD","items_purchased":["Second Wind","Bag of Preparation","Finesse","Dark Embrace+1","Pantograph"],"campfire_rested":2,"item_purchase_floors":[2,13,21,45,45],"current_hp_per_floor":[80,80,80,80,68,52,52,55,55,55,49,49,49,49,49,50,80,80,80,74,74,74,78,78,80,80,80,80,72,72,77,77,63,85,85,85,81,72,56,42,23,16,16,12,12,9,33,21,45,0],"gold":147,"neow_bonus":"","is_prod":false,"is_daily":true,"chose_seed":false,"campfire_upgraded":6,"win_rate":0,"timestamp":1552080525,"path_taken":["M","?","?","M","?","E","R","E","T","R","E","R","$","?","R","BOSS","M","M","?","$","?","E","R","M","T","?","?","?","R","E","R","BOSS","M","?","?","M","M","E","M","M","T","M","$","M","R","M","R","BOSS"],"build_version":"2019-01-23","purchased_purges":1,"victory":false,"max_hp_per_floor":[80,80,80,80,80,80,80,80,80,80,80,80,80,80,80,80,80,80,80,80,80,80,80,80,80,80,80,80,80,80,80,80,85,85,85,85,81,81,81,81,81,81,81,81,81,81,81,81,81,81],"card_choices":[{"not_picked":["Evolve"],"picked":"Heavy Blade","floor":1.0},{"not_picked":["Thunderclap","Heavy Blade"],"picked":"SKIP","floor":3.0},{"not_picked":["Havoc","Perfected Strike"],"picked":"SKIP","floor":4.0},{"not_picked":["Sword Boomerang"],"picked":"Juggernaut","floor":6.0},{"not_picked":["Iron Wave","Twin Strike"],"picked":"SKIP","floor":8.0},{"not_picked":["Fire Breathing+1"],"picked":"Iron Wave","floor":11.0},{"not_picked":["Double Tap"],"picked":"Exhume","floor":16.0},{"not_picked":["Thunderclap","Flex+1"],"picked":"SKIP","floor":18.0},{"not_picked":["Perfected Strike+1","Havoc"],"picked":"SKIP","floor":19.0},{"not_picked":["Twin Strike+1"],"picked":"Headbutt","floor":20.0},{"not_picked":["Thunderclap","Sever Soul"],"picked":"SKIP","floor":23.0},{"not_picked":["Seeing Red"],"picked":"Rampage+1","floor":25.0},{"not_picked":["Wild Strike"],"picked":"Clothesline","floor":28.0},{"not_picked":["Fire Breathing+1","Whirlwind+1"],"picked":"SKIP","floor":29.0},{"not_picked":["Burning Pact"],"picked":"Shrug It Off","floor":31.0},{"not_picked":["Bludgeon"],"picked":"Double Tap","floor":33.0},{"not_picked":["Headbutt+1"],"picked":"Ghostly Armor","floor":34.0},{"not_picked":["Reckless Charge+1"],"picked":"Corruption+1","floor":34.0},{"not_picked":["Perfected Strike+1"],"picked":"Flame Barrier","floor":35.0},{"not_picked":["Twin Strike+1"],"picked":"Wild Strike+1","floor":38.0},{"not_picked":["Perfected Strike","Corruption+1"],"picked":"SKIP","floor":39.0},{"not_picked":["Cleave+1"],"picked":"Dual Wield","floor":40.0},{"not_picked":["Perfected Strike"],"picked":"Pommel Strike","floor":41.0},{"not_picked":["Second Wind","Twin Strike+1"],"picked":"SKIP","floor":42.0},{"not_picked":["Dropkick+1","Combust+1"],"picked":"SKIP","floor":44.0},{"not_picked":["Intimidate","Perfected Strike"],"picked":"SKIP","floor":46.0},{"not_picked":["Dual Wield","Sword Boomerang+1"],"picked":"SKIP","floor":48.0}],"player_experience":247494,"relics_obtained":[{"floor":6.0,"key":"Potion Belt"},{"floor":8.0,"key":"PreservedInsect"},{"floor":9.0,"key":"Frozen Egg 2"},{"floor":11.0,"key":"Lantern"},{"floor":23.0,"key":"Peace Pipe"},{"floor":26.0,"key":"Turnip"},{"floor":31.0,"key":"MawBank"},{"floor":40.0,"key":"Omamori"},{"floor":43.0,"key":"Boot"}],"event_choices":[{"damage_healed":0.0,"max_hp_gain":0.0,"max_hp_loss":0.0,"gold_gain":0.0,"event_name":"Scrap Ooze","player_choice":"Success","floor":5.0,"gold_loss":0.0,"damage_taken":12.0,"relics_obtained":["Bronze Scales"]},{"damage_healed":0.0,"max_hp_gain":0.0,"max_hp_loss":0.0,"gold_gain":0.0,"event_name":"WeMeetAgain","player_choice":"Gave Potion","floor":14.0,"gold_loss":0.0,"damage_taken":0.0,"relics_obtained":["Self Forming Clay"]},{"damage_healed":0.0,"max_hp_gain":0.0,"max_hp_loss":0.0,"gold_gain":0.0,"event_name":"Beggar","player_choice":"Ignored","floor":22.0,"gold_loss":0.0,"damage_taken":0.0},{"damage_healed":0.0,"max_hp_gain":0.0,"max_hp_loss":0.0,"gold_gain":0.0,"event_name":"Wheel of Change","player_choice":"Cursed","floor":27.0,"gold_loss":0.0,"damage_taken":0.0,"cards_obtained":["Decay"]},{"damage_healed":0.0,"max_hp_gain":0.0,"max_hp_loss":0.0,"gold_gain":0.0,"event_name":"Tomb of Lord Red Mask","player_choice":"Ignored","floor":36.0,"gold_loss":0.0,"damage_taken":0.0},{"damage_healed":0.0,"max_hp_gain":0.0,"max_hp_loss":4.0,"gold_gain":0.0,"event_name":"Winding Halls","player_choice":"Max HP","floor":37.0,"gold_loss":0.0,"damage_taken":0.0}],"is_beta":false,"boss_relics":[{"not_picked":["White Beast Statue","Busted Crown"],"picked":"Runic Dome"},{"not_picked":["Calling Bell","Sozu"],"picked":"Orrery"}],"items_purged_floors":[45],"is_endless":false,"potions_floor_spawned":[1,4,8,19,23,28,29,31,38,40,42,44,46],"killed_by":"Awakened One","ascension_level":0}