{"gold_per_floor":[109,120,133,58,69,102,119,119,119,152,171,171,171,188,188,284,284,302,47,58,58,58,58,91,91,116,135,135,155,183,195,207,219],"floor_reached":33,"playtime":1369,"items_purged":["Strike_R","Strike_R"],"score":540,"play_id":"7c0f6c7b-c476-4753-8d03-e063913ea6ba","local_time":"20190427234417","is_ascension_mode":true,"campfire_choices":[{"data":"Demon Form","floor":8,"key":"SMITH"},{"floor":13,"key":"REST"},{"floor":15,"key":"REST"},{"data":"Ghostly","floor":23,"key":"SMITH"},{"data":"Ghostly","floor":25,"key":"SMITH"},{"data":"Ghostly","floor":28,"key":"SMITH"},{"data":"Heavy Blade","floor":32,"key":"SMITH"}],"neow_cost":"TEN_PERCENT_HP_LOSS","seed_source_timestamp":305975265678000,"circlet_count":0,"master_deck":["AscendersBane","Strike_R+1","Strike_R+1","Strike_R+1","Defend_R+1","Defend_R+1","Defend_R+1","Defend_R+1","Bash","Demon Form+1","Heavy Blade+1","Disarm","Clothesline","Headbutt","Dropkick","Whirlwind+1","Feed","Reaper","Ghostly+1","Ghostly+1","Ghostly+1","Ghostly+1","Ghostly+1","Warcry+1"],"relics":["Burning Blood","Bottled Tornado","Anchor","Centennial Puzzle","Runic Cube","Orichalcum","Matryoshka","Meat on the Bone","War Paint","MawBank"],"potions_floor_usage":[6,6,24,33,33],"damage_taken":[{"damage":0,"enemies":"2 Louse","floor":1,"turns":3},{"damage":11,"enemies":"Cultist","floor":2,"turns":4},{"damage":8,"enemies":"Small Slimes","floor":3,"turns":4},{"damage":14,"enemies":"3 Louse","floor":5,"turns":6},{"damage":21,"enemies":"Lagavulin","floor":6,"turns":6},{"damage":6,"enemies":"2 Fungi Beasts","floor":7,"turns":4},{"damage":24,"enemies":"Gremlin Nob","floor":10,"turns":4},{"damage":28,"enemies":"Exordium Thugs","floor":11,"turns":3},{"damage":11,"enemies":"Looter","floor":14,"turns":3},{"damage":40,"enemies":"Hexaghost","floor":16,"turns":8},{"damage":23,"enemies":"Spheric Guardian","floor":18,"turns":4},{"damage":2,"enemies":"Chosen","floor":20,"turns":4},{"damage":21,"enemies":"Slavers","floor":24,"turns":7},{"damage":8,"enemies":"Shelled Parasite and Fungi","floor":27,"turns":6},{"damage":14,"enemies":"Snake Plant","floor":29,"turns":5},{"damage":28,"enemies":"Gremlin Leader","floor":30,"turns":5},{"damage":62,"enemies":"Champ","floor":33,"turns":10}],"seed_played":"-8997933879454234930","potions_obtained":[{"floor":1,"key":"Regen Potion"},{"floor":2,"key":"Swift Potion"},{"floor":3,"key":"SteroidPotion"},{"floor":7,"key":"GamblersBrew"},{"floor":11,"key":"Weak Potion"},{"floor":27,"key":"Strength Potion"},{"floor":29,"key":"Swift Potion"}],"is_trial":false,"path_per_floor":["M","M","M","$","M","E","M","R","T","E","M","?","R","M","R","B",null,"M","$","M","?","?","R","E","R","T","M","R","M","E","?","R","B"],"character_chosen":"IRONCLAD","items_purchased":["Orichalcum"],"campfire_rested":2,"item_purchase_floors":[19],"current_hp_per_floor":[72,67,65,65,57,57,57,57,57,39,17,17,38,33,54,20,59,42,42,47,36,36,36,30,30,30,31,31,35,25,25,25,0],"gold":219,"neow_bonus":"THREE_RARE_CARDS","is_prod":false,"is_daily":false,"chose_seed":false,"campfire_upgraded":5,"win_rate":0,"timestamp":1556423057,"path_taken":["M","M","M","$","M","E","M","R","T","E","M","?","R","M","R","BOSS","M","$","?","?","?","R","E","R","T","M","R","M","E","?","R","BOSS"],"build_version":"2019-01-23","purchased_purges":2,"victory":false,"max_hp_per_floor":[72,72,72,72,72,72,72,72,72,72,72,72,72,72,72,72,72,72,72,72,36,36,36,36,36,36,39,39,39,39,39,39,39],"card_choices":[{"not_picked":["Impervious","Double Tap"],"picked":"Demon Form","floor":0},{"not_picked":["Blood for Blood","Rampage"],"picked":"Heavy Blade","floor":1},{"not_picked":["Sentinel","Sword Boomerang"],"picked":"Disarm","floor":2},{"not_picked":["Twin Strike","Pommel Strike"],"picked":"Clothesline","floor":3},{"not_picked":["Clothesline","True Grit"],"picked":"Headbutt","floor":5},{"not_picked":["Rage","Shrug It Off"],"picked":"Dropkick","floor":6},{"not_picked":["Body Slam","Flex"],"picked":"Whirlwind","floor":7},{"not_picked":["Headbutt","Pummel"],"picked":"Feed","floor":10},{"not_picked":["Iron Wave","Clash","Clothesline"],"picked":"SKIP","floor":11},{"not_picked":["Barricade","Headbutt","Heavy Blade"],"picked":"SKIP","floor":14},{"not_picked":["Double Tap","Immolate"],"picked":"Reaper","floor":16},{"not_picked":["Cleave","Clash","Rampage"],"picked":"SKIP","floor":18},{"not_picked":["Rampage","Twin Strike","True Grit"],"picked":"SKIP","floor":20},{"not_picked":["Shrug It Off","Thunderclap","Warcry"],"picked":"SKIP","floor":24},{"not_picked":["Clash","Exhume","Infernal Blade"],"picked":"SKIP","floor":27},{"not_picked":["Heavy Blade","Sentinel"],"picked":"Warcry+1","floor":29},{"not_picked":["Pommel Strike","Anger","Reckless Charge"],"picked":"SKIP","floor":30}],"player_experience":393190,"relics_obtained":[{"floor":6,"key":"Bottled Tornado"},{"floor":9,"key":"Anchor"},{"floor":10,"key":"Centennial Puzzle"},{"floor":24,"key":"Matryoshka"},{"floor":26,"key":"Meat on the Bone"},{"floor":26,"key":"War Paint"},{"floor":30,"key":"MawBank"}],"event_choices":[{"damage_healed":0,"gold_gain":0,"player_choice":"Upgraded","damage_taken":0,"max_hp_gain":0,"max_hp_loss":0,"event_name":"Upgrade Shrine","floor":12,"gold_loss":0,"cards_upgraded":["Whirlwind"]},{"damage_healed":0,"gold_gain":0,"player_choice":"Became a Ghost","damage_taken":0,"max_hp_gain":0,"max_hp_loss":36,"event_name":"Ghosts","floor":21,"gold_loss":0,"cards_obtained":["Ghostly","Ghostly","Ghostly","Ghostly","Ghostly"]},{"damage_healed":0,"gold_gain":0,"player_choice":"Simplicity","damage_taken":0,"max_hp_gain":0,"max_hp_loss":0,"event_name":"Back to Basics","floor":22,"gold_loss":0,"cards_upgraded":["Strike_R","Strike_R","Strike_R","Defend_R","Defend_R","Defend_R","Defend_R"]},{"damage_healed":0,"gold_gain":0,"player_choice":"Ignored","damage_taken":0,"max_hp_gain":0,"max_hp_loss":0,"event_name":"The Mausoleum","floor":31,"gold_loss":0}],"is_beta":false,"boss_relics":[{"not_picked":["Orrery","Busted Crown"],"picked":"Runic Cube"}],"items_purged_floors":[4,19],"is_endless":false,"potions_floor_spawned":[1,2,3,7,11,27,29],"killed_by":"Champ","ascension_level":12}