{"gold_per_floor":[367,42,58,58,58,58,77,89,89,111,141,60,60,73,73,170,170,181,181,196,20,33,33],"floor_reached":23,"playtime":1041,"items_purged":["Dualcast","Decay"],"score":191,"play_id":"2d8f575a-e9f1-44aa-b85c-17f092c38a2e","local_time":"20181229155220","is_ascension_mode":false,"campfire_choices":[{"floor":6,"key":"REST"},{"floor":13,"key":"REST"},{"floor":15,"key":"REST"}],"neow_cost":"PERCENT_DAMAGE","seed_source_timestamp":588110898968015,"circlet_count":0,"master_deck":["Strike_B","Strike_B","Strike_B","Strike_B","Defend_B","Defend_B","Defend_B","Zap","Ball Lightning","Leap","Ball Lightning","Lockon","Heatsinks","Creative AI","Static Discharge+1","Stack+1","Heatsinks"],"relics":["Cracked Core","Shuriken","Mummified Hand","Odd Mushroom","Darkstone Periapt","Sozu"],"potions_floor_usage":[11,14,16,18],"damage_taken":[{"damage":11,"enemies":"Jaw Worm","floor":1,"turns":4},{"damage":7,"enemies":"2 Louse","floor":3,"turns":3},{"damage":1,"enemies":"Cultist","floor":7,"turns":3},{"damage":4,"enemies":"Exordium Wildlife","floor":8,"turns":4},{"damage":20,"enemies":"The Mushroom Lair","floor":10,"turns":3},{"damage":7,"enemies":"Gremlin Nob","floor":11,"turns":3},{"damage":5,"enemies":"Lots of Slimes","floor":14,"turns":3},{"damage":24,"enemies":"The Guardian","floor":16,"turns":10},{"damage":11,"enemies":"3 Byrds","floor":18,"turns":4},{"damage":32,"enemies":"2 Thieves","floor":20,"turns":4},{"damage":22,"enemies":"Centurion and Healer","floor":22,"turns":6},{"damage":22,"enemies":"Gremlin Leader","floor":23,"turns":2}],"seed_played":"219499990420495332","potions_obtained":[{"floor":7,"key":"Poison Potion"},{"floor":10,"key":"GamblersBrew"},{"floor":11,"key":"Block Potion"},{"floor":16,"key":"Poison Potion"}],"is_trial":false,"path_per_floor":["M","$","M","?","?","R","M","M","T","?","E","$","R","M","R","B",null,"M","?","M","$","M","E"],"character_chosen":"DEFECT","items_purchased":["Shuriken","Heatsinks","Heatsinks"],"campfire_rested":3,"item_purchase_floors":[2,12,21],"current_hp_per_floor":[43,43,36,36,29,51,50,46,46,26,19,19,41,36,58,34,75,64,70,38,38,16,0],"gold":33,"neow_bonus":"TWO_FIFTY_GOLD","is_prod":false,"is_daily":false,"chose_seed":false,"campfire_upgraded":0,"win_rate":0.0,"timestamp":1546127540,"path_taken":["M","$","M","?","?","R","M","M","T","?","E","?","R","M","R","BOSS","M","?","M","$","M","E"],"build_version":"2018-12-20","purchased_purges":2,"victory":false,"max_hp_per_floor":[75,75,75,75,75,75,75,75,75,75,75,75,75,75,75,75,75,75,81,81,81,81,81],"card_choices":[{"not_picked":["Compile Driver","Stack"],"picked":"Ball Lightning","floor":1},{"not_picked":["Force Field","Glacier","Turbo"],"picked":"SKIP","floor":3},{"not_picked":["Blizzard","Stack"],"picked":"Leap","floor":7},{"not_picked":["Rip and Tear","Compile Driver"],"picked":"Ball Lightning","floor":8},{"not_picked":["Rebound","Undo"],"picked":"Lockon","floor":11},{"not_picked":["Turbo","Coolheaded","Conserve Battery"],"picked":"SKIP","floor":14},{"not_picked":["Fission","Seek"],"picked":"Creative AI","floor":16},{"not_picked":["Conserve Battery+1","Sweeping Beam"],"picked":"Static Discharge+1","floor":18},{"not_picked":["Sweeping Beam","Skim+1"],"picked":"Stack+1","floor":20},{"not_picked":["Rebound","BootSequence","Stack+1"],"picked":"SKIP","floor":22}],"player_experience":282538,"relics_obtained":[{"floor":9,"key":"Mummified Hand"},{"floor":10,"key":"Odd Mushroom"},{"floor":11,"key":"Darkstone Periapt"}],"event_choices":[{"damage_healed":0,"gold_gain":0,"player_choice":"Ignored","damage_taken":0,"max_hp_gain":0,"max_hp_loss":0,"event_name":"Golden Idol","floor":4,"gold_loss":0},{"cards_removed":["Defend_B"],"damage_healed":0,"gold_gain":0,"player_choice":"Card Removal","damage_taken":7,"max_hp_gain":0,"max_hp_loss":0,"event_name":"Golden Wing","floor":5,"gold_loss":0},{"damage_healed":0,"gold_gain":0,"player_choice":"Fought Mushrooms","damage_taken":0,"max_hp_gain":0,"max_hp_loss":0,"event_name":"Mushrooms","floor":10,"gold_loss":0},{"damage_healed":0,"gold_gain":0,"player_choice":"Cursed","damage_taken":0,"max_hp_gain":0,"max_hp_loss":0,"event_name":"Wheel of Change","floor":19,"gold_loss":0,"cards_obtained":["Decay"]}],"is_beta":false,"boss_relics":[{"not_picked":["Astrolabe","Ectoplasm"],"picked":"Sozu"}],"items_purged_floors":[2,21],"is_endless":false,"potions_floor_spawned":[7,10,11,16,20],"killed_by":"Gremlin Leader","ascension_level":0}