{"gold_per_floor":[111,124,138,156,156,156,172,199,199,199,199,199,27,56,56,128,128,142,153,153,68,4,4,19,36,36,36,69,69,69,94,94,94],"floor_reached":33,"playtime":1264,"items_purged":[],"score":557,"play_id":"2cf96006-9c6a-419f-a2a4-1623490e0266","local_time":"20190514014640","is_ascension_mode":true,"campfire_choices":[{"data":"Perfected Strike","floor":6,"key":"SMITH"},{"data":"Shockwave","floor":11,"key":"SMITH"},{"data":"Bash","floor":15,"key":"SMITH"},{"data":"Brutality","floor":23,"key":"SMITH"},{"data":"Evolve","floor":27,"key":"SMITH"},{"floor":29,"key":"REST"},{"floor":32,"key":"REST"}],"neow_cost":"NONE","seed_source_timestamp":342182022533000,"circlet_count":0,"master_deck":["AscendersBane","Strike_R","Strike_R","Strike_R","Strike_R","Strike_R","Defend_R","Defend_R+1","Defend_R","Defend_R","Bash+1","Pommel Strike+1","Perfected Strike+1","Shrug It Off","Cleave","Shockwave+1","Brutality+1","Evolve+1","Ghostly Armor"],"relics":["White Beast Statue","Pantograph","Question Card","PreservedInsect","Bird Faced Urn","Busted Crown","The Courier","Ginger","Bottled Flame","Molten Egg 2"],"potions_floor_usage":[8,8,16,16,19,24,25,25,28,31],"damage_taken":[{"damage":6,"enemies":"Cultist","floor":1,"turns":3},{"damage":0,"enemies":"2 Louse","floor":2,"turns":2},{"damage":0,"enemies":"Small Slimes","floor":3,"turns":2},{"damage":3,"enemies":"Looter","floor":4,"turns":4},{"damage":0,"enemies":"Large Slime","floor":7,"turns":3},{"damage":10,"enemies":"3 Sentries","floor":8,"turns":5},{"damage":8,"enemies":"Gremlin Nob","floor":14,"turns":3},{"damage":43,"enemies":"Slime Boss","floor":16,"turns":10},{"damage":2,"enemies":"Chosen","floor":18,"turns":5},{"damage":10,"enemies":"3 Byrds","floor":19,"turns":4},{"damage":10,"enemies":"Snecko","floor":24,"turns":4},{"damage":7,"enemies":"Chosen and Byrds","floor":25,"turns":6},{"damage":21,"enemies":"Book of Stabbing","floor":28,"turns":4},{"damage":21,"enemies":"Slavers","floor":31,"turns":5},{"damage":79,"enemies":"Champ","floor":33,"turns":11}],"seed_played":"9069266356770541287","potions_obtained":[{"floor":1,"key":"Swift Potion"},{"floor":2,"key":"Dexterity Potion"},{"floor":7,"key":"Explosive Potion"},{"floor":8,"key":"Dexterity Potion"},{"floor":14,"key":"GamblersBrew"},{"floor":16,"key":"EssenceOfSteel"},{"floor":18,"key":"LiquidBronze"},{"floor":19,"key":"Fire Potion"},{"floor":24,"key":"Dexterity Potion"},{"floor":25,"key":"Poison Potion"},{"floor":28,"key":"Explosive Potion"},{"floor":31,"key":"SteroidPotion"}],"is_trial":false,"path_per_floor":["M","M","M","M","?","R","M","E","T","?","R","?","$","E","R","B",null,"M","M","$","?","$","R","M","M","T","R","E","R","?","E","R","B"],"character_chosen":"IRONCLAD","items_purchased":["PreservedInsect","Evolve"],"campfire_rested":2,"item_purchase_floors":[13,22],"current_hp_per_floor":[62,62,62,59,64,64,64,54,54,30,30,30,30,22,22,4,61,59,51,51,51,51,51,43,38,38,38,21,45,45,26,50,0],"gold":94,"neow_bonus":"BOSS_RELIC","is_prod":false,"is_daily":false,"chose_seed":false,"campfire_upgraded":5,"win_rate":0,"timestamp":1557812800,"path_taken":["M","M","M","M","?","R","M","E","T","?","R","?","$","E","R","BOSS","M","M","$","?","$","R","M","M","T","R","E","R","?","E","R","BOSS"],"build_version":"2019-01-23","purchased_purges":0,"victory":false,"max_hp_per_floor":[75,75,75,75,80,80,80,80,80,80,80,80,80,80,80,80,80,80,80,80,80,80,80,80,80,80,80,80,80,80,80,80,80],"card_choices":[{"not_picked":["Thunderclap","Corruption"],"picked":"Pommel Strike","floor":1},{"not_picked":["Shrug It Off","Sword Boomerang"],"picked":"Perfected Strike","floor":2},{"not_picked":["Dual Wield","Hemokinesis"],"picked":"Shrug It Off","floor":3},{"not_picked":["Anger","Wild Strike","Havoc"],"picked":"SKIP","floor":4},{"not_picked":["Burning Pact","Evolve"],"picked":"Cleave","floor":7},{"not_picked":["Carnage","Juggernaut"],"picked":"Shockwave","floor":8},{"not_picked":["Warcry","Combust","Sword Boomerang","Clash"],"picked":"SKIP","floor":14},{"not_picked":["Fiend Fire","Double Tap","Dark Embrace"],"picked":"Brutality","floor":16},{"not_picked":["Infernal Blade","Power Through"],"picked":"SKIP","floor":18},{"not_picked":["Power Through","Dropkick"],"picked":"SKIP","floor":19},{"not_picked":["Thunderclap"],"picked":"Ghostly Armor","floor":24},{"not_picked":["Cleave","Rage"],"picked":"SKIP","floor":25},{"not_picked":["Infernal Blade","Clothesline"],"picked":"SKIP","floor":28},{"not_picked":["Iron Wave","Sentinel"],"picked":"SKIP","floor":31}],"player_experience":457606,"relics_obtained":[{"floor":8,"key":"Pantograph"},{"floor":9,"key":"Question Card"},{"floor":14,"key":"Bird Faced Urn"},{"floor":26,"key":"Ginger"},{"floor":28,"key":"Bottled Flame"},{"floor":31,"key":"Molten Egg 2"}],"event_choices":[{"damage_healed":0,"gold_gain":0,"player_choice":"Donut","damage_taken":0,"max_hp_gain":5,"max_hp_loss":0,"event_name":"Big Fish","floor":5,"gold_loss":0},{"damage_healed":0,"gold_gain":0,"player_choice":"Entered Light","damage_taken":24,"max_hp_gain":0,"max_hp_loss":0,"event_name":"Shining Light","floor":10,"gold_loss":0,"cards_upgraded":["Defend_R","Pommel Strike"]},{"damage_healed":0,"gold_gain":0,"player_choice":"Searched \u00270\u0027 times","damage_taken":0,"max_hp_gain":0,"max_hp_loss":0,"event_name":"Dead Adventurer","floor":12,"gold_loss":0},{"damage_healed":0,"gold_gain":0,"player_choice":"Obtained Relic","damage_taken":0,"relics_obtained":["The Courier"],"max_hp_gain":0,"max_hp_loss":0,"event_name":"Addict","floor":21,"gold_loss":85},{"damage_healed":0,"gold_gain":0,"player_choice":"Ignored","damage_taken":0,"max_hp_gain":0,"max_hp_loss":0,"event_name":"The Mausoleum","floor":30,"gold_loss":0}],"is_beta":false,"boss_relics":[{"not_picked":["Empty Cage","Coffee Dripper"],"picked":"Busted Crown"}],"items_purged_floors":[],"is_endless":false,"potions_floor_spawned":[1,2,3,4,7,8,14,16,18,19,24,25,28,31],"killed_by":"Champ","ascension_level":18}