{"gold_per_floor":[368,368,125,200,218,218,250,250,250,281,246,246,264,297,297,376,376,387,338,338,358,47,97,130,146,146,164,181,181,208,223,223,295,295,310,321,321,339,339,339,356,356,356,87,0,0,25,39,39,39,39],"floor_reached":52,"playtime":3339,"items_purged":["Strike_B","Strike_B"],"score":1880,"play_id":"00395f77-4602-4513-a5f7-9e3b186a608d","local_time":"20180923190840","is_ascension_mode":true,"campfire_choices":[{"floor":6.0,"key":"REST"},{"data":"Creative AI","floor":8.0,"key":"SMITH"},{"data":"Zap","floor":12.0,"key":"SMITH"},{"data":"Hologram","floor":15.0,"key":"SMITH"},{"data":"Storm","floor":29.0,"key":"SMITH"},{"data":"Consume","floor":32.0,"key":"SMITH"},{"data":"Amplify","floor":40.0,"key":"SMITH"},{"data":"Thunder Strike","floor":42.0,"key":"SMITH"},{"data":"Storm","floor":46.0,"key":"SMITH"},{"data":"Heatsinks","floor":49.0,"key":"SMITH"}],"neow_cost":"PERCENT_DAMAGE","seed_source_timestamp":0,"circlet_count":0,"master_deck":["Strike_B+1","Defend_B","Defend_B","Defend_B","Defend_B","Zap+1","Dualcast","AscendersBane","Cold Snap","Creative AI+1","Glacier","Leap","Hologram+1","Amplify+1","Static Discharge+1","Ghostly","Ghostly","Ghostly","Ghostly","Ghostly","Static Discharge","Capacitor","Self Repair","Storm+1","Heatsinks+1","Consume+1","Lockon+1","Self Repair","Defragment+1","Thunder Strike+1","Heatsinks+1","Hologram+1","Loop","Storm+1","Heatsinks"],"special_seed":0,"relics":["Cracked Core","Oddly Smooth Stone","Bag of Preparation","Singing Bowl","Bottled Flame","The Courier","Sozu","Smiling Mask","Girya","Bronze Scales","Cursed Key","Whetstone","Red Mask","PreservedInsect"],"potions_floor_usage":[],"damage_taken":[{"damage":0.0,"enemies":"2 Louse","floor":1.0,"turns":1.0},{"damage":2.0,"enemies":"Small Slimes","floor":5.0,"turns":4.0},{"damage":18.0,"enemies":"Gremlin Nob","floor":7.0,"turns":6.0},{"damage":26.0,"enemies":"3 Sentries","floor":10.0,"turns":16.0},{"damage":0.0,"enemies":"Jaw Worm","floor":13.0,"turns":3.0},{"damage":10.0,"enemies":"Lagavulin","floor":14.0,"turns":10.0},{"damage":19.0,"enemies":"Hexaghost","floor":16.0,"turns":10.0},{"damage":2.0,"enemies":"Shell Parasite","floor":18.0,"turns":11.0},{"damage":18.0,"enemies":"2 Thieves","floor":19.0,"turns":5.0},{"damage":0.0,"enemies":"Shelled Parasite and Fungi","floor":21.0,"turns":7.0},{"damage":18.0,"enemies":"Gremlin Leader","floor":24.0,"turns":6.0},{"damage":11.0,"enemies":"Centurion and Healer","floor":25.0,"turns":9.0},{"damage":0.0,"enemies":"Sentry and Sphere","floor":27.0,"turns":7.0},{"damage":9.0,"enemies":"Snake Plant","floor":28.0,"turns":5.0},{"damage":8.0,"enemies":"Slavers","floor":30.0,"turns":5.0},{"damage":3.0,"enemies":"Centurion and Healer","floor":31.0,"turns":8.0},{"damage":8.0,"enemies":"Automaton","floor":33.0,"turns":8.0},{"damage":0.0,"enemies":"3 Shapes","floor":35.0,"turns":3.0},{"damage":5.0,"enemies":"3 Darklings","floor":36.0,"turns":5.0},{"damage":4.0,"enemies":"Jaw Worm Horde","floor":38.0,"turns":4.0},{"damage":11.0,"enemies":"Reptomancer","floor":41.0,"turns":4.0},{"damage":20.0,"enemies":"2 Orb Walkers","floor":47.0,"turns":4.0},{"damage":1.0,"enemies":"Maw","floor":48.0,"turns":4.0},{"damage":23,"enemies":"Awakened One","floor":50,"turns":6},{"damage":10,"enemies":"Time Eater","floor":51,"turns":6}],"seed_played":"5000306650399789378","potions_obtained":[{"floor":5.0,"key":"Energy Potion"},{"floor":13.0,"key":"Swift Potion"},{"floor":14.0,"key":"Energy Potion"}],"is_trial":false,"path_per_floor":["M","?","$","?","M","R","E","R","T","E","?","R","M","E","R","B",null,"M","M","?","M","$","?","E","M","T","M","M","R","E","M","R","B",null,"M","M","?","M","T","R","M","R","T","$","?","R","E","M","R","B","B"],"character_chosen":"DEFECT","items_purchased":["Oddly Smooth Stone","Static Discharge","Capacitor","Self Repair","Storm","Heatsinks","Loop","Storm","Whetstone"],"campfire_rested":1,"item_purchase_floors":[3,22,22,22,22,22,44,44,44],"current_hp_per_floor":[46,46,46,35,33,54,36,36,36,12,30,30,30,22,22,3,57,55,39,38,40,40,40,29,32,32,42,42,42,44,44,44,44,44,44,46,44,46,46,46,46,46,46,46,46,46,33,48,48,39,36],"gold":39,"neow_bonus":"TWO_FIFTY_GOLD","is_prod":false,"is_daily":false,"chose_seed":false,"campfire_upgraded":9,"win_rate":0,"timestamp":1537722520,"path_taken":["M","?","$","?","M","R","E","R","T","E","?","R","?","E","R","BOSS","M","M","?","M","$","?","E","M","T","?","?","R","E","M","R","BOSS","M","M","?","?","?","R","M","R","T","$","?","R","E","M","R","BOSS","BOSS"],"build_version":"2018-09-20","purchased_purges":2,"victory":true,"max_hp_per_floor":[71,71,71,71,71,71,71,71,71,73,73,73,73,75,75,75,75,75,77,38,40,40,40,40,40,40,42,42,42,44,44,44,44,44,44,46,44,46,46,46,46,46,46,46,46,46,46,48,48,48,48],"card_choices":[{"not_picked":["Redo","Capacitor"],"picked":"Cold Snap","floor":1.0},{"not_picked":["Gash","Conserve Battery"],"picked":"Glacier","floor":5.0},{"not_picked":["Stack","Blizzard"],"picked":"Leap","floor":7.0},{"not_picked":["Rip and Tear","Auto Shields","BootSequence"],"picked":"Singing Bowl","floor":10.0},{"not_picked":["Turbo","Conserve Battery"],"picked":"Hologram","floor":13.0},{"not_picked":["Streamline","Aggregate","Rainbow"],"picked":"Singing Bowl","floor":14.0},{"not_picked":["Creative AI","Multi-Cast"],"picked":"Amplify","floor":16.0},{"not_picked":["Glacier","Scrape"],"picked":"Static Discharge+1","floor":18.0},{"not_picked":["Ball Lightning","Beam Cell","Turbo"],"picked":"Singing Bowl","floor":19.0},{"not_picked":["Static Discharge","Cold Snap+1","Steam"],"picked":"Singing Bowl","floor":21.0},{"not_picked":["Leap","Rebound"],"picked":"Consume","floor":24.0},{"not_picked":["BootSequence","Chill"],"picked":"Lockon","floor":25.0},{"not_picked":["Conserve Battery","Compile Driver+1","Leap"],"picked":"Singing Bowl","floor":27.0},{"not_picked":["Sweeping Beam","Turbo"],"picked":"Self Repair","floor":28.0},{"not_picked":["Barrage","Go for the Eyes","Tempest"],"picked":"Singing Bowl","floor":30.0},{"not_picked":["All For One","Auto Shields"],"picked":"Defragment+1","floor":31.0},{"not_picked":["Fission","Buffer"],"picked":"Thunder Strike","floor":33.0},{"not_picked":["Scrape","Barrage"],"picked":"Heatsinks+1","floor":35.0},{"not_picked":["Scrape","Conserve Battery","Consume"],"picked":"Singing Bowl","floor":36.0},{"not_picked":["Skim","BootSequence","Sweeping Beam"],"picked":"Singing Bowl","floor":38.0},{"not_picked":["Streamline","Lockon"],"picked":"Hologram+1","floor":41.0},{"not_picked":["Streamline","Undo"],"picked":"Heatsinks","floor":47.0},{"not_picked":["Double Energy","Rainbow","Hello World"],"picked":"Singing Bowl","floor":48.0}],"player_experience":970101,"relics_obtained":[{"floor":7.0,"key":"Bag of Preparation"},{"floor":9.0,"key":"Singing Bowl"},{"floor":10.0,"key":"Bottled Flame"},{"floor":14.0,"key":"The Courier"},{"floor":24.0,"key":"Smiling Mask"},{"floor":26.0,"key":"Girya"},{"floor":30.0,"key":"Bronze Scales"},{"floor":47.0,"key":"PreservedInsect"}],"event_choices":[{"event_name":"Living Wall","player_choice":"Change","floor":2.0,"damage_taken":0.0},{"event_name":"World of Goop","player_choice":"Gather Gold","floor":4.0,"damage_taken":0.0},{"event_name":"The Cleric","player_choice":"Healed","floor":11.0,"damage_taken":0.0},{"event_name":"Ghosts","player_choice":"Became a Ghost","floor":20.0,"damage_taken":0.0},{"event_name":"Golden Shrine","player_choice":"Pray","floor":23.0,"damage_taken":0.0},{"event_name":"Winding Halls","player_choice":"Max HP","floor":37.0,"damage_taken":0.0},{"event_name":"Tomb of Lord Red Mask","player_choice":"Paid","floor":45.0,"damage_taken":0.0}],"is_beta":true,"boss_relics":[{"not_picked":["Lizard Tail","Orrery"],"picked":"Sozu"},{"not_picked":["Eternal Feather","Nuclear Battery"],"picked":"Cursed Key"}],"items_purged_floors":[3,44],"is_endless":false,"potions_floor_spawned":[5,13,14,18,19,27,31,41,47,48],"ascension_level":20}