{"gold_per_floor":[117,71,71,84,95,95,129,129,129,145,155,155,169,182,182,182],"floor_reached":16,"playtime":572,"items_purged":[],"score":161,"play_id":"00232088-34f8-4e6c-923d-1b269df299bf","local_time":"20190422114127","is_ascension_mode":true,"campfire_choices":[{"data":"Fiend Fire","floor":6,"key":"SMITH"},{"data":"Wild Strike","floor":8,"key":"SMITH"},{"data":"Armaments","floor":15,"key":"SMITH"}],"neow_cost":"NONE","seed_source_timestamp":136665711345199,"circlet_count":0,"master_deck":["AscendersBane","Strike_R","Strike_R","Strike_R","Strike_R","Strike_R","Defend_R","Defend_R","Defend_R","Bash","Shrug It Off","Anger","Combust","Fiend Fire+1","Wild Strike+1","Cleave","Armaments+1","Whirlwind","Feed"],"relics":["Burning Blood","NeowsBlessing","Unceasing Top","Kunai"],"potions_floor_usage":[16,16],"damage_taken":[{"damage":0,"enemies":"Small Slimes","floor":1,"turns":1},{"damage":0,"enemies":"Cultist","floor":4,"turns":1},{"damage":0,"enemies":"2 Louse","floor":5,"turns":1},{"damage":26,"enemies":"3 Sentries","floor":7,"turns":5},{"damage":3,"enemies":"Blue Slaver","floor":10,"turns":3},{"damage":14,"enemies":"Gremlin Gang","floor":11,"turns":3},{"damage":6,"enemies":"Exordium Wildlife","floor":13,"turns":4},{"damage":5,"enemies":"Red Slaver","floor":14,"turns":4},{"damage":56,"enemies":"The Guardian","floor":16,"turns":11}],"seed_played":"-8033625602017923439","potions_obtained":[{"floor":1,"key":"PowerPotion"},{"floor":7,"key":"AttackPotion"}],"is_trial":false,"path_per_floor":["M","$","?","M","M","R","E","R","T","M","M","?","M","M","R","B"],"character_chosen":"IRONCLAD","items_purchased":["Anger"],"campfire_rested":0,"item_purchase_floors":[2],"current_hp_per_floor":[78,78,78,80,80,80,60,60,60,63,55,55,55,56,56,0],"gold":182,"neow_bonus":"THREE_ENEMY_KILL","is_prod":false,"is_daily":false,"chose_seed":false,"campfire_upgraded":3,"win_rate":0,"timestamp":1555947687,"path_taken":["M","$","?","?","M","R","E","R","T","M","M","?","M","M","R","BOSS"],"build_version":"2019-01-23","purchased_purges":0,"victory":false,"max_hp_per_floor":[80,80,80,80,80,80,80,80,80,80,80,80,80,80,80,80],"card_choices":[{"not_picked":["Seeing Red","Body Slam"],"picked":"Shrug It Off","floor":1},{"not_picked":["Heavy Blade","Sever Soul"],"picked":"Combust","floor":4},{"not_picked":["Flex","Wild Strike"],"picked":"Fiend Fire","floor":5},{"not_picked":["Twin Strike","Rampage"],"picked":"Wild Strike","floor":7},{"not_picked":["Flex","Pommel Strike"],"picked":"Cleave","floor":10},{"not_picked":["Pummel","Headbutt"],"picked":"Armaments","floor":11},{"not_picked":["Shrug It Off","Combust"],"picked":"Whirlwind","floor":13},{"not_picked":["Dual Wield","Pommel Strike"],"picked":"Feed","floor":14}],"player_experience":376497,"relics_obtained":[{"floor":7,"key":"Unceasing Top"},{"floor":9,"key":"Kunai"}],"event_choices":[{"cards_removed":["Defend_R"],"damage_healed":0,"gold_gain":0,"player_choice":"Offered Basic","damage_taken":0,"max_hp_gain":0,"max_hp_loss":0,"event_name":"Bonfire Elementals","floor":3,"gold_loss":0},{"damage_healed":0,"gold_gain":0,"player_choice":"Ignored","damage_taken":0,"max_hp_gain":0,"max_hp_loss":0,"event_name":"Golden Idol","floor":12,"gold_loss":0}],"is_beta":false,"boss_relics":[],"items_purged_floors":[],"is_endless":false,"potions_floor_spawned":[1,7,10,11],"killed_by":"The Guardian","ascension_level":11}