{"gold_per_floor":[116,81,98,58,58,89,89,114,114,145,145,145,145,145,145,221,221,238,218,218,228,228,228,261,261,288,288,298,41,41,41,41,115,115,127,227,227,237,7,7,38,55,55,68,68,68,68,82,82,82],"floor_reached":51,"playtime":1839,"items_purged":["Bash"],"score":1171,"play_id":"f542fa52-97fa-472e-a93e-87582442dcba","local_time":"20190502131100","is_ascension_mode":true,"campfire_choices":[{"data":"Perfected Strike","floor":7,"key":"SMITH"},{"floor":15,"key":"REST"},{"data":"Demon Form","floor":23,"key":"SMITH"},{"floor":25,"key":"REST"},{"data":"Shockwave","floor":27,"key":"SMITH"},{"data":"Uppercut","floor":30,"key":"SMITH"},{"data":"Battle Trance","floor":32,"key":"SMITH"},{"floor":40,"key":"RECALL"},{"floor":45,"key":"REST"},{"floor":49,"key":"REST"}],"neow_cost":"NONE","seed_source_timestamp":699551861167900,"circlet_count":0,"master_deck":["AscendersBane","Strike_R","Strike_R","Strike_R","Strike_R","Defend_R","Defend_R","Defend_R","Defend_R","Clothesline+1","Combust","Perfected Strike+1","Uppercut+1","Disarm","Shrug It Off+1","Demon Form+1","Battle Trance+1","Shockwave+1","Immolate","Perfected Strike","Fiend Fire+1","Carnage","Shrug It Off"],"relics":["Burning Blood","NeowsBlessing","Sundial","Juzu Bracelet","Bottled Tornado","Bronze Scales","Snecko Eye","Orichalcum","Red Mask","Strawberry","Paper Frog","Spirit Poop","Fusion Hammer","Pocketwatch","Vajra","Bottled Flame"],"potions_floor_usage":[8,16,16,24,33,38],"damage_taken":[{"damage":0,"enemies":"2 Louse","floor":1,"turns":1},{"damage":0,"enemies":"Cultist","floor":3,"turns":1},{"damage":0,"enemies":"Gremlin Nob","floor":6,"turns":1},{"damage":40,"enemies":"3 Sentries","floor":8,"turns":6},{"damage":37,"enemies":"Lagavulin","floor":10,"turns":7},{"damage":31,"enemies":"Hexaghost","floor":16,"turns":10},{"damage":10,"enemies":"Shell Parasite","floor":18,"turns":4},{"damage":14,"enemies":"Spheric Guardian","floor":21,"turns":4},{"damage":45,"enemies":"Masked Bandits","floor":24,"turns":4},{"damage":3,"enemies":"Snake Plant","floor":28,"turns":3},{"damage":29,"enemies":"Collector","floor":33,"turns":6},{"damage":12,"enemies":"3 Shapes","floor":35,"turns":2},{"damage":1,"enemies":"Mind Bloom Boss Battle","floor":36,"turns":5},{"damage":0,"enemies":"3 Darklings","floor":38,"turns":2},{"damage":29,"enemies":"Giant Head","floor":41,"turns":6},{"damage":5,"enemies":"Transient","floor":42,"turns":5},{"damage":17,"enemies":"Maw","floor":44,"turns":5},{"damage":3,"enemies":"4 Shapes","floor":48,"turns":4},{"damage":53,"enemies":"Time Eater","floor":50,"turns":6}],"seed_played":"6999419865697247974","potions_obtained":[{"floor":3,"key":"Weak Potion"},{"floor":10,"key":"Dexterity Potion"},{"floor":13,"key":"SneckoOil"},{"floor":16,"key":"EssenceOfSteel"},{"floor":19,"key":"Swift Potion"},{"floor":35,"key":"AttackPotion"},{"floor":42,"key":"Energy Potion"},{"floor":44,"key":"Fire Potion"}],"is_trial":false,"path_per_floor":["M","$","M","$","?","E","R","E","T","E","?","?","?","?","R","B",null,"M","?","?","M","?","R","?","R","T","R","M","$","R","?","R","B",null,"M","?","?","M","$","R","E","M","T","M","R","?","?","M","R","B",null],"character_chosen":"IRONCLAD","items_purchased":["Combust","Uppercut","Paper Frog","Fiend Fire"],"campfire_rested":4,"item_purchase_floors":[2,4,29,39],"current_hp_per_floor":[74,74,75,75,75,75,75,41,41,10,35,20,20,20,42,17,61,57,57,57,49,49,49,10,32,39,39,42,42,42,42,42,19,66,60,65,65,71,71,71,48,49,49,38,61,61,61,64,78,31],"gold":82,"neow_bonus":"THREE_ENEMY_KILL","is_prod":false,"is_daily":false,"chose_seed":false,"campfire_upgraded":5,"win_rate":0,"timestamp":1556817060,"path_taken":["M","$","M","$","?","E","R","E","T","E","?","?","?","?","R","BOSS","M","?","?","M","?","R","?","R","T","R","M","$","R","?","R","BOSS","M","?","?","M","$","R","E","M","T","M","R","?","?","M","R","BOSS"],"build_version":"2019-01-23","purchased_purges":1,"victory":true,"max_hp_per_floor":[75,75,75,75,75,75,75,75,75,75,75,75,75,75,75,75,75,75,75,75,75,75,75,75,75,82,82,82,82,82,82,82,82,82,82,82,78,78,78,78,78,78,78,78,78,78,78,78,78,78],"card_choices":[{"not_picked":["Thunderclap","Infernal Blade"],"picked":"Clothesline","floor":1},{"not_picked":["Wild Strike","Iron Wave"],"picked":"Perfected Strike","floor":3},{"not_picked":["Anger","Heavy Blade"],"picked":"Disarm","floor":6},{"not_picked":["True Grit","Anger"],"picked":"Shrug It Off","floor":8},{"not_picked":["Searing Blow","Warcry","Fire Breathing"],"picked":"SKIP","floor":10},{"not_picked":["Immolate","Juggernaut"],"picked":"Demon Form","floor":16},{"not_picked":["Headbutt","Havoc+1","Reckless Charge"],"picked":"SKIP","floor":18},{"not_picked":["Body Slam","Iron Wave"],"picked":"Battle Trance","floor":21},{"not_picked":["Thunderclap","Fire Breathing"],"picked":"Shockwave","floor":24},{"not_picked":["Thunderclap+1","Pummel","Entrench"],"picked":"SKIP","floor":28},{"not_picked":["Offering","Exhume"],"picked":"Immolate","floor":33},{"not_picked":["Iron Wave","Sword Boomerang","Thunderclap+1"],"picked":"SKIP","floor":35},{"not_picked":["Ghostly Armor","Cleave"],"picked":"Perfected Strike","floor":38},{"not_picked":["Uppercut","Combust","Ghostly Armor"],"picked":"SKIP","floor":41},{"not_picked":["True Grit+1","Shockwave","Armaments"],"picked":"SKIP","floor":42},{"not_picked":["Seeing Red","Anger"],"picked":"Carnage","floor":44},{"not_picked":["Pommel Strike","Metallicize"],"picked":"Shrug It Off","floor":48}],"player_experience":409990,"relics_obtained":[{"floor":6,"key":"Sundial"},{"floor":8,"key":"Juzu Bracelet"},{"floor":9,"key":"Bottled Tornado"},{"floor":10,"key":"Bronze Scales"},{"floor":24,"key":"Red Mask"},{"floor":26,"key":"Strawberry"},{"floor":36,"key":"Pocketwatch"},{"floor":41,"key":"Vajra"},{"floor":43,"key":"Bottled Flame"}],"event_choices":[{"cards_removed":["Strike_R"],"damage_healed":0,"gold_gain":0,"player_choice":"Purged","damage_taken":0,"max_hp_gain":0,"max_hp_loss":0,"event_name":"Purifier","floor":5,"gold_loss":0},{"damage_healed":25,"gold_gain":0,"player_choice":"Banana","damage_taken":0,"max_hp_gain":0,"max_hp_loss":0,"event_name":"Big Fish","floor":11,"gold_loss":0},{"damage_healed":0,"gold_gain":0,"player_choice":"Entered Light","damage_taken":15,"max_hp_gain":0,"max_hp_loss":0,"event_name":"Shining Light","floor":12,"gold_loss":0,"cards_upgraded":["Shrug It Off","Clothesline"]},{"damage_healed":0,"gold_gain":0,"player_choice":"Got Potions","damage_taken":0,"max_hp_gain":0,"max_hp_loss":0,"event_name":"Lab","floor":13,"gold_loss":0},{"damage_healed":0,"gold_gain":0,"player_choice":"Ignored","damage_taken":0,"max_hp_gain":0,"max_hp_loss":0,"event_name":"Liars Game","floor":14,"gold_loss":0},{"damage_healed":0,"gold_gain":0,"player_choice":"Bought 1 Potion","damage_taken":0,"max_hp_gain":0,"max_hp_loss":0,"event_name":"The Woman in Blue","floor":19,"gold_loss":0},{"damage_healed":0,"gold_gain":0,"player_choice":"Opened","damage_taken":0,"relics_obtained":["Orichalcum"],"max_hp_gain":0,"max_hp_loss":0,"event_name":"The Mausoleum","floor":20,"gold_loss":0,"cards_obtained":["Writhe"]},{"damage_healed":0,"gold_gain":0,"player_choice":"Ignored","damage_taken":0,"max_hp_gain":0,"max_hp_loss":0,"event_name":"Vampires","floor":22,"gold_loss":0},{"damage_healed":0,"gold_gain":0,"player_choice":"Fought Bandits","damage_taken":0,"max_hp_gain":0,"max_hp_loss":0,"event_name":"Masked Bandits","floor":24,"gold_loss":0},{"cards_removed":["Writhe"],"damage_healed":0,"gold_gain":0,"player_choice":"Offered Curse","damage_taken":0,"relics_obtained":["Spirit Poop"],"max_hp_gain":0,"max_hp_loss":0,"event_name":"Bonfire Elementals","floor":31,"gold_loss":0},{"damage_healed":0,"gold_gain":0,"player_choice":"Fight","damage_taken":0,"max_hp_gain":0,"max_hp_loss":0,"event_name":"MindBloom","floor":36,"gold_loss":0},{"damage_healed":0,"gold_gain":0,"player_choice":"Max HP","damage_taken":0,"max_hp_gain":0,"max_hp_loss":4,"event_name":"Winding Halls","floor":37,"gold_loss":0},{"damage_healed":0,"gold_gain":0,"player_choice":"Ignored","damage_taken":0,"max_hp_gain":0,"max_hp_loss":0,"event_name":"Mysterious Sphere","floor":46,"gold_loss":0},{"damage_healed":0,"gold_gain":0,"player_choice":"Forge","damage_taken":0,"max_hp_gain":0,"max_hp_loss":0,"event_name":"Accursed Blacksmith","floor":47,"gold_loss":0,"cards_upgraded":["Fiend Fire"]}],"is_beta":false,"boss_relics":[{"not_picked":["Sozu","Empty Cage"],"picked":"Snecko Eye"},{"not_picked":["Philosopher\u0027s Stone","Mark of Pain"],"picked":"Fusion Hammer"}],"items_purged_floors":[39],"is_endless":false,"potions_floor_spawned":[3,10,16,35,42,44],"ascension_level":14}