{"gold_per_floor":[111,121,138,9,9,9,28,28,28,60,60,60,60,89,89,162,162,178,189,204,204,4,4,15,15,15,76,22,22,22,22,22,100,100,111,121,135,44,58,58,78,78,124,124],"floor_reached":44,"playtime":1654,"items_purged":["Defend_R","Strike_R"],"score":1211,"play_id":"85f648e7-04b9-40ac-9d00-2719c8cda94c","local_time":"20190528190723","is_ascension_mode":true,"campfire_choices":[{"data":"Inflame","floor":6,"key":"SMITH"},{"data":"Bash","floor":11,"key":"SMITH"},{"data":"Shrug It Off","floor":13,"key":"SMITH"},{"data":"Feed","floor":15,"key":"SMITH"},{"data":"Flame Barrier","floor":23,"key":"SMITH"},{"floor":25,"key":"REST"},{"floor":32,"key":"REST"},{"data":"Pommel Strike","floor":40,"key":"SMITH"}],"neow_cost":"TEN_PERCENT_HP_LOSS","seed_source_timestamp":0,"circlet_count":0,"master_deck":["AscendersBane","Strike_R","Strike_R","Defend_R","Defend_R","Bash+1","Inflame+1","Sword Boomerang+1","Shrug It Off+1","Pommel Strike+1","Feed+1","Double Tap","Heavy Blade+1","Inflame","Flame Barrier+1","Shrug It Off","Limit Break","Anger","J.A.X.","Limit Break","Headbutt","Limit Break","Shrug It Off","Sword Boomerang","Shrug It Off","Infernal Blade","Parasite","Sword Boomerang+1"],"special_seed":0,"relics":["Burning Blood","Mummified Hand","Dream Catcher","Sozu","Nloth\u0027s Gift","Paper Frog","Tiny Chest","Lizard Tail","Boot"],"potions_floor_usage":[10,14],"damage_taken":[{"damage":7,"enemies":"Small Slimes","floor":1,"turns":3},{"damage":11,"enemies":"2 Louse","floor":2,"turns":3},{"damage":4,"enemies":"Jaw Worm","floor":3,"turns":5},{"damage":24,"enemies":"Exordium Wildlife","floor":7,"turns":5},{"damage":17,"enemies":"3 Sentries","floor":10,"turns":4},{"damage":9,"enemies":"Lagavulin","floor":14,"turns":4},{"damage":40,"enemies":"Hexaghost","floor":16,"turns":9},{"damage":11,"enemies":"Spheric Guardian","floor":18,"turns":3},{"damage":24,"enemies":"3 Byrds","floor":19,"turns":4},{"damage":27,"enemies":"Snecko","floor":20,"turns":4},{"damage":32,"enemies":"Shelled Parasite and Fungi","floor":24,"turns":4},{"damage":25,"enemies":"Gremlin Leader","floor":27,"turns":5},{"damage":34,"enemies":"Champ","floor":33,"turns":5},{"damage":22,"enemies":"3 Darklings","floor":35,"turns":3},{"damage":16,"enemies":"Orb Walker","floor":36,"turns":2},{"damage":46,"enemies":"4 Shapes","floor":37,"turns":12},{"damage":28,"enemies":"Spire Growth","floor":39,"turns":4},{"damage":29,"enemies":"Writhing Mass","floor":41,"turns":6},{"damage":20,"enemies":"3 Darklings","floor":44,"turns":2}],"seed_played":"4291560682370074065","potions_obtained":[{"floor":7,"key":"SteroidPotion"},{"floor":10,"key":"Regen Potion"}],"is_trial":false,"path_per_floor":["M","M","M","$","?","R","M","?","T","E","R","?","R","E","R","B",null,"M","M","M","?","$","R","M","R","T","E","$","?","?","?","R","B",null,"M","M","M","$","M","R","M","$","T","M"],"character_chosen":"IRONCLAD","items_purchased":["Shrug It Off","Flame Barrier","Shrug It Off","Anger","Shrug It Off","Infernal Blade"],"campfire_rested":2,"item_purchase_floors":[4,22,22,28,38,38],"current_hp_per_floor":[67,62,64,64,64,64,46,39,49,38,38,38,38,47,47,13,62,61,47,30,30,30,30,8,36,36,17,17,17,17,17,45,17,75,59,49,13,13,41,41,18,18,18,0],"gold":124,"neow_bonus":"TRANSFORM_TWO_CARDS","is_prod":false,"is_daily":false,"chose_seed":false,"campfire_upgraded":6,"win_rate":0,"timestamp":1559095643,"path_taken":["M","M","M","$","?","R","M","?","T","E","R","?","R","E","R","BOSS","M","M","M","?","$","R","?","R","T","E","?","?","?","?","R","BOSS","M","?","M","$","M","R","M","$","T","M"],"build_version":"2019-01-23","purchased_purges":2,"victory":false,"max_hp_per_floor":[68,68,68,68,68,68,68,68,78,78,78,78,78,78,78,78,78,82,86,90,90,90,90,94,94,94,94,94,94,94,94,94,94,94,94,94,98,98,98,98,98,98,98,98],"card_choices":[{"not_picked":["Thunderclap","Flex","Iron Wave"],"picked":"SKIP","floor":1},{"not_picked":["Iron Wave","Clothesline"],"picked":"Inflame","floor":2},{"not_picked":["Perfected Strike","Dark Embrace"],"picked":"Sword Boomerang","floor":3},{"not_picked":["True Grit","Entrench"],"picked":"Pommel Strike","floor":7},{"not_picked":["Havoc","Sever Soul","Bloodletting"],"picked":"SKIP","floor":10},{"not_picked":["Iron Wave","Thunderclap"],"picked":"Feed","floor":14},{"not_picked":["Impervious","Exhume"],"picked":"Double Tap","floor":16},{"not_picked":["Combust","Iron Wave","Thunderclap"],"picked":"SKIP","floor":18},{"not_picked":["Combust","Iron Wave","Thunderclap"],"picked":"SKIP","floor":18},{"not_picked":["Clash","Armaments"],"picked":"Heavy Blade+1","floor":19},{"not_picked":["Wild Strike","Heavy Blade"],"picked":"Inflame","floor":20},{"not_picked":["Burning Pact+1","Twin Strike","Sever Soul"],"picked":"SKIP","floor":24},{"not_picked":["Thunderclap","Burning Pact"],"picked":"Limit Break","floor":27},{"not_picked":["Reckless Charge","Wild Strike"],"picked":"Headbutt","floor":32},{"not_picked":["Double Tap","Fiend Fire"],"picked":"Limit Break","floor":33},{"not_picked":["Warcry","Havoc","Perfected Strike"],"picked":"SKIP","floor":35},{"not_picked":["Uppercut","True Grit+1"],"picked":"Shrug It Off","floor":36},{"not_picked":["Searing Blow","Combust"],"picked":"Sword Boomerang","floor":37},{"not_picked":["Headbutt","Uppercut","Cleave"],"picked":"SKIP","floor":39},{"not_picked":["Corruption+1","Rampage"],"picked":"Sword Boomerang+1","floor":41}],"player_experience":492778,"relics_obtained":[{"floor":9,"key":"Pear"},{"floor":10,"key":"Mummified Hand"},{"floor":14,"key":"Dream Catcher"},{"floor":26,"key":"Paper Frog"},{"floor":27,"key":"Tiny Chest"},{"floor":43,"key":"Boot"}],"event_choices":[{"damage_healed":0,"gold_gain":0,"player_choice":"Leave","damage_taken":0,"max_hp_gain":0,"max_hp_loss":0,"event_name":"The Cleric","floor":5,"gold_loss":0},{"cards_removed":["Strike_R"],"damage_healed":0,"gold_gain":0,"player_choice":"Card Removal","damage_taken":7,"max_hp_gain":0,"max_hp_loss":0,"event_name":"Golden Wing","floor":8,"gold_loss":0},{"damage_healed":0,"gold_gain":0,"player_choice":"Grow","damage_taken":0,"max_hp_gain":0,"max_hp_loss":0,"event_name":"Living Wall","floor":12,"gold_loss":0,"cards_upgraded":["Sword Boomerang"]},{"damage_healed":0,"gold_gain":0,"player_choice":"Traded Relic","damage_taken":0,"relics_obtained":["Nloth\u0027s Gift"],"max_hp_gain":0,"max_hp_loss":0,"event_name":"N\u0027loth","floor":21,"relics_lost":["Pear"],"gold_loss":0},{"damage_healed":0,"gold_gain":0,"player_choice":"Obtain J.A.X.","damage_taken":0,"max_hp_gain":0,"max_hp_loss":0,"event_name":"Drug Dealer","floor":29,"gold_loss":0,"cards_obtained":["J.A.X."]},{"damage_healed":0,"gold_gain":0,"player_choice":"1 cards matched","damage_taken":0,"max_hp_gain":0,"max_hp_loss":0,"event_name":"Match and Keep!","floor":31,"gold_loss":0,"cards_obtained":["Limit Break"]}],"is_beta":false,"boss_relics":[{"not_picked":["White Beast Statue","Calling Bell"],"picked":"Sozu"},{"not_picked":["Fusion Hammer","Runic Dome"],"picked":"Lizard Tail"}],"items_purged_floors":[4,22],"is_endless":false,"potions_floor_spawned":[7,10,18,20,33,39,41],"killed_by":"3 Darklings","ascension_level":18}