{"gold_per_floor":[112,123,298,310,310,338,338,365,365,110,110,127,77,89,89,191,191,201,220,220,120,131,131,131,131,131,148,179,179,197,207,207,312,312,331,345,62,111,111,138,138,150,150,150,168,194,194,212,212,212],"floor_reached":51,"playtime":3835,"items_purged":["Strike_B","Strike_B","Strike_B"],"score":862,"play_id":"ec8de4e7-352b-4ad2-a0dd-a1b844ebce52","local_time":"20190609164205","is_ascension_mode":false,"campfire_choices":[{"data":"Sweeping Beam","floor":7,"key":"SMITH"},{"data":"Hello World","floor":11,"key":"SMITH"},{"floor":15,"key":"REST"},{"data":"Echo Form","floor":23,"key":"SMITH"},{"data":"Zap","floor":25,"key":"SMITH"},{"floor":32,"key":"REST"},{"data":"Thunder Strike","floor":41,"key":"SMITH"},{"floor":44,"key":"REST"},{"floor":47,"key":"REST"},{"floor":49,"key":"REST"}],"neow_cost":"PERCENT_DAMAGE","seed_source_timestamp":2205272880753575,"circlet_count":0,"master_deck":["Defend_B","Defend_B","Defend_B","Defend_B","Zap+1","Dualcast","Sweeping Beam+1","Cold Snap","Doubt","Regret","Undo+1","Conserve Battery+1","Hello World+1","Core Surge","Leap+1","Echo Form+1","Shame","Fusion+1","Thunder Strike+1","Dagger Throw","Loop+1"],"relics":["Cracked Core","Du-Vu Doll","Toxic Egg 2","Mercury Hourglass","Oddly Smooth Stone","Sundial","Nuclear Battery","Meat on the Bone","Singing Bowl","Dream Catcher","Incense Burner","Busted Crown","Ginger","Torii","Cables","Ancient Tea Set"],"potions_floor_usage":[8,33,38,46,46,50],"damage_taken":[{"damage":1,"enemies":"Jaw Worm","floor":1,"turns":3},{"damage":2,"enemies":"Small Slimes","floor":2,"turns":3},{"damage":0,"enemies":"2 Louse","floor":4,"turns":2},{"damage":21,"enemies":"3 Sentries","floor":6,"turns":7},{"damage":6,"enemies":"Lagavulin","floor":8,"turns":7},{"damage":5,"enemies":"2 Fungi Beasts","floor":12,"turns":3},{"damage":0,"enemies":"Red Slaver","floor":14,"turns":2},{"damage":36,"enemies":"Hexaghost","floor":16,"turns":10},{"damage":22,"enemies":"2 Thieves","floor":18,"turns":4},{"damage":2,"enemies":"3 Byrds","floor":19,"turns":4},{"damage":8,"enemies":"Centurion and Healer","floor":22,"turns":4},{"damage":11,"enemies":"Chosen and Byrds","floor":27,"turns":6},{"damage":25,"enemies":"Book of Stabbing","floor":28,"turns":5},{"damage":1,"enemies":"Snake Plant","floor":30,"turns":5},{"damage":21,"enemies":"Snecko","floor":31,"turns":5},{"damage":22,"enemies":"Automaton","floor":33,"turns":8},{"damage":5,"enemies":"Orb Walker","floor":35,"turns":3},{"damage":5,"enemies":"3 Shapes","floor":36,"turns":4},{"damage":39,"enemies":"2 Orb Walkers","floor":38,"turns":4},{"damage":35,"enemies":"Nemesis","floor":40,"turns":7},{"damage":26,"enemies":"Spire Growth","floor":42,"turns":6},{"damage":34,"enemies":"Writhing Mass","floor":45,"turns":6},{"damage":28,"enemies":"Reptomancer","floor":46,"turns":5},{"damage":3,"enemies":"3 Darklings","floor":48,"turns":5},{"damage":53,"enemies":"Awakened One","floor":50,"turns":14}],"seed_played":"3107777727730739594","potions_obtained":[{"floor":2,"key":"Dexterity Potion"},{"floor":12,"key":"Weak Potion"},{"floor":16,"key":"GamblersBrew"},{"floor":28,"key":"SteroidPotion"},{"floor":33,"key":"Strength Potion"},{"floor":42,"key":"Explosive Potion"},{"floor":48,"key":"EssenceOfSteel"}],"is_trial":false,"path_per_floor":["M","M","?","M","?","E","R","E","T","$","R","M","?","M","R","B",null,"M","M","?","$","M","R","?","R","T","M","E","?","M","M","R","B",null,"M","M","$","?","?","E","R","M","T","R","M","E","R","M","R","B",null],"character_chosen":"DEFECT","items_purchased":["Strength Potion","Conserve Battery+1","Hello World","Thunder Strike"],"campfire_rested":5,"item_purchase_floors":[10,10,10,37],"current_hp_per_floor":[53,51,51,51,51,30,30,24,24,24,24,19,19,19,41,5,75,53,51,51,51,43,43,43,43,43,46,35,35,48,41,65,45,85,82,79,79,54,54,33,33,21,21,51,29,15,46,57,89,48],"gold":212,"neow_bonus":"ONE_RARE_RELIC","is_prod":false,"is_daily":false,"chose_seed":false,"campfire_upgraded":5,"win_rate":0,"timestamp":1560069725,"path_taken":["M","M","?","M","?","E","R","E","T","$","R","M","?","M","R","BOSS","M","M","?","$","M","R","?","R","T","M","E","?","M","M","R","BOSS","M","M","$","?","?","E","R","M","T","R","?","E","R","M","R","BOSS"],"build_version":"2019-01-23","purchased_purges":3,"victory":true,"max_hp_per_floor":[75,75,75,75,75,75,75,75,75,75,75,75,75,75,75,75,75,75,75,75,75,75,75,75,75,75,77,79,79,81,83,83,85,85,87,89,89,91,91,93,93,95,95,97,97,99,101,103,105,105],"card_choices":[{"not_picked":["Compile Driver","Conserve Battery"],"picked":"Sweeping Beam","floor":1},{"not_picked":["Sweeping Beam","Barrage"],"picked":"Cold Snap","floor":2},{"not_picked":["Reboot","Coolheaded","Hologram"],"picked":"SKIP","floor":4},{"not_picked":["Beam Cell","Gash"],"picked":"Undo+1","floor":6},{"not_picked":["Melter","Reprogram+1"],"picked":"Rebound","floor":8},{"not_picked":["Gash","Recycle+1"],"picked":"Core Surge","floor":12},{"not_picked":["Cold Snap","Gash"],"picked":"Leap+1","floor":14},{"not_picked":["Electrodynamics","Core Surge"],"picked":"Echo Form","floor":16},{"not_picked":["Coolheaded+1","Stack+1","Go for the Eyes"],"picked":"SKIP","floor":18},{"not_picked":["Fusion+1","Double Energy+1","Beam Cell"],"picked":"SKIP","floor":19},{"not_picked":["Conserve Battery+1","Rip and Tear","Steam+1"],"picked":"SKIP","floor":22},{"not_picked":["Rebound","Go for the Eyes","BootSequence+1"],"picked":"Singing Bowl","floor":27},{"not_picked":["Heatsinks","Lockon+1","Ball Lightning"],"picked":"Singing Bowl","floor":28},{"not_picked":["Redo+1","Sweeping Beam","BootSequence+1"],"picked":"Singing Bowl","floor":30},{"not_picked":["Glacier+1","Gash","Scrape+1"],"picked":"Singing Bowl","floor":31},{"not_picked":["Turbo+1","Chill+1"],"picked":"Fusion+1","floor":32},{"not_picked":["Meteor Strike","All For One","Buffer"],"picked":"Singing Bowl","floor":33},{"not_picked":["Steam+1"],"picked":"Singing Bowl","floor":35},{"not_picked":["Aggregate+1"],"picked":"Singing Bowl","floor":36},{"not_picked":["Compile Driver+1"],"picked":"Singing Bowl","floor":38},{"not_picked":["Ball Lightning+1"],"picked":"Singing Bowl","floor":40},{"not_picked":["Double Energy+1"],"picked":"Singing Bowl","floor":42},{"not_picked":["Beam Cell"],"picked":"Singing Bowl","floor":44},{"not_picked":[],"picked":"Loop+1","floor":45},{"not_picked":["Barrage"],"picked":"Singing Bowl","floor":46},{"not_picked":["Gash+1"],"picked":"Singing Bowl","floor":47},{"not_picked":["Streamline+1"],"picked":"Singing Bowl","floor":48},{"not_picked":["Conserve Battery+1"],"picked":"Singing Bowl","floor":49}],"player_experience":173888,"relics_obtained":[{"floor":6,"key":"Mercury Hourglass"},{"floor":8,"key":"Oddly Smooth Stone"},{"floor":9,"key":"Sundial"},{"floor":26,"key":"Dream Catcher"},{"floor":28,"key":"Incense Burner"},{"floor":38,"key":"Ginger"},{"floor":40,"key":"Torii"},{"floor":43,"key":"Cables"},{"floor":46,"key":"Ancient Tea Set"}],"event_choices":[{"damage_healed":0,"gold_gain":175,"player_choice":"AGREE","damage_taken":0,"max_hp_gain":0,"max_hp_loss":0,"event_name":"Liars Game","floor":3,"gold_loss":0,"cards_obtained":["Doubt"]},{"damage_healed":0,"gold_gain":0,"player_choice":"Box","damage_taken":0,"relics_obtained":["Toxic Egg 2"],"max_hp_gain":0,"max_hp_loss":0,"event_name":"Big Fish","floor":5,"gold_loss":0,"cards_obtained":["Regret"]},{"cards_removed":["Strike_B"],"damage_healed":0,"gold_gain":0,"player_choice":"Card Removal","damage_taken":0,"max_hp_gain":0,"max_hp_loss":0,"event_name":"The Cleric","floor":13,"gold_loss":50},{"damage_healed":0,"gold_gain":0,"player_choice":"Stole Relic","damage_taken":0,"relics_obtained":["Meat on the Bone"],"max_hp_gain":0,"max_hp_loss":0,"event_name":"Addict","floor":20,"gold_loss":0,"cards_obtained":["Shame"]},{"damage_healed":0,"gold_gain":0,"player_choice":"Opened","damage_taken":0,"relics_obtained":["Singing Bowl"],"max_hp_gain":0,"max_hp_loss":0,"event_name":"The Mausoleum","floor":24,"gold_loss":0},{"damage_healed":0,"gold_gain":0,"player_choice":"Bought 0 Potions","damage_taken":0,"max_hp_gain":0,"max_hp_loss":0,"event_name":"The Woman in Blue","floor":29,"gold_loss":0},{"damage_healed":0,"gold_gain":0,"player_choice":"Fight","damage_taken":0,"max_hp_gain":0,"max_hp_loss":0,"event_name":"Mysterious Sphere","floor":38,"gold_loss":0},{"cards_removed":["Rebound"],"damage_healed":0,"gold_gain":0,"player_choice":"Took Card","damage_taken":0,"max_hp_gain":0,"max_hp_loss":0,"event_name":"NoteForYourself","floor":39,"gold_loss":0,"cards_obtained":["Dagger Throw"]}],"is_beta":false,"boss_relics":[{"not_picked":["Runic Pyramid","Pandora\u0027s Box"],"picked":"Nuclear Battery"},{"not_picked":["White Beast Statue","Velvet Choker"],"picked":"Busted Crown"}],"items_purged_floors":[10,21,37],"is_endless":false,"potions_floor_spawned":[2,12,16,19,28,33,35,42,48],"ascension_level":0}