{"gold_per_floor":[116,66,66,22,72,72,104,116,116,116,133,164,184,210,210,287,337,352,339,170,0,10,10,26,26,26,26,38,38],"floor_reached":29,"playtime":1191,"items_purged":[],"score":482,"play_id":"fdf59383-f825-4c0a-8ab1-9b236d655d5b","local_time":"20190502200542","is_ascension_mode":true,"campfire_choices":[{"data":"Uppercut","floor":6.0,"key":"SMITH"},{"data":"Flame Barrier","floor":10.0,"key":"SMITH"},{"data":"Bash","floor":15.0,"key":"SMITH"},{"data":"Limit Break","floor":23,"key":"SMITH"},{"data":"Perfected Strike","floor":27,"key":"SMITH"}],"neow_cost":"NONE","seed_source_timestamp":724978686485600,"circlet_count":0,"master_deck":["AscendersBane","Strike_R","Strike_R","Strike_R","Strike_R","Strike_R","Defend_R","Defend_R+1","Defend_R","Bash+1","Headbutt+1","Shrug It Off","Uppercut+1","Flame Barrier+1","Carnage+1","Inflame","Infernal Blade","Evolve","Inflame","Perfected Strike+1","Perfected Strike+1","Limit Break+1","Pommel Strike","Inflame","Shrug It Off"],"special_seed":0,"relics":["Burning Blood","NeowsBlessing","Letter Opener","Whetstone","Anchor","Boot","Tiny House","Darkstone Periapt"],"potions_floor_usage":[24],"damage_taken":[{"damage":0.0,"enemies":"2 Louse","floor":1.0,"turns":1.0},{"damage":0.0,"enemies":"Lagavulin","floor":7.0,"turns":1.0},{"damage":0.0,"enemies":"Small Slimes","floor":8.0,"turns":1.0},{"damage":1.0,"enemies":"Cultist","floor":11.0,"turns":3.0},{"damage":14.0,"enemies":"3 Sentries","floor":12.0,"turns":6.0},{"damage":11.0,"enemies":"Large Slime","floor":13.0,"turns":3.0},{"damage":20.0,"enemies":"Lagavulin","floor":14.0,"turns":7.0},{"damage":25.0,"enemies":"Hexaghost","floor":16.0,"turns":9.0},{"damage":2.0,"enemies":"3 Byrds","floor":18.0,"turns":4.0},{"damage":13.0,"enemies":"2 Thieves","floor":19.0,"turns":5.0},{"damage":10,"enemies":"Snake Plant","floor":22,"turns":3},{"damage":21,"enemies":"Chosen and Byrds","floor":24,"turns":6},{"damage":45,"enemies":"Sentry and Sphere","floor":28,"turns":6},{"damage":8,"enemies":"Snake Plant","floor":29,"turns":1}],"seed_played":"8688197254500595974","potions_obtained":[{"floor":7.0,"key":"Weak Potion"},{"floor":8.0,"key":"Energy Potion"},{"floor":13.0,"key":"PowerPotion"},{"floor":14.0,"key":"GamblersBrew"},{"floor":17.0,"key":"SteroidPotion"},{"floor":22,"key":"AttackPotion"}],"is_trial":false,"path_per_floor":["M","$","?","$","?","R","E","M","T","R","M","E","M","E","R","B",null,"M","M","$","?","M","R","M","$","T","R","M","M"],"character_chosen":"IRONCLAD","items_purchased":["Shrug It Off","Uppercut","Limit Break"],"campfire_rested":0,"item_purchase_floors":[2,4,20],"current_hp_per_floor":[74,74,67,67,67,67,73,75,75,75,75,67,62,48,48,29,69,73,66,66,66,62,62,47,47,47,47,8,0],"gold":38,"neow_bonus":"THREE_ENEMY_KILL","is_prod":false,"is_daily":false,"chose_seed":false,"campfire_upgraded":5,"win_rate":0,"timestamp":1556841942,"path_taken":["M","$","?","$","?","R","E","M","T","R","?","E","M","E","R","BOSS","M","M","$","?","M","R","M","$","T","R","M","M"],"build_version":"2019-01-23","purchased_purges":0,"victory":false,"max_hp_per_floor":[75,75,75,75,75,75,75,75,75,75,75,75,75,75,75,75,80,80,80,80,80,80,80,80,80,80,80,80,80],"card_choices":[{"not_picked":["Heavy Blade","Dual Wield"],"picked":"Headbutt","floor":1.0},{"not_picked":["Sword Boomerang","Bloodletting"],"picked":"Flame Barrier","floor":7.0},{"not_picked":["Feel No Pain","Thunderclap"],"picked":"Carnage","floor":8.0},{"not_picked":["Pommel Strike","Flex"],"picked":"Inflame","floor":11.0},{"not_picked":["Rupture","Brutality"],"picked":"Infernal Blade","floor":12.0},{"not_picked":["Armaments","Heavy Blade","True Grit"],"picked":"SKIP","floor":13.0},{"not_picked":["Intimidate","Entrench"],"picked":"Evolve","floor":14.0},{"not_picked":["Pommel Strike","Reckless Charge"],"picked":"Inflame","floor":17.0},{"not_picked":["True Grit","Headbutt"],"picked":"Perfected Strike","floor":18.0},{"not_picked":["Anger","Clash"],"picked":"Perfected Strike+1","floor":19.0},{"not_picked":["Body Slam","Inflame"],"picked":"Pommel Strike","floor":22},{"not_picked":["Warcry","Clash"],"picked":"Inflame","floor":24},{"not_picked":["Havoc","Berserk"],"picked":"Shrug It Off","floor":28}],"player_experience":415219,"relics_obtained":[{"floor":7.0,"key":"Letter Opener"},{"floor":9.0,"key":"Whetstone"},{"floor":12.0,"key":"Anchor"},{"floor":14.0,"key":"Boot"},{"floor":26,"key":"Darkstone Periapt"}],"event_choices":[{"cards_removed":["Defend_R"],"damage_healed":0.0,"max_hp_gain":0.0,"max_hp_loss":0.0,"gold_gain":0.0,"event_name":"Golden Wing","player_choice":"Card Removal","floor":3.0,"gold_loss":0.0,"damage_taken":7.0},{"damage_healed":0.0,"max_hp_gain":0.0,"max_hp_loss":0.0,"gold_gain":50.0,"event_name":"Golden Shrine","player_choice":"Pray","floor":5.0,"gold_loss":0.0,"damage_taken":0.0},{"damage_healed":0,"gold_gain":0,"player_choice":"Paid Fearfully","damage_taken":0,"max_hp_gain":0,"max_hp_loss":0,"event_name":"Masked Bandits","floor":21,"gold_loss":170}],"is_beta":false,"boss_relics":[{"not_picked":["Lizard Tail","Coffee Dripper"],"picked":"Tiny House"}],"items_purged_floors":[],"is_endless":false,"potions_floor_spawned":[7,8,11,13,14,19,22],"killed_by":"Snake Plant","ascension_level":16}