{"gold_per_floor":[109,109,120,120,220,220,230,295,346,346,373,389,389,21,21,122,122,77,77,77,77,2,2,2,2,2,2,2,2,2,0,0,0],"floor_reached":33,"playtime":5897,"items_purged":["Defend_R"],"score":454,"play_id":"3b9e282c-a124-47d4-885d-c384df0a10a5","local_time":"20190404141259","is_ascension_mode":true,"campfire_choices":[{"data":"Evolve","floor":6.0,"key":"SMITH"},{"floor":10.0,"key":"REST"},{"floor":13.0,"key":"REST"},{"floor":15.0,"key":"REST"},{"data":"Battle Trance","floor":24,"key":"SMITH"},{"floor":32,"key":"REST"}],"neow_cost":"NONE","seed_source_timestamp":0,"circlet_count":0,"master_deck":["AscendersBane","Strike_R","Strike_R","Strike_R+1","Defend_R+1","Defend_R+1","Defend_R+1","Bash","Evolve+1","Reaper","Immolate","Battle Trance+1","Wild Strike","Flame Barrier","Spot Weakness","Clothesline+1","Wild Strike"],"special_seed":0,"relics":["Burning Blood","NeowsBlessing","Tiny Chest","Art of War","Shuriken","War Paint","Bag of Preparation","Ectoplasm","Frozen Egg 2","Anchor","Question Card","PreservedInsect"],"potions_floor_usage":[],"damage_taken":[{"damage":0.0,"enemies":"Jaw Worm","floor":1.0,"turns":1.0},{"damage":0.0,"enemies":"2 Louse","floor":3.0,"turns":1.0},{"damage":0.0,"enemies":"Cultist","floor":7.0,"turns":1.0},{"damage":36.0,"enemies":"3 Sentries","floor":8.0,"turns":13.0},{"damage":52.0,"enemies":"Gremlin Nob","floor":11.0,"turns":6.0},{"damage":16.0,"enemies":"3 Louse","floor":12.0,"turns":4.0},{"damage":49.0,"enemies":"Slime Boss","floor":16.0,"turns":9.0},{"damage":17,"enemies":"2 Thieves","floor":18,"turns":3},{"damage":12,"enemies":"Spheric Guardian","floor":19,"turns":4},{"damage":14,"enemies":"Centurion and Healer","floor":21,"turns":6},{"damage":2,"enemies":"Gremlin Leader","floor":23,"turns":4},{"damage":35,"enemies":"Shelled Parasite and Fungi","floor":25,"turns":8},{"damage":6,"enemies":"3 Cultists","floor":27,"turns":3},{"damage":55,"enemies":"Slavers","floor":29,"turns":6},{"damage":70,"enemies":"Automaton","floor":33,"turns":6}],"seed_played":"-7691450910505672969","potions_obtained":[{"floor":3.0,"key":"Block Potion"},{"floor":7.0,"key":"SpeedPotion"},{"floor":12.0,"key":"PowerPotion"},{"floor":19,"key":"Energy Potion"},{"floor":23,"key":"Energy Potion"}],"is_trial":false,"path_per_floor":["M","?","M","?","?","R","M","E","T","R","E","M","R","$","R","B",null,"M","M","?","M","?","E","R","M","T","M","?","E","T","?","R","B"],"character_chosen":"IRONCLAD","items_purchased":["War Paint","Bag of Preparation"],"campfire_rested":4,"item_purchase_floors":[14,14],"current_hp_per_floor":[78,62,68,61,61,61,67,37,37,61,21,23,47,47,71,44,71,60,54,80,72,72,76,76,47,47,59,59,25,25,25,49,0],"gold":0,"neow_bonus":"THREE_ENEMY_KILL","is_prod":false,"is_daily":false,"chose_seed":false,"campfire_upgraded":2,"win_rate":0,"timestamp":1554401579,"path_taken":["M","?","M","?","?","R","?","E","T","R","E","M","R","$","R","BOSS","M","M","?","M","?","E","R","M","T","M","?","E","?","?","R","BOSS"],"build_version":"2019-01-23","purchased_purges":1,"victory":false,"max_hp_per_floor":[80,80,80,80,80,80,80,80,80,80,80,80,80,80,80,80,80,80,80,80,80,80,80,80,80,80,80,80,80,80,80,80,80],"card_choices":[{"not_picked":["Clash","Perfected Strike"],"picked":"Evolve","floor":1.0},{"not_picked":["Blood for Blood","Iron Wave","Headbutt"],"picked":"SKIP","floor":3.0},{"not_picked":["Headbutt","Perfected Strike","Flex"],"picked":"SKIP","floor":7.0},{"not_picked":["Ghostly Armor","Dropkick"],"picked":"Reaper","floor":8.0},{"not_picked":["Combust","Clash","Warcry"],"picked":"SKIP","floor":11.0},{"not_picked":["Pommel Strike","Burning Pact","Flex"],"picked":"SKIP","floor":12.0},{"not_picked":["Dark Embrace","Barricade"],"picked":"Immolate","floor":16.0},{"not_picked":["Intimidate","Burning Pact+1"],"picked":"Battle Trance","floor":18},{"not_picked":["Twin Strike","Armaments"],"picked":"Wild Strike","floor":19},{"not_picked":["Pommel Strike","Clothesline","Burning Pact"],"picked":"SKIP","floor":21},{"not_picked":["Evolve+1","Exhume"],"picked":"Flame Barrier","floor":23},{"not_picked":["Ghostly Armor","Anger"],"picked":"Spot Weakness","floor":25},{"not_picked":["Pommel Strike","Twin Strike"],"picked":"Clothesline+1","floor":27},{"not_picked":["Battle Trance","Sentinel"],"picked":"Wild Strike","floor":29}],"player_experience":987479,"relics_obtained":[{"floor":8.0,"key":"Tiny Chest"},{"floor":9.0,"key":"Art of War"},{"floor":11.0,"key":"Shuriken"},{"floor":23,"key":"Frozen Egg 2"},{"floor":26,"key":"Anchor"},{"floor":29,"key":"Question Card"},{"floor":30,"key":"PreservedInsect"}],"event_choices":[{"damage_healed":0.0,"max_hp_gain":0.0,"max_hp_loss":0.0,"gold_gain":0.0,"event_name":"Shining Light","player_choice":"Entered Light","floor":2.0,"gold_loss":0.0,"damage_taken":16.0,"cards_upgraded":["Defend_R","Strike_R"]},{"cards_removed":["Strike_R"],"damage_healed":0.0,"max_hp_gain":0.0,"max_hp_loss":0.0,"gold_gain":0.0,"event_name":"Golden Wing","player_choice":"Card Removal","floor":4.0,"gold_loss":0.0,"damage_taken":7.0},{"damage_healed":0.0,"max_hp_gain":0.0,"max_hp_loss":0.0,"gold_gain":100.0,"event_name":"Golden Shrine","player_choice":"Pray","floor":5.0,"gold_loss":0.0,"damage_taken":0.0},{"damage_healed":26,"gold_gain":0,"player_choice":"Heal","damage_taken":0,"max_hp_gain":0,"max_hp_loss":0,"event_name":"The Library","floor":20,"gold_loss":0},{"cards_removed":["Strike_R"],"damage_healed":0,"gold_gain":0,"player_choice":"Gave Gold","damage_taken":0,"max_hp_gain":0,"max_hp_loss":0,"event_name":"Beggar","floor":22,"gold_loss":75},{"damage_healed":0,"gold_gain":0,"player_choice":"Ignored","damage_taken":0,"max_hp_gain":0,"max_hp_loss":0,"event_name":"Ghosts","floor":28,"gold_loss":0},{"damage_healed":0,"gold_gain":0,"player_choice":"Paid Fearfully","damage_taken":0,"max_hp_gain":0,"max_hp_loss":0,"event_name":"Masked Bandits","floor":31,"gold_loss":2}],"is_beta":false,"boss_relics":[{"not_picked":["Black Star","Cursed Key"],"picked":"Ectoplasm"}],"items_purged_floors":[14],"is_endless":false,"potions_floor_spawned":[3,7,12,19,23,25],"killed_by":"Automaton","ascension_level":11}