{"gold_per_floor":[113,113,188,13,34,67,81,81,81,6,49,49,74,74,74,74],"floor_reached":16,"playtime":1418,"items_purged":["Strike_B"],"score":200,"play_id":"fb4477d6-fc23-47da-999c-0e725947c580","local_time":"20190118232556","is_ascension_mode":true,"campfire_choices":[{"floor":8.0,"key":"REST"},{"floor":15,"key":"REST"}],"neow_cost":"NONE","seed_source_timestamp":3207525596560433,"circlet_count":0,"master_deck":["AscendersBane","Strike_B","Strike_B","Strike_B","Defend_B","Defend_B","Defend_B","Defend_B","Zap","Dualcast","Conserve Battery","Leap","Sunder","White Noise+1","Gash+1","Auto Shields"],"special_seed":0,"relics":["Cracked Core","NeowsBlessing","Golden Idol","Oddly Smooth Stone","Molten Egg 2","Question Card","Vajra","Bag of Preparation"],"potions_floor_usage":[11],"damage_taken":[{"damage":0.0,"enemies":"2 Louse","floor":1.0,"turns":1.0},{"damage":0.0,"enemies":"Jaw Worm","floor":5.0,"turns":1.0},{"damage":0.0,"enemies":"Lagavulin","floor":6.0,"turns":1.0},{"damage":0.0,"enemies":"Cultist","floor":7.0,"turns":3.0},{"damage":14,"enemies":"Gremlin Nob","floor":11,"turns":4},{"damage":1,"enemies":"Blue Slaver","floor":13,"turns":4},{"damage":44,"enemies":"The Guardian","floor":16,"turns":10}],"seed_played":"-2514517605672334149","potions_obtained":[{"floor":5.0,"key":"Ancient Potion"},{"floor":6.0,"key":"GamblersBrew"},{"floor":7.0,"key":"Ancient Potion"},{"floor":13,"key":"Ancient Potion"}],"is_trial":false,"path_per_floor":["M","?","?","$","M","E","M","R","T","$","E","?","M","?","R","B"],"character_chosen":"DEFECT","items_purchased":["Oddly Smooth Stone","Leap"],"campfire_rested":2,"item_purchase_floors":[4,4],"current_hp_per_floor":[68,50,39,39,39,39,39,61,61,61,47,22,21,21,43,0],"gold":74,"neow_bonus":"THREE_ENEMY_KILL","is_prod":false,"is_daily":false,"chose_seed":false,"campfire_upgraded":0,"win_rate":0,"timestamp":1547871956,"path_taken":["M","?","?","?","M","E","?","R","T","$","E","?","M","?","R","BOSS"],"build_version":"2019-01-17v2","purchased_purges":1,"victory":false,"max_hp_per_floor":[75,75,75,75,75,75,75,75,75,75,75,75,75,75,75,75],"card_choices":[{"not_picked":["Reprogram","Stack"],"picked":"Conserve Battery","floor":1.0},{"not_picked":["Steam","Rebound"],"picked":"Sunder","floor":5.0},{"not_picked":["Fusion","Blizzard"],"picked":"White Noise","floor":6.0},{"not_picked":["Hologram","Static Discharge"],"picked":"Gash+1","floor":7.0},{"not_picked":["Rip and Tear+1","Reprogram","Chaos"],"picked":"Auto Shields","floor":11},{"not_picked":["Leap","Hyperbeam+1","Sunder+1","Compile Driver+1"],"picked":"SKIP","floor":13}],"player_experience":743845,"relics_obtained":[{"floor":6.0,"key":"Molten Egg 2"},{"floor":9.0,"key":"Question Card"},{"floor":11,"key":"Vajra"}],"event_choices":[{"damage_healed":0.0,"max_hp_gain":0.0,"max_hp_loss":0.0,"gold_gain":0.0,"event_name":"Golden Idol","player_choice":"Take Damage","floor":2.0,"gold_loss":0.0,"damage_taken":18.0,"relics_obtained":["Golden Idol"]},{"damage_healed":0.0,"max_hp_gain":0.0,"max_hp_loss":0.0,"gold_gain":75.0,"event_name":"World of Goop","player_choice":"Gather Gold","floor":3.0,"gold_loss":0.0,"damage_taken":11.0},{"damage_healed":0,"gold_gain":0,"player_choice":"Success","damage_taken":25,"relics_obtained":["Bag of Preparation"],"max_hp_gain":0,"max_hp_loss":0,"event_name":"Scrap Ooze","floor":12,"gold_loss":0},{"damage_healed":0,"gold_gain":0,"player_choice":"Grow","damage_taken":0,"max_hp_gain":0,"max_hp_loss":0,"event_name":"Living Wall","floor":14,"gold_loss":0,"cards_upgraded":["White Noise"]}],"is_beta":false,"boss_relics":[],"items_purged_floors":[10],"is_endless":false,"potions_floor_spawned":[5,6,7,13],"killed_by":"The Guardian","ascension_level":10}