{"gold_per_floor":[110,121,137,156,169,169,196,213,293,293,293,304,322,340,340,443,443,458,398],"floor_reached":19,"playtime":1483,"items_purged":[],"score":175,"play_id":"11f2ee7a-7cda-4c10-bcc0-d0473b8d791e","local_time":"20180720155055","is_ascension_mode":false,"campfire_choices":[{"floor":6,"key":"REST"},{"floor":10,"key":"REST"},{"floor":15,"key":"REST"}],"neow_cost":"CURSE","seed_source_timestamp":1061512743344,"circlet_count":0,"master_deck":["Strike_R","Strike_R","Strike_R","Strike_R","Strike_R","Defend_R","Defend_R","Defend_R","Defend_R","Bash","Injury","Shockwave","Inflame","Pummel","Perfected Strike","Battle Trance","Flame Barrier","Uppercut","Berserk","Flex","Dual Wield","Feed","Infernal Blade","Metallicize","Flex","Infernal Blade","Cleave","Metallicize"],"relics":["Burning Blood","Unceasing Top","Art of War","Tiny Chest","Orrery"],"potions_floor_usage":[19,19],"damage_taken":[{"damage":2,"enemies":"Small Slimes","floor":1,"turns":4},{"damage":1,"enemies":"2 Louse","floor":2,"turns":3},{"damage":11,"enemies":"Jaw Worm","floor":3,"turns":2},{"damage":18,"enemies":"Lots of Slimes","floor":4,"turns":6},{"damage":4,"enemies":"Blue Slaver","floor":5,"turns":3},{"damage":27,"enemies":"3 Sentries","floor":7,"turns":7},{"damage":20,"enemies":"Red Slaver","floor":8,"turns":4},{"damage":5,"enemies":"2 Fungi Beasts","floor":12,"turns":3},{"damage":12,"enemies":"Exordium Wildlife","floor":13,"turns":4},{"damage":5,"enemies":"Looter","floor":14,"turns":3},{"damage":68,"enemies":"The Guardian","floor":16,"turns":10},{"damage":46,"enemies":"Spheric Guardian","floor":18,"turns":5},{"damage":41,"enemies":"2 Thieves","floor":19,"turns":2}],"seed_played":"4123592788664090157","potions_obtained":[{"floor":1,"key":"GamblersBrew"},{"floor":2,"key":"SpeedPotion"},{"floor":4,"key":"SteroidPotion"},{"floor":7,"key":"Energy Potion"}],"is_trial":false,"path_per_floor":["M","M","M","M","M","R","E","M","T","R","?","M","M","M","R","B",null,"M"],"character_chosen":"IRONCLAD","items_purchased":[],"campfire_rested":3,"item_purchase_floors":[],"current_hp_per_floor":[80,80,75,63,65,80,59,45,45,69,69,70,64,65,80,18,80,40,0],"gold":398,"neow_bonus":"ONE_RARE_RELIC","is_prod":false,"is_daily":false,"chose_seed":false,"campfire_upgraded":0,"win_rate":0.0,"timestamp":1532116255,"path_taken":["M","M","M","M","M","R","E","M","T","R","?","?","M","M","R","BOSS","M","M"],"build_version":"2018-07-19v2","purchased_purges":0,"victory":false,"max_hp_per_floor":[80,80,80,80,80,80,80,80,80,80,80,80,80,80,80,80,80,80,80],"card_choices":[{"not_picked":["Corruption","Warcry"],"picked":"Shockwave","floor":1},{"not_picked":["Warcry","Anger"],"picked":"Inflame","floor":2},{"not_picked":["Hemokinesis","Reckless Charge"],"picked":"Pummel","floor":3},{"not_picked":["Headbutt","Anger"],"picked":"Perfected Strike","floor":4},{"not_picked":["True Grit","Sword Boomerang"],"picked":"Battle Trance","floor":5},{"not_picked":["Pummel","True Grit"],"picked":"Flame Barrier","floor":7},{"not_picked":["Pommel Strike","Searing Blow"],"picked":"Uppercut","floor":8},{"not_picked":["Battle Trance","Perfected Strike"],"picked":"Berserk","floor":12},{"not_picked":["Cleave","Clash"],"picked":"Flex","floor":13},{"not_picked":["Disarm","Anger"],"picked":"Dual Wield","floor":14},{"not_picked":["Berserk","Bludgeon"],"picked":"Feed","floor":16},{"not_picked":["Pommel Strike","Body Slam"],"picked":"Infernal Blade","floor":17},{"not_picked":["Battle Trance","Flex"],"picked":"Metallicize","floor":17},{"not_picked":["True Grit","Clothesline"],"picked":"Flex","floor":17},{"not_picked":["Armaments","Iron Wave"],"picked":"Infernal Blade","floor":17},{"not_picked":["Dual Wield","Hemokinesis"],"picked":"Cleave","floor":17},{"not_picked":["Clash+1","Combust"],"picked":"Metallicize","floor":18}],"player_experience":50585,"relics_obtained":[{"floor":7,"key":"Art of War"},{"floor":9,"key":"Tiny Chest"}],"event_choices":[{"event_name":"Liars Game","player_choice":"disagreed","floor":11,"damage_taken":0}],"is_beta":false,"boss_relics":[{"not_picked":["White Beast Statue","Runic Dome"],"picked":"Orrery"}],"items_purged_floors":[],"is_endless":false,"potions_floor_spawned":[1,2,4,7,14,18],"killed_by":"2 Thieves","ascension_level":0}