{"gold_per_floor":[19,35,35,51,51,85,85,150,203,203,221,235,235,249,249,249],"floor_reached":16,"playtime":1347,"items_purged":[],"score":122,"play_id":"96ec17f6-7019-4720-8e01-fc60bb581958","local_time":"20180903155738","is_ascension_mode":true,"campfire_choices":[{"floor":7,"key":"REST"},{"floor":13,"key":"REST"},{"floor":15,"key":"REST"}],"neow_cost":"NO_GOLD","seed_source_timestamp":1678956636052116,"circlet_count":0,"master_deck":["Defend_G","Defend_G","Defend_G","Defend_G","Defend_G","Strike_G","Strike_G","Strike_G","Strike_G","Strike_G","Survivor","Neutralize","Malaise+1","Sucker Punch","Sucker Punch","Terror","Leg Sweep+1","Calculated Gamble+1","Deflect+1","Cloak And Dagger+1","Infinite Blades"],"relics":["Ring of the Snake","Anchor","Toxic Egg 2","Omamori","Pen Nib"],"potions_floor_usage":[6,8,16,16],"damage_taken":[{"damage":0,"enemies":"Small Slimes","floor":1,"turns":3},{"damage":0,"enemies":"2 Louse","floor":2,"turns":4},{"damage":0,"enemies":"Jaw Worm","floor":4,"turns":3},{"damage":5,"enemies":"Gremlin Nob","floor":6,"turns":5},{"damage":39,"enemies":"Gremlin Nob","floor":8,"turns":6},{"damage":4,"enemies":"Looter","floor":11,"turns":4},{"damage":0,"enemies":"3 Louse","floor":12,"turns":5},{"damage":4,"enemies":"2 Fungi Beasts","floor":14,"turns":4},{"damage":75,"enemies":"Slime Boss","floor":16,"turns":12}],"seed_played":"-5012535228965468147","potions_obtained":[{"floor":2,"key":"Dexterity Potion"},{"floor":6,"key":"Regen Potion"},{"floor":8,"key":"Ancient Potion"},{"floor":11,"key":"Ancient Potion"}],"is_trial":false,"path_per_floor":["M","M","?","M","?","E","R","?","T","?","M","M","R","M","R"],"character_chosen":"THE_SILENT","items_purchased":[],"campfire_rested":3,"item_purchase_floors":[],"current_hp_per_floor":[70,70,63,63,63,58,70,36,36,36,32,32,53,49,70,0],"gold":249,"neow_bonus":"THREE_RARE_CARDS","is_prod":false,"is_daily":false,"chose_seed":false,"campfire_upgraded":0,"win_rate":0,"timestamp":1536004658,"path_taken":["M","M","?","M","?","E","R","?","T","?","?","M","R","M","R","BOSS"],"build_version":"2018-08-30","purchased_purges":0,"victory":false,"max_hp_per_floor":[70,70,70,70,70,70,70,70,70,70,70,70,70,70,70,70],"card_choices":[{"not_picked":["Phantasmal Killer","Doppelganger"],"picked":"Malaise","floor":0},{"not_picked":["Prepared","Slice"],"picked":"Sucker Punch","floor":1},{"not_picked":["Eviscerate","Bane"],"picked":"Sucker Punch","floor":2},{"not_picked":["Setup","Masterful Stab"],"picked":"Terror","floor":4},{"not_picked":["Sucker Punch","Endless Agony"],"picked":"Leg Sweep","floor":6},{"not_picked":["Flying Knee","Grand Finale"],"picked":"Calculated Gamble+1","floor":8},{"not_picked":["Reflex+1","Endless Agony"],"picked":"Deflect+1","floor":11},{"not_picked":["Escape Plan+1","Tactician+1"],"picked":"Cloak And Dagger+1","floor":12},{"not_picked":["Quick Slash","Riddle With Holes"],"picked":"Infinite Blades","floor":14}],"player_experience":138416,"relics_obtained":[{"floor":6,"key":"Toxic Egg 2"},{"floor":8,"key":"Omamori"},{"floor":9,"key":"Pen Nib"}],"event_choices":[{"event_name":"Scrap Ooze","player_choice":"success","floor":3,"damage_taken":7},{"event_name":"The Cleric","player_choice":"Leave","floor":5,"damage_taken":0},{"event_name":"Dead Adventurer","player_choice":"Searched \u00272\u0027 times","floor":8,"damage_taken":0},{"event_name":"Living Wall","player_choice":"Grow","floor":10,"damage_taken":0}],"is_beta":false,"boss_relics":[],"items_purged_floors":[],"is_endless":false,"potions_floor_spawned":[2,6,8,11],"killed_by":"Slime Boss","ascension_level":4}