{"gold_per_floor":[112,112,122,87,87,112,112,126,153,153,153,183,213,230,230,327,327,345,356,1,0,14,14,14,14,39,39,39,57,70,70],"floor_reached":31,"playtime":2271,"items_purged":[],"score":415,"play_id":"c2443e58-657e-4279-b6c6-78942bdcc368","local_time":"20190216140020","is_ascension_mode":true,"campfire_choices":[{"floor":7.0,"key":"REST"},{"data":"Armaments","floor":11.0,"key":"SMITH"},{"floor":15.0,"key":"REST"},{"data":"Demon Form","floor":23.0,"key":"SMITH"},{"data":"Entrench","floor":25.0,"key":"SMITH"},{"data":"Metallicize","floor":28.0,"key":"SMITH"}],"neow_cost":"PERCENT_DAMAGE","seed_source_timestamp":73185751865300,"circlet_count":0,"master_deck":["AscendersBane","Strike_R","Strike_R","Strike_R","Strike_R","Defend_R","Defend_R","Defend_R","Defend_R","Bash","Armaments+1","Shrug It Off","Entrench+1","Shrug It Off","Metallicize+1","Demon Form+1","Heavy Blade+1","Shrug It Off","Power Through+1","Shrug It Off"],"special_seed":0,"relics":["Burning Blood","Potion Belt","Bag of Marbles","Pen Nib","Champion Belt","Nunchaku","Philosopher\u0027s Stone","PreservedInsect","Lee\u0027s Waffle","Lantern"],"potions_floor_usage":[29,30,30,31],"damage_taken":[{"damage":5.0,"enemies":"Cultist","floor":1.0,"turns":5.0},{"damage":14.0,"enemies":"2 Louse","floor":3.0,"turns":3.0},{"damage":50.0,"enemies":"3 Sentries","floor":6.0,"turns":15.0},{"damage":7.0,"enemies":"Small Slimes","floor":8.0,"turns":4.0},{"damage":28.0,"enemies":"Lagavulin","floor":13.0,"turns":9.0},{"damage":0.0,"enemies":"Exordium Wildlife","floor":14.0,"turns":7.0},{"damage":34.0,"enemies":"The Guardian","floor":16.0,"turns":22.0},{"damage":45.0,"enemies":"3 Byrds","floor":18.0,"turns":10.0},{"damage":2.0,"enemies":"2 Thieves","floor":19.0,"turns":5.0},{"damage":4.0,"enemies":"Snecko","floor":22.0,"turns":6.0},{"damage":0,"enemies":"Snake Plant","floor":29,"turns":4},{"damage":53,"enemies":"Cultist and Chosen","floor":30,"turns":11},{"damage":53,"enemies":"3 Cultists","floor":31,"turns":6}],"seed_played":"8979195177347683572","potions_obtained":[{"floor":3.0,"key":"Regen Potion"},{"floor":6.0,"key":"Swift Potion"},{"floor":8.0,"key":"SteroidPotion"},{"floor":18.0,"key":"FearPotion"},{"floor":22.0,"key":"PowerPotion"},{"floor":30,"key":"BloodPotion"}],"is_trial":false,"path_per_floor":["M","?","M","?","?","E","R","M","T","T","R","?","E","M","R","B",null,"M","M","$","?","M","R","?","R","T","?","R","M","M","M"],"character_chosen":"IRONCLAD","items_purchased":["PreservedInsect","Lee\u0027s Waffle"],"campfire_rested":2,"item_purchase_floors":[20,20],"current_hp_per_floor":[68,68,60,84,72,43,71,70,70,70,70,70,48,54,82,54,86,47,51,103,103,103,103,82,82,82,82,82,88,41,0],"gold":70,"neow_bonus":"TWENTY_PERCENT_HP_BONUS","is_prod":false,"is_daily":false,"chose_seed":false,"campfire_upgraded":4,"win_rate":0,"timestamp":1550343620,"path_taken":["M","?","M","?","?","E","R","M","T","?","R","?","E","M","R","BOSS","M","M","$","?","M","R","?","R","T","?","R","?","M","M"],"build_version":"2019-01-23","purchased_purges":0,"victory":false,"max_hp_per_floor":[96,96,96,96,96,96,96,96,96,96,96,96,96,96,96,96,96,96,96,103,103,103,103,108,108,108,108,108,108,108,108],"card_choices":[{"not_picked":["Twin Strike","Rampage"],"picked":"Armaments","floor":1.0},{"not_picked":["Pummel","Heavy Blade"],"picked":"Shrug It Off","floor":3.0},{"not_picked":["Headbutt","Reckless Charge"],"picked":"Entrench","floor":6.0},{"not_picked":["Power Through","Sword Boomerang"],"picked":"Shrug It Off","floor":8.0},{"not_picked":["Perfected Strike","Thunderclap"],"picked":"Metallicize","floor":13.0},{"not_picked":["Wild Strike","Perfected Strike","Searing Blow"],"picked":"SKIP","floor":14.0},{"not_picked":["Feed","Exhume"],"picked":"Demon Form","floor":16.0},{"not_picked":["Inflame","Shrug It Off"],"picked":"Heavy Blade+1","floor":18.0},{"not_picked":["Power Through","Clothesline"],"picked":"Shrug It Off","floor":19.0},{"not_picked":["Headbutt","Brutality"],"picked":"Power Through+1","floor":22.0},{"not_picked":["Feel No Pain","Anger","Headbutt+1"],"picked":"SKIP","floor":29},{"not_picked":["Perfected Strike","Demon Form"],"picked":"Shrug It Off","floor":30}],"player_experience":887410,"relics_obtained":[{"floor":6.0,"key":"Bag of Marbles"},{"floor":9.0,"key":"Pen Nib"},{"floor":10.0,"key":"Champion Belt"},{"floor":13.0,"key":"Nunchaku"},{"floor":26.0,"key":"Lantern"}],"event_choices":[{"damage_healed":0.0,"max_hp_gain":0.0,"max_hp_loss":0.0,"gold_gain":0.0,"event_name":"Liars Game","player_choice":"Ignored","floor":2.0,"gold_loss":0.0,"damage_taken":0.0},{"damage_healed":24.0,"max_hp_gain":0.0,"max_hp_loss":0.0,"gold_gain":0.0,"event_name":"The Cleric","player_choice":"Healed","floor":4.0,"gold_loss":35.0,"damage_taken":0.0},{"damage_healed":0.0,"max_hp_gain":0.0,"max_hp_loss":0.0,"gold_gain":0.0,"event_name":"Scrap Ooze","player_choice":"Success","floor":5.0,"gold_loss":0.0,"damage_taken":12.0,"relics_obtained":["Potion Belt"]},{"damage_healed":0.0,"max_hp_gain":0.0,"max_hp_loss":0.0,"gold_gain":30.0,"event_name":"Dead Adventurer","player_choice":"Searched \u00271\u0027 times","floor":12.0,"gold_loss":0.0,"damage_taken":0.0},{"damage_healed":0.0,"max_hp_gain":0.0,"max_hp_loss":0.0,"gold_gain":0.0,"event_name":"Masked Bandits","player_choice":"Paid Fearfully","floor":21.0,"gold_loss":1.0,"damage_taken":0.0},{"damage_healed":0.0,"max_hp_gain":5.0,"max_hp_loss":0.0,"gold_gain":0.0,"event_name":"Forgotten Altar","player_choice":"Shed Blood","floor":24.0,"gold_loss":0.0,"damage_taken":26.0},{"cards_removed":["Strike_R"],"damage_healed":0.0,"max_hp_gain":0.0,"max_hp_loss":0.0,"gold_gain":0.0,"event_name":"Bonfire Elementals","player_choice":"Offered Basic","floor":27.0,"gold_loss":0.0,"damage_taken":0.0}],"is_beta":false,"boss_relics":[{"not_picked":["Cursed Key","White Beast Statue"],"picked":"Philosopher\u0027s Stone"}],"items_purged_floors":[],"is_endless":false,"potions_floor_spawned":[3,6,8,18,22,30],"killed_by":"3 Cultists","ascension_level":10}