{"gold_per_floor":[116,116,129,129,129,129,144,144,144,144,144,18,37,71,71,71],"floor_reached":16,"playtime":1048,"items_purged":["Strike_G"],"score":157,"play_id":"66c5337c-6cbc-422f-b1b6-8bd56eda525e","local_time":"20190429175727","is_ascension_mode":true,"campfire_choices":[{"data":"Neutralize","floor":6,"key":"SMITH"},{"data":"Survivor","floor":8,"key":"SMITH"},{"data":"Defend_G","floor":10,"key":"SMITH"},{"floor":15,"key":"REST"}],"neow_cost":"PERCENT_DAMAGE","seed_source_timestamp":19331718695313,"circlet_count":0,"master_deck":["AscendersBane","Defend_G","Defend_G","Defend_G","Defend_G+1","Defend_G+1","Strike_G+1","Strike_G","Strike_G","Survivor+1","Neutralize+1","Sucker Punch+1","Doppelganger+1","Backflip+1","Blur+1","Blade Dance+1"],"relics":["Ring of the Snake","Golden Idol","Toxic Egg 2","Mercury Hourglass"],"potions_floor_usage":[],"damage_taken":[{"damage":0,"enemies":"Cultist","floor":1,"turns":4},{"damage":0,"enemies":"Small Slimes","floor":3,"turns":3},{"damage":0,"enemies":"2 Louse","floor":7,"turns":2},{"damage":2,"enemies":"Exordium Thugs","floor":13,"turns":7},{"damage":17,"enemies":"3 Sentries","floor":14,"turns":14},{"damage":50,"enemies":"Slime Boss","floor":16,"turns":15}],"seed_played":"8939832691512562563","potions_obtained":[{"floor":3,"key":"SmokeBomb"},{"floor":13,"key":"Ancient Potion"}],"is_trial":false,"path_per_floor":["M","?","M","?","?","R","M","R","T","R","?","$","M","E","R","B"],"character_chosen":"THE_SILENT","items_purchased":["Backflip+1"],"campfire_rested":1,"item_purchase_floors":[12],"current_hp_per_floor":[59,59,59,43,43,43,43,43,43,43,43,43,41,24,47,0],"gold":71,"neow_bonus":"TWENTY_PERCENT_HP_BONUS","is_prod":false,"is_daily":false,"chose_seed":false,"campfire_upgraded":3,"win_rate":0,"timestamp":1556553447,"path_taken":["M","?","M","?","?","R","?","R","T","R","?","$","M","E","R","BOSS"],"build_version":"2019-01-23","purchased_purges":1,"victory":false,"max_hp_per_floor":[84,78,78,78,78,78,78,78,78,78,78,78,78,78,78,78],"card_choices":[{"not_picked":["Deflect","Quick Slash"],"picked":"Sucker Punch","floor":1},{"not_picked":["Prepared","Quick Slash","Catalyst"],"picked":"SKIP","floor":3},{"not_picked":["Prepared","Distraction","Concentrate"],"picked":"SKIP","floor":7},{"not_picked":["Deflect+1","Prepared+1"],"picked":"Blur+1","floor":13},{"not_picked":["Sucker Punch","Dagger Spray"],"picked":"Blade Dance+1","floor":14}],"player_experience":556366,"relics_obtained":[{"floor":9,"key":"Toxic Egg 2"},{"floor":14,"key":"Mercury Hourglass"}],"event_choices":[{"damage_healed":0,"gold_gain":0,"player_choice":"Lose Max HP","damage_taken":0,"relics_obtained":["Golden Idol"],"max_hp_gain":0,"max_hp_loss":6,"event_name":"Golden Idol","floor":2,"gold_loss":0},{"damage_healed":0,"gold_gain":0,"player_choice":"Entered Light","damage_taken":16,"max_hp_gain":0,"max_hp_loss":0,"event_name":"Shining Light","floor":4,"gold_loss":0,"cards_upgraded":["Strike_G","Defend_G"]},{"damage_healed":0,"gold_gain":0,"player_choice":"Upgraded","damage_taken":0,"max_hp_gain":0,"max_hp_loss":0,"event_name":"Upgrade Shrine","floor":5,"gold_loss":0,"cards_upgraded":["Sucker Punch"]},{"damage_healed":0,"gold_gain":0,"cards_transformed":["Strike_G"],"player_choice":"Transformed","damage_taken":0,"max_hp_gain":0,"max_hp_loss":0,"event_name":"Transmorgrifier","floor":11,"gold_loss":0,"cards_obtained":["Doppelganger"]}],"is_beta":false,"boss_relics":[],"items_purged_floors":[12],"is_endless":false,"potions_floor_spawned":[3,13],"killed_by":"Slime Boss","ascension_level":12}