{"gold_per_floor":[113,127,137,137,62,62,87,87,87,12,27,27,27,27,27,27],"floor_reached":16,"playtime":1155,"items_purged":["Defend_R"],"score":172,"play_id":"533b7b91-1f65-4dbd-9ca9-c08ce37db91c","local_time":"20190220132511","is_ascension_mode":true,"campfire_choices":[{"data":"Shrug It Off","floor":6.0,"key":"SMITH"},{"data":"Shrug It Off","floor":8.0,"key":"SMITH"},{"data":"Shrug It Off","floor":12.0,"key":"SMITH"},{"floor":15.0,"key":"REST"}],"neow_cost":"TEN_PERCENT_HP_LOSS","seed_source_timestamp":419921256408000,"circlet_count":0,"master_deck":["AscendersBane","Strike_R","Strike_R","Strike_R","Strike_R","Strike_R","Defend_R","Defend_R","Defend_R","Bash+1","Shrug It Off+1","Shrug It Off+1","Shrug It Off+1","Shrug It Off","Whirlwind+1"],"special_seed":0,"relics":["Burning Blood","Ice Cream","Red Skull","Molten Egg 2","Dead Branch"],"potions_floor_usage":[],"damage_taken":[{"damage":13.0,"enemies":"Small Slimes","floor":1.0,"turns":5.0},{"damage":0.0,"enemies":"Cultist","floor":2.0,"turns":4.0},{"damage":0.0,"enemies":"Jaw Worm","floor":3.0,"turns":5.0},{"damage":31.0,"enemies":"3 Sentries","floor":7.0,"turns":14.0},{"damage":6.0,"enemies":"2 Fungi Beasts","floor":11.0,"turns":3.0},{"damage":54,"enemies":"Slime Boss","floor":16,"turns":8}],"seed_played":"1917782863770138191","potions_obtained":[{"floor":1.0,"key":"Strength Potion"},{"floor":7.0,"key":"AttackPotion"}],"is_trial":false,"path_per_floor":["M","M","M","?","$","R","E","R","T","$","M","R","$","?","R","B"],"character_chosen":"IRONCLAD","items_purchased":["Whirlwind+1"],"campfire_rested":1,"item_purchase_floors":[10],"current_hp_per_floor":[65,71,72,72,72,72,47,47,47,47,47,47,47,29,50,0],"gold":27,"neow_bonus":"ONE_RARE_RELIC","is_prod":false,"is_daily":false,"chose_seed":false,"campfire_upgraded":3,"win_rate":0,"timestamp":1550687111,"path_taken":["M","M","M","?","$","R","E","R","T","?","M","R","?","?","R","BOSS"],"build_version":"2019-01-23","purchased_purges":1,"victory":false,"max_hp_per_floor":[72,72,72,72,72,72,72,72,72,72,72,72,72,72,72,72],"card_choices":[{"not_picked":["Body Slam","Thunderclap"],"picked":"Shrug It Off","floor":1.0},{"not_picked":["Ghostly Armor","Armaments"],"picked":"Shrug It Off","floor":2.0},{"not_picked":["Iron Wave","Rupture"],"picked":"Shrug It Off","floor":3.0},{"not_picked":["Sever Soul","Bludgeon"],"picked":"Shrug It Off","floor":7.0},{"not_picked":["Twin Strike+1","Havoc","Clash+1"],"picked":"SKIP","floor":11.0}],"player_experience":911957,"relics_obtained":[{"floor":7.0,"key":"Red Skull"},{"floor":9.0,"key":"Molten Egg 2"}],"event_choices":[{"damage_healed":0.0,"max_hp_gain":0.0,"max_hp_loss":0.0,"gold_gain":0.0,"event_name":"Upgrade Shrine","player_choice":"Upgraded","floor":4.0,"gold_loss":0.0,"damage_taken":0.0,"cards_upgraded":["Bash"]},{"damage_healed":0.0,"max_hp_gain":0.0,"max_hp_loss":0.0,"gold_gain":0.0,"event_name":"Scrap Ooze","player_choice":"Success","floor":14.0,"gold_loss":0.0,"damage_taken":18.0,"relics_obtained":["Dead Branch"]}],"is_beta":false,"boss_relics":[],"items_purged_floors":[5],"is_endless":false,"potions_floor_spawned":[1,7],"killed_by":"Slime Boss","ascension_level":10}