{"gold_per_floor":[111,111,111,111,111,140,154,182,207,275,275,352,384,125,125,202,202,220,270,57,107,51,51,51],"floor_reached":24,"playtime":678,"items_purged":[],"score":454,"play_id":"ffc4cc8e-dffd-48a0-b848-7e306239d28f","local_time":"20190615051154","is_ascension_mode":true,"campfire_choices":[{"floor":11,"key":"REST"},{"floor":15,"key":"REST"},{"data":"Leg Sweep","floor":23,"key":"SMITH"}],"neow_cost":"NONE","seed_source_timestamp":177970847980208,"circlet_count":0,"master_deck":["AscendersBane","Defend_G+1","Defend_G","Defend_G","Defend_G","Strike_G+1","Strike_G+1","Strike_G","Strike_G+1","Survivor","Neutralize","Dodge and Roll","Noxious Fumes","Leg Sweep+1","After Image","Escape Plan+1","Terror+1","Corpse Explosion+1","Dodge and Roll+1","RitualDagger","Corpse Explosion+1","Glass Knife","Crippling Poison+1","Backflip+1"],"relics":["Ring of the Snake","NeowsBlessing","SsserpentHead","Pen Nib","Toxic Egg 2","Orichalcum","Whetstone","Matryoshka","Medical Kit","Snecko Eye","DollysMirror"],"potions_floor_usage":[8,8,13,16],"damage_taken":[{"damage":0,"enemies":"Small Slimes","floor":1,"turns":1},{"damage":0,"enemies":"Gremlin Nob","floor":6,"turns":1},{"damage":0,"enemies":"2 Louse","floor":7,"turns":1},{"damage":21,"enemies":"Lagavulin","floor":8,"turns":8},{"damage":2,"enemies":"Cultist","floor":10,"turns":4},{"damage":16,"enemies":"3 Sentries","floor":13,"turns":10},{"damage":29,"enemies":"Hexaghost","floor":16,"turns":10},{"damage":8,"enemies":"Chosen","floor":18,"turns":5},{"damage":45,"enemies":"Book of Stabbing","floor":24,"turns":8}],"seed_played":"6217404968043283844","potions_obtained":[{"floor":1,"key":"EntropicBrew"},{"floor":6,"key":"EssenceOfSteel"},{"floor":7,"key":"AttackPotion"}],"is_trial":false,"path_per_floor":["M","?","?","?","?","E","M","E","T","M","R","T","E","$","R","B",null,"M","?","$","?","$","R","E"],"character_chosen":"THE_SILENT","items_purchased":["Medical Kit","Terror+1","DollysMirror","Backflip+1"],"campfire_rested":2,"item_purchase_floors":[14,14,20,22],"current_hp_per_floor":[59,64,64,43,43,43,43,22,22,20,41,41,25,25,46,17,58,50,44,44,44,44,44,0],"gold":51,"neow_bonus":"THREE_ENEMY_KILL","is_prod":false,"is_daily":false,"chose_seed":false,"campfire_upgraded":1,"win_rate":0,"timestamp":1560546714,"path_taken":["M","?","?","?","?","E","M","E","T","?","R","?","E","$","R","BOSS","M","?","$","?","$","R","E"],"build_version":"2019-01-23","purchased_purges":0,"victory":false,"max_hp_per_floor":[66,71,71,71,71,71,71,71,71,71,71,71,71,71,71,71,71,71,71,71,71,71,71,71],"card_choices":[{"not_picked":["Flechettes","Flying Knee"],"picked":"Dodge and Roll","floor":1},{"not_picked":["Distraction","Escape Plan"],"picked":"Noxious Fumes","floor":6},{"not_picked":["Dagger Throw","Bane"],"picked":"Leg Sweep","floor":7},{"not_picked":["Caltrops","Poisoned Stab","Sucker Punch"],"picked":"SKIP","floor":8},{"not_picked":["Bane","Outmaneuver+1"],"picked":"After Image","floor":10},{"not_picked":["Setup+1","Sucker Punch"],"picked":"Escape Plan+1","floor":13},{"not_picked":["Wraith Form v2","Die Die Die"],"picked":"Corpse Explosion+1","floor":16},{"not_picked":["Deflect+1","Sucker Punch"],"picked":"Dodge and Roll+1","floor":18}],"player_experience":689619,"relics_obtained":[{"floor":6,"key":"Pen Nib"},{"floor":8,"key":"Toxic Egg 2"},{"floor":9,"key":"Orichalcum"},{"floor":12,"key":"Whetstone"},{"floor":13,"key":"Matryoshka"}],"event_choices":[{"damage_healed":0,"gold_gain":0,"player_choice":"Donut","damage_taken":0,"max_hp_gain":5,"max_hp_loss":0,"event_name":"Big Fish","floor":2,"gold_loss":0},{"damage_healed":0,"gold_gain":0,"player_choice":"Ignored","damage_taken":0,"max_hp_gain":0,"max_hp_loss":0,"event_name":"Liars Game","floor":3,"gold_loss":0},{"damage_healed":0,"gold_gain":0,"player_choice":"Entered Light","damage_taken":21,"max_hp_gain":0,"max_hp_loss":0,"event_name":"Shining Light","floor":4,"gold_loss":0,"cards_upgraded":["Strike_G","Defend_G"]},{"damage_healed":0,"gold_gain":0,"player_choice":"Trade","damage_taken":0,"relics_obtained":["SsserpentHead"],"max_hp_gain":0,"max_hp_loss":0,"event_name":"FaceTrader","floor":5,"gold_loss":0},{"damage_healed":0,"gold_gain":0,"player_choice":"Joined the Cult","damage_taken":6,"max_hp_gain":0,"max_hp_loss":0,"event_name":"Nest","floor":19,"gold_loss":0,"cards_obtained":["RitualDagger"]},{"damage_healed":0,"gold_gain":0,"cards_transformed":["Strike_G","Defend_G"],"player_choice":"Became Test Subject","damage_taken":0,"max_hp_gain":0,"max_hp_loss":0,"event_name":"Drug Dealer","floor":21,"gold_loss":0,"cards_obtained":["Glass Knife","Crippling Poison"]}],"is_beta":false,"boss_relics":[{"not_picked":["WristBlade","Eternal Feather"],"picked":"Snecko Eye"}],"items_purged_floors":[],"is_endless":false,"potions_floor_spawned":[1,6,7],"killed_by":"Book of Stabbing","ascension_level":19}