{"gold_per_floor":[115,126,126,126,137,137,147,147,196,209,209,32,46,77,77,173,173,184,110,110,110,127,127,156,169,241,271,282,282],"floor_reached":29,"playtime":9527,"items_purged":[],"score":319,"play_id":"e66b2671-266e-4a94-9eb2-247af2b26e25","local_time":"20181123113457","is_ascension_mode":true,"campfire_choices":[{"floor":6,"key":"REST"},{"floor":8,"key":"REST"},{"floor":11,"key":"REST"},{"floor":15,"key":"REST"},{"floor":23,"key":"REST"}],"neow_cost":"PERCENT_DAMAGE","seed_source_timestamp":642812645000181,"circlet_count":0,"master_deck":["Defend_G+1","Defend_G","Defend_G+1","Defend_G","Defend_G","Strike_G","Strike_G","Strike_G","Survivor","Neutralize","Distraction","Escape Plan","Deflect","Deadly Poison","Storm of Steel","Mayhem","Slice","Well Laid Plans","Noxious Fumes","After Image","Terror+1","Caltrops","Footwork","Deflect+1","Deadly Poison","Tools of the Trade","Leg Sweep+1","Catalyst"],"relics":["Ring of the Snake","Girya","Dream Catcher","War Paint","WristBlade","Torii","Bottled Tornado","Juzu Bracelet"],"potions_floor_usage":[2,10,24,24,27,29,29],"damage_taken":[{"damage":0,"enemies":"2 Louse","floor":1,"turns":4},{"damage":12,"enemies":"Cultist","floor":2,"turns":7},{"damage":14,"enemies":"Small Slimes","floor":5,"turns":7},{"damage":2,"enemies":"Exordium Wildlife","floor":7,"turns":8},{"damage":17,"enemies":"Lots of Slimes","floor":10,"turns":11},{"damage":0,"enemies":"Blue Slaver","floor":13,"turns":4},{"damage":27,"enemies":"Lagavulin","floor":14,"turns":8},{"damage":18,"enemies":"Hexaghost","floor":16,"turns":10},{"damage":1,"enemies":"Shell Parasite","floor":18,"turns":8},{"damage":21,"enemies":"Chosen","floor":22,"turns":7},{"damage":31,"enemies":"Slavers","floor":24,"turns":9},{"damage":21,"enemies":"Centurion and Healer","floor":25,"turns":9},{"damage":0,"enemies":"Book of Stabbing","floor":27,"turns":8},{"damage":10,"enemies":"Snecko","floor":28,"turns":8},{"damage":7,"enemies":"Snake Plant","floor":29,"turns":3}],"seed_played":"-150297507007489816","potions_obtained":[{"floor":1,"key":"Swift Potion"},{"floor":2,"key":"EssenceOfSteel"},{"floor":7,"key":"SteroidPotion"},{"floor":10,"key":"Energy Potion"},{"floor":22,"key":"EssenceOfSteel"},{"floor":25,"key":"Swift Potion"},{"floor":28,"key":"PowerPotion"}],"is_trial":false,"path_per_floor":["M","M","?","?","M","R","M","R","T","M","R","$","M","E","R","B",null,"M","$","?","?","M","R","E","M","T","E","M","M"],"character_chosen":"THE_SILENT","items_purchased":["Mayhem","Caltrops"],"campfire_rested":5,"item_purchase_floors":[12,19],"current_hp_per_floor":[49,37,30,30,16,37,35,56,56,39,60,60,60,33,54,36,70,69,69,69,69,48,69,38,17,17,17,7,0],"gold":282,"neow_bonus":"ONE_RARE_RELIC","is_prod":false,"is_daily":false,"chose_seed":false,"campfire_upgraded":0,"win_rate":0,"timestamp":1542990897,"path_taken":["M","M","?","?","?","R","M","R","T","M","R","$","M","E","R","BOSS","M","$","?","?","?","R","E","M","T","E","M","M"],"build_version":"2018-11-15","purchased_purges":0,"victory":false,"max_hp_per_floor":[70,70,70,70,70,70,70,70,70,70,70,70,70,70,70,70,70,70,70,70,70,70,70,70,70,70,70,70,70],"card_choices":[{"not_picked":["Flying Knee","Blade Dance"],"picked":"Distraction","floor":1},{"not_picked":["Blade Dance","Expertise","Choke"],"picked":"SKIP","floor":2},{"not_picked":["Outmaneuver","Reflex"],"picked":"Escape Plan","floor":5},{"not_picked":["Prepared","Distraction"],"picked":"Deflect","floor":7},{"not_picked":["Slice","Acrobatics"],"picked":"Deadly Poison","floor":10},{"not_picked":["Blade Dance","Dagger Spray"],"picked":"Storm of Steel","floor":11},{"not_picked":["Sucker Punch","Dagger Spray"],"picked":"Slice","floor":13},{"not_picked":["Poisoned Stab","Heel Hook"],"picked":"Well Laid Plans","floor":14},{"not_picked":["Bouncing Flask","Dagger Spray"],"picked":"Noxious Fumes","floor":15},{"not_picked":["Phantasmal Killer","Malaise"],"picked":"After Image","floor":16},{"not_picked":["Leg Sweep","Quick Slash+1"],"picked":"Terror+1","floor":18},{"not_picked":["Predator+1","Dagger Throw+1"],"picked":"Deflect+1","floor":22},{"not_picked":["Underhanded Strike","Dagger Spray"],"picked":"Deadly Poison","floor":23},{"not_picked":["PiercingWail","Endless Agony"],"picked":"Tools of the Trade","floor":24},{"not_picked":["Backflip","Calculated Gamble"],"picked":"Leg Sweep+1","floor":25},{"not_picked":["Accuracy","Outmaneuver"],"picked":"Catalyst","floor":27},{"not_picked":["Endless Agony","Bane","Finisher"],"picked":"SKIP","floor":28}],"player_experience":298551,"relics_obtained":[{"floor":9,"key":"Dream Catcher"},{"floor":14,"key":"War Paint"},{"floor":24,"key":"Torii"},{"floor":26,"key":"Bottled Tornado"},{"floor":27,"key":"Juzu Bracelet"}],"event_choices":[{"cards_removed":["Strike_G"],"damage_healed":0,"gold_gain":0,"player_choice":"Card Removal","damage_taken":7,"max_hp_gain":0,"max_hp_loss":0,"event_name":"Golden Wing","floor":3,"gold_loss":0},{"cards_removed":["Strike_G"],"damage_healed":0,"gold_gain":0,"player_choice":"Purged","damage_taken":0,"max_hp_gain":0,"max_hp_loss":0,"event_name":"Purifier","floor":4,"gold_loss":0},{"damage_healed":0,"gold_gain":0,"player_choice":"Read","damage_taken":0,"max_hp_gain":0,"max_hp_loss":0,"event_name":"The Library","floor":20,"gold_loss":0,"cards_obtained":["Footwork"]},{"damage_healed":0,"gold_gain":0,"player_choice":"Ignored","damage_taken":0,"max_hp_gain":0,"max_hp_loss":0,"event_name":"N\u0027loth","floor":21,"gold_loss":0}],"is_beta":false,"boss_relics":[{"not_picked":["Astrolabe","Empty Cage"],"picked":"WristBlade"}],"items_purged_floors":[],"is_endless":false,"potions_floor_spawned":[1,2,7,10,22,25,28],"killed_by":"Snake Plant","ascension_level":2}