{"gold_per_floor":[111,128,128,148,148,148,179,197,197,208,241,5,5,15,15,114,114,124,124,124,95,111,111],"floor_reached":23,"playtime":1601,"items_purged":[],"score":309,"play_id":"e5d33ea9-ded7-4b57-94fd-3dab8ce6540e","local_time":"20180913130133","is_ascension_mode":true,"campfire_choices":[{"data":"Skewer","floor":6,"key":"SMITH"},{"floor":13,"key":"REST"},{"floor":15,"key":"REST"}],"neow_cost":"","seed_source_timestamp":62939365465252,"circlet_count":0,"master_deck":["Defend_G","Defend_G","Defend_G","Defend_G","Defend_G","Survivor","Neutralize+1","Deadly Poison","Skewer+1","Dagger Throw","Concentrate","Caltrops","Terror","Acrobatics","Noxious Fumes","Cloak And Dagger","Backflip","Adrenaline","Leg Sweep","Bite","Bite","Bite","Bite","Bite","Backflip","Catalyst"],"relics":["Ring of the Snake","Letter Opener","Potion Belt","Bottled Lightning","Peace Pipe","Empty Cage"],"potions_floor_usage":[16,16],"damage_taken":[{"damage":0,"enemies":"Small Slimes","floor":1,"turns":4},{"damage":2,"enemies":"2 Louse","floor":2,"turns":4},{"damage":0,"enemies":"Jaw Worm","floor":4,"turns":3},{"damage":26,"enemies":"Lagavulin","floor":7,"turns":6},{"damage":15,"enemies":"Lots of Slimes","floor":8,"turns":6},{"damage":0,"enemies":"Large Slime","floor":10,"turns":4},{"damage":19,"enemies":"3 Sentries","floor":11,"turns":6},{"damage":0,"enemies":"Blue Slaver","floor":14,"turns":1},{"damage":46,"enemies":"Slime Boss","floor":16,"turns":10},{"damage":14,"enemies":"Chosen","floor":18,"turns":6},{"damage":11,"enemies":"2 Thieves","floor":21,"turns":5},{"damage":31,"enemies":"Cultist and Chosen","floor":22,"turns":8},{"damage":30,"enemies":"Slavers","floor":23,"turns":3}],"seed_played":"3383561977887008836","potions_obtained":[{"floor":2,"key":"FairyPotion"},{"floor":7,"key":"LiquidBronze"},{"floor":11,"key":"SkillPotion"},{"floor":21,"key":"SteroidPotion"}],"is_trial":false,"path_per_floor":["M","M","?","M","T","R","E","M","T","M","E","$","R","M","R","B",null,"M","?","?","M","M"],"character_chosen":"THE_SILENT","items_purchased":["Noxious Fumes","Cloak And Dagger","Blood Vial"],"campfire_rested":2,"item_purchase_floors":[12,12,12],"current_hp_per_floor":[63,61,61,61,61,61,35,20,20,20,1,1,22,24,45,1,53,41,41,41,40,17,0],"gold":111,"neow_bonus":"","is_prod":false,"is_daily":false,"chose_seed":false,"campfire_upgraded":1,"win_rate":0,"timestamp":1536858093,"path_taken":["M","M","?","M","?","R","E","?","T","M","E","$","R","M","R","BOSS","M","?","?","?","M","E"],"build_version":"2018-09-06","purchased_purges":0,"victory":false,"max_hp_per_floor":[70,70,70,70,70,70,70,70,70,70,70,70,70,70,70,70,70,70,70,70,70,70,70],"card_choices":[{"not_picked":["Blade Dance","Underhanded Strike"],"picked":"Deadly Poison","floor":1},{"not_picked":["Setup","Poisoned Stab"],"picked":"Skewer","floor":2},{"not_picked":["Outmaneuver","Blade Dance"],"picked":"Dagger Throw","floor":4},{"not_picked":["Blade Dance","Choke"],"picked":"Concentrate","floor":7},{"not_picked":["Dagger Throw","Accuracy"],"picked":"Caltrops","floor":8},{"not_picked":["Poisoned Stab","Underhanded Strike"],"picked":"Terror","floor":10},{"not_picked":["Tools of the Trade","Blade Dance"],"picked":"Acrobatics","floor":11},{"not_picked":["Dagger Throw","Flying Knee"],"picked":"Backflip","floor":14},{"not_picked":["Night Terror","Unload"],"picked":"Adrenaline","floor":16},{"not_picked":["Expertise+1","Flechettes+1"],"picked":"Leg Sweep","floor":18},{"not_picked":["Accuracy","Concentrate+1"],"picked":"Backflip","floor":21},{"not_picked":["Backflip","Masterful Stab+1"],"picked":"Catalyst","floor":22}],"player_experience":168381,"relics_obtained":[{"floor":5,"key":"Letter Opener"},{"floor":7,"key":"Potion Belt"},{"floor":9,"key":"Bottled Lightning"},{"floor":11,"key":"Peace Pipe"}],"event_choices":[{"event_name":"Living Wall","player_choice":"Grow","floor":3,"damage_taken":0},{"event_name":"Vampires","player_choice":"Became a vampire (Vial)","floor":19,"damage_taken":0},{"event_name":"Beggar","player_choice":"Ignored","floor":20,"damage_taken":0}],"is_beta":false,"boss_relics":[{"not_picked":["Ectoplasm","Runic Dome"],"picked":"Empty Cage"}],"items_purged_floors":[],"is_endless":false,"potions_floor_spawned":[2,7,11,21],"killed_by":"Slavers","ascension_level":8}