{"gold_per_floor":[110,35,54,69,69,69,105,120,120,42,42,103,128,148,148,148],"floor_reached":16,"playtime":676,"items_purged":[],"score":184,"play_id":"98011b41-cbbb-42aa-b9cf-162e0195a56c","local_time":"20190506194823","is_ascension_mode":true,"campfire_choices":[{"data":"1","floor":6,"key":"LIFT"},{"data":"2","floor":11,"key":"LIFT"},{"data":"3","floor":15,"key":"LIFT"}],"neow_cost":"PERCENT_DAMAGE","seed_source_timestamp":224800487653300,"circlet_count":0,"master_deck":["AscendersBane","Strike_R","Strike_R","Strike_R","Strike_R","Strike_R","Defend_R","Defend_R","Defend_R","Bash","Shrug It Off","Clothesline","Spot Weakness","Dropkick","Whirlwind+1","Heavy Blade+1","Twin Strike+1"],"relics":["Burning Blood","Girya","Golden Idol","Lantern","Molten Egg 2"],"potions_floor_usage":[7,8],"damage_taken":[{"damage":7,"enemies":"Jaw Worm","floor":1,"turns":4},{"damage":3,"enemies":"2 Louse","floor":3,"turns":2},{"damage":4,"enemies":"Cultist","floor":4,"turns":3},{"damage":30,"enemies":"Lagavulin","floor":7,"turns":5},{"damage":11,"enemies":"Large Slime","floor":8,"turns":4},{"damage":4,"enemies":"Blue Slaver","floor":13,"turns":3},{"damage":8,"enemies":"Red Slaver","floor":14,"turns":3},{"damage":32,"enemies":"Hexaghost","floor":16,"turns":7}],"seed_played":"-9121874165947567820","potions_obtained":[{"floor":3,"key":"Energy Potion"},{"floor":7,"key":"BloodPotion"}],"is_trial":false,"path_per_floor":["M","?","M","M","?","R","E","M","T","$","R","?","M","M","R","B"],"character_chosen":"IRONCLAD","items_purchased":["Whirlwind+1"],"campfire_rested":0,"item_purchase_floors":[10],"current_hp_per_floor":[49,49,52,54,54,54,30,31,31,31,31,31,33,31,31,0],"gold":148,"neow_bonus":"ONE_RARE_RELIC","is_prod":false,"is_daily":false,"chose_seed":false,"campfire_upgraded":0,"win_rate":0,"timestamp":1557186503,"path_taken":["M","?","M","M","?","R","E","M","T","$","R","?","M","M","R","BOSS"],"build_version":"2019-01-23","purchased_purges":0,"victory":false,"max_hp_per_floor":[75,75,75,75,68,68,68,68,68,68,68,68,68,68,68,68],"card_choices":[{"not_picked":["Armaments","Havoc"],"picked":"Shrug It Off","floor":1},{"not_picked":["Burning Pact","Rupture"],"picked":"Clothesline","floor":3},{"not_picked":["Wild Strike","Thunderclap"],"picked":"Spot Weakness","floor":4},{"not_picked":["Twin Strike","Thunderclap"],"picked":"Dropkick","floor":7},{"not_picked":["Second Wind","Power Through","Clash"],"picked":"SKIP","floor":8},{"not_picked":["Hemokinesis+1","Immolate+1"],"picked":"Heavy Blade+1","floor":13},{"not_picked":["Second Wind","Clash+1"],"picked":"Twin Strike+1","floor":14}],"player_experience":422440,"relics_obtained":[{"floor":7,"key":"Lantern"},{"floor":9,"key":"Molten Egg 2"}],"event_choices":[{"cards_removed":["Defend_R"],"damage_healed":0,"gold_gain":0,"player_choice":"Card Removal","damage_taken":0,"max_hp_gain":0,"max_hp_loss":0,"event_name":"The Cleric","floor":2,"gold_loss":75},{"damage_healed":0,"gold_gain":0,"player_choice":"Lose Max HP","damage_taken":0,"relics_obtained":["Golden Idol"],"max_hp_gain":0,"max_hp_loss":7,"event_name":"Golden Idol","floor":5,"gold_loss":0},{"damage_healed":0,"gold_gain":61,"player_choice":"Gained Gold","damage_taken":0,"max_hp_gain":0,"max_hp_loss":0,"event_name":"Golden Wing","floor":12,"gold_loss":0}],"is_beta":false,"boss_relics":[],"items_purged_floors":[],"is_endless":false,"potions_floor_spawned":[3,7],"killed_by":"Hexaghost","ascension_level":16}