{"gold_per_floor":[114,114,129,144,159,159,174,174,224,224,224,239,254,269,269,369,369,384,399,314,109,124,124,139,154,179,179,194,194,194,209,209,309,309,324,339,354,354,369,399,399,414,414,414,414,414,429,444,444,444],"floor_reached":50,"playtime":3208,"items_purged":[],"score":974,"play_id":"2cf5bb33-d2f0-4c10-946a-2ead4ae2741b","local_time":"20180716022205","daily_mods":["Brewmaster","Cursed Run","Hoarder"],"is_ascension_mode":false,"campfire_choices":[{"data":"Backstab","floor":6,"key":"SMITH"},{"data":"Backstab","floor":8,"key":"SMITH"},{"data":"Backstab","floor":11,"key":"SMITH"},{"data":"Skewer","floor":15,"key":"SMITH"},{"floor":23,"key":"REST"},{"data":"Backstab","floor":27,"key":"SMITH"},{"data":"After Image","floor":30,"key":"SMITH"},{"data":"After Image","floor":32,"key":"SMITH"},{"floor":41,"key":"REST"},{"floor":46,"key":"DIG"},{"floor":49,"key":"REST"}],"neow_cost":"","seed_source_timestamp":0,"circlet_count":0,"master_deck":["Defend_G","Defend_G","Defend_G","Defend_G","Defend_G","Strike_G","Strike_G","Strike_G","Strike_G","Strike_G","Survivor","Neutralize","Venomology","Venomology","Venomology","Venomology","Venomology","Venomology","Venomology","Venomology","Venomology","Venomology","Venomology","Venomology","Venomology","Venomology","Venomology","Expertise","Expertise","Expertise","Blur","Blur","Blur","Skewer+1","Skewer","Skewer","Backstab+1","Backstab+1","Backstab+1","Noxious Fumes","Noxious Fumes","Noxious Fumes","Normality","Normality","Normality","Terror","Terror","Terror","Masterful Stab","Masterful Stab","Masterful Stab","Caltrops","Caltrops","Caltrops","Injury","Injury","Injury","Wraith Form v2","Wraith Form v2","Wraith Form v2","Backstab+1","Backstab","Backstab","All Out Attack","All Out Attack","All Out Attack","Panache","Panache","Panache","Poisoned Stab+1","Poisoned Stab+1","Poisoned Stab+1","Decay","Decay","Decay","After Image+1","After Image+1","After Image","Well Laid Plans","Well Laid Plans","Well Laid Plans","Normality","Normality","Normality","Die Die Die","Die Die Die","Die Die Die","Expertise+1","Expertise+1","Expertise+1","Madness","Madness","Madness","Madness","Madness","Madness","Outmaneuver","Outmaneuver","Outmaneuver","Deflect+1","Deflect+1","Deflect+1","Decay","Decay","Decay"],"special_seed":17728,"relics":["Cursed Key","Darkstone Periapt","Du-Vu Doll","White Beast Statue","Dodecahedron","Potion Belt","Velvet Choker","Boot","Orichalcum","Busted Crown","Bag of Preparation","Art of War","Shovel","Thread and Needle"],"potions_floor_usage":[1,1,1,1,1,3,4,4,4,4,4,4,5,5,5,5,5,5,16,16,16,16,16,16,16,18,18,19,19,19,19,22,22,22,28,28,31,33,33,33,33,37,39,39,40,42,44,44,44,50,50,50,50,50,50,50,50,50,50,50],"damage_taken":[{"damage":6,"enemies":"Jaw Worm","floor":1,"turns":4},{"damage":0,"enemies":"2 Louse","floor":3,"turns":2},{"damage":0,"enemies":"Cultist","floor":4,"turns":5},{"damage":0,"enemies":"Blue Slaver","floor":5,"turns":3},{"damage":0,"enemies":"3 Louse","floor":7,"turns":1},{"damage":0,"enemies":"2 Fungi Beasts","floor":12,"turns":1},{"damage":0,"enemies":"Blue Slaver","floor":13,"turns":1},{"damage":0,"enemies":"Looter","floor":14,"turns":1},{"damage":42,"enemies":"Hexaghost","floor":16,"turns":5},{"damage":22,"enemies":"Shell Parasite","floor":18,"turns":4},{"damage":5,"enemies":"3 Byrds","floor":19,"turns":5},{"damage":15,"enemies":"Centurion and Healer","floor":22,"turns":3},{"damage":0,"enemies":"Snake Plant","floor":24,"turns":1},{"damage":0,"enemies":"Sentry and Sphere","floor":25,"turns":1},{"damage":9,"enemies":"3 Cultists","floor":28,"turns":4},{"damage":1,"enemies":"Snecko","floor":31,"turns":3},{"damage":23,"enemies":"Collector","floor":33,"turns":5},{"damage":0,"enemies":"Orb Walker","floor":35,"turns":1},{"damage":0,"enemies":"Flame Bruiser 1 Orb","floor":36,"turns":1},{"damage":0,"enemies":"Maw","floor":37,"turns":4},{"damage":0,"enemies":"Transient","floor":39,"turns":5},{"damage":9,"enemies":"2 Orb Walkers","floor":40,"turns":2},{"damage":0,"enemies":"3 Darklings","floor":42,"turns":1},{"damage":48,"floor":44,"turns":4},{"damage":0,"enemies":"Flame Bruiser 2 Orb","floor":47,"turns":1},{"damage":0,"enemies":"Spire Growth","floor":48,"turns":1},{"damage":89,"enemies":"Awakened One","floor":50,"turns":9}],"seed_played":"-2205032152784244808","potions_obtained":[{"floor":1,"key":"PowerPotion"},{"floor":4,"key":"Fire Potion"},{"floor":10,"key":"Strength Potion"},{"floor":10,"key":"Fire Potion"},{"floor":16,"key":"Dexterity Potion"},{"floor":18,"key":"Regen Potion"},{"floor":19,"key":"EntropicBrew"},{"floor":22,"key":"Block Potion"},{"floor":28,"key":"Fruit Juice"},{"floor":33,"key":"Regen Potion"},{"floor":35,"key":"FearPotion"},{"floor":37,"key":"Dexterity Potion"},{"floor":39,"key":"SpeedPotion"},{"floor":40,"key":"EssenceOfSteel"},{"floor":42,"key":"SpeedPotion"},{"floor":44,"key":"Fire Potion"},{"floor":47,"key":"Block Potion"}],"is_trial":false,"path_per_floor":["M","?","M","M","M","R","M","R","T","?","R","M","M","M","R","B",null,"M","M","?","$","M","R","M","M","T","R","M","?","R","M","R","B",null,"M","M","M","?","M","E","R","M","T","?","?","R","M","M","R"],"character_chosen":"THE_SILENT","items_purchased":["Panache"],"campfire_rested":3,"item_purchase_floors":[21],"current_hp_per_floor":[64,61,61,70,70,70,70,70,76,76,76,76,76,76,76,40,82,69,69,69,69,54,78,78,78,84,84,75,75,75,79,79,62,99,99,99,99,87,87,78,99,99,105,57,57,57,57,57,88,0],"gold":444,"neow_bonus":"","is_prod":false,"is_daily":true,"chose_seed":false,"campfire_upgraded":7,"win_rate":0,"timestamp":1531722125,"path_taken":["M","?","M","M","M","R","M","R","T","?","R","M","M","M","R","BOSS","M","M","?","$","M","R","M","M","T","R","M","?","R","M","R","BOSS","M","M","M","?","?","E","R","M","T","?","?","R","M","M","R","BOSS"],"build_version":"2018-07-12","purchased_purges":0,"victory":false,"max_hp_per_floor":[70,70,70,70,70,70,70,70,76,76,76,76,76,76,76,82,82,82,82,82,82,82,82,82,82,88,88,88,88,88,93,93,99,99,99,99,99,99,99,99,99,99,105,105,105,105,105,105,105,105],"card_choices":[{"not_picked":["Flying Knee","Slice"],"picked":"Expertise","floor":1},{"not_picked":["Quick Slash","Footwork"],"picked":"Blur","floor":3},{"not_picked":["Footwork","Finisher"],"picked":"Skewer","floor":4},{"not_picked":["Prepared","Flying Knee"],"picked":"Backstab","floor":5},{"not_picked":["Prepared","Deadly Poison"],"picked":"Noxious Fumes","floor":7},{"not_picked":["Dagger Spray","Reflex"],"picked":"Terror","floor":12},{"not_picked":["Sucker Punch","Slice"],"picked":"Masterful Stab","floor":13},{"not_picked":["Prepared","Eviscerate"],"picked":"Caltrops","floor":14},{"not_picked":["Venomology","Die Die Die"],"picked":"Wraith Form v2","floor":16},{"not_picked":["Quick Slash","Noxious Fumes"],"picked":"Backstab","floor":18},{"not_picked":["PiercingWail","Deflect"],"picked":"All Out Attack","floor":19},{"not_picked":["Underhanded Strike","Tactician"],"picked":"Poisoned Stab+1","floor":22},{"not_picked":["Quick Slash","Slice","Reflex+1"],"picked":"SKIP","floor":24},{"not_picked":["Acrobatics","Cloak And Dagger+1","Blade Dance"],"picked":"SKIP","floor":25},{"not_picked":["Cloak And Dagger","PiercingWail"],"picked":"After Image","floor":28},{"not_picked":["Quick Slash+1","Slice+1","Underhanded Strike"],"picked":"SKIP","floor":31},{"not_picked":["Burst","Envenom"],"picked":"Die Die Die","floor":33},{"not_picked":["Underhanded Strike+1"],"picked":"SKIP","floor":35},{"not_picked":["Acrobatics+1"],"picked":"SKIP","floor":36},{"not_picked":[],"picked":"Expertise+1","floor":37},{"not_picked":["Well Laid Plans"],"picked":"SKIP","floor":39},{"not_picked":[],"picked":"Outmaneuver","floor":40},{"not_picked":[],"picked":"Deflect+1","floor":42},{"not_picked":["Predator"],"picked":"SKIP","floor":47},{"not_picked":["Storm of Steel"],"picked":"SKIP","floor":48}],"player_experience":33373,"relics_obtained":[{"floor":9,"key":"Potion Belt"},{"floor":26,"key":"Orichalcum"},{"floor":40,"key":"Bag of Preparation"},{"floor":43,"key":"Art of War"},{"floor":44,"key":"Shovel"},{"floor":46,"key":"Thread and Needle"}],"event_choices":[{"event_name":"Scrap Ooze","player_choice":"success","floor":2,"damage_taken":3},{"event_name":"The Lab","player_choice":"Got Potions","floor":10,"damage_taken":0},{"event_name":"Addict","player_choice":"Obtained Relic","floor":20,"damage_taken":0},{"event_name":"The Library","player_choice":"Read","floor":29,"damage_taken":0},{"event_name":"Winding Halls","player_choice":"Embrace Madness","floor":38,"damage_taken":0},{"event_name":"MindBloom","player_choice":"Fight","floor":44,"damage_taken":0},{"event_name":"The Woman in Blue","player_choice":"Bought 0 Potions","floor":45,"damage_taken":0}],"boss_relics":[{"not_picked":["Tiny House","Empty Cage"],"picked":"Velvet Choker"},{"not_picked":["Runic Pyramid","Orrery"],"picked":"Busted Crown"}],"items_purged_floors":[],"is_endless":false,"potions_floor_spawned":[1,3,4,5,7,12,13,14,16,18,19,22,24,25,28,31,33,35,36,37,39,40,42,44,47,48],"killed_by":"Awakened One","ascension_level":0}