{"gold_per_floor":[213,213,231,231,406,433,452,452,452,452,468,468,499,7,7,102,102,117,117,17,31,49,77,77,103,103,103,103,103,122,137,137,238,238,256,256,0,25,100,100,3,20,20,31,31],"floor_reached":45,"playtime":6858,"items_purged":["Regret","Doubt"],"score":534,"play_id":"4528ca3b-a997-4cf2-8918-f72ff7de35d1","local_time":"20180715194915","is_ascension_mode":false,"campfire_choices":[{"floor":8,"key":"REST"},{"floor":12,"key":"REST"},{"floor":15,"key":"REST"},{"floor":24,"key":"REST"},{"floor":27,"key":"REST"},{"floor":32,"key":"REST"},{"floor":40,"key":"REST"}],"neow_cost":"NONE","seed_source_timestamp":171739682056835,"circlet_count":0,"master_deck":["Defend_R","Defend_R","Defend_R","Defend_R+1","Bash","Anger","Blood for Blood","Clothesline","Inflame","Bloodletting+1","Intimidate","Exhume","Fire Breathing+1","Brutality+1","Writhe","Clumsy","Writhe","Second Wind","RitualDagger+1","Flame Barrier","Wild Strike+1","Rampage+1","Anger+1","Impervious+1","Anger+1","Decay","Bite+1","Bite+1","Bite+1","Bite+1","Bite+1","Shrug It Off+1","Sword Boomerang+1","Sentinel+1","Juggernaut+1","Fire Breathing+1","Madness+1","Madness+1","Spot Weakness+1","Purity+1","Wild Strike+1","Anger+1"],"relics":["Burning Blood","Matryoshka","Bronze Scales","Gremlin Horn","Centennial Puzzle","Boot","Frozen Egg 2","Red Skull","Toolbox","Calling Bell","Dream Catcher","Molten Egg 2","Incense Burner","Pantograph","Toxic Egg 2","Ancient Tea Set","War Paint","Fusion Hammer","Red Mask","Bag of Preparation","Bottled Flame"],"potions_floor_usage":[13,23,23,25,25,31],"damage_taken":[{"damage":0,"enemies":"Cultist","floor":1,"turns":4},{"damage":0,"enemies":"2 Louse","floor":3,"turns":2},{"damage":41,"enemies":"Lagavulin","floor":6,"turns":7},{"damage":7,"enemies":"Small Slimes","floor":7,"turns":3},{"damage":23,"enemies":"Red Slaver","floor":11,"turns":5},{"damage":32,"enemies":"3 Sentries","floor":13,"turns":7},{"damage":24,"enemies":"Slime Boss","floor":16,"turns":8},{"damage":23,"enemies":"Spheric Guardian","floor":18,"turns":6},{"damage":13,"enemies":"Chosen","floor":21,"turns":4},{"damage":22,"enemies":"Slaver and Parasite","floor":22,"turns":6},{"damage":34,"enemies":"Gremlin Leader","floor":23,"turns":5},{"damage":41,"enemies":"Slavers","floor":25,"turns":5},{"damage":24,"enemies":"Centurion and Healer","floor":30,"turns":4},{"damage":24,"enemies":"Snake Plant","floor":31,"turns":4},{"damage":77,"enemies":"Automaton","floor":33,"turns":11},{"damage":12,"enemies":"3 Shapes","floor":35,"turns":3},{"damage":5,"enemies":"Orb Walker","floor":42,"turns":4},{"damage":4,"enemies":"Spire Growth","floor":44,"turns":4},{"damage":123,"enemies":"Giant Head","floor":45,"turns":8}],"seed_played":"-574950732481850895","potions_obtained":[{"floor":7,"key":"Poison Potion"},{"floor":13,"key":"Swift Potion"},{"floor":16,"key":"PowerPotion"},{"floor":21,"key":"Regen Potion"},{"floor":23,"key":"SteroidPotion"},{"floor":30,"key":"Poison Potion"},{"floor":35,"key":"FairyPotion"}],"is_trial":false,"path_per_floor":["M","?","M","?","?","E","M","R","T","?","M","R","E","$","R","B",null,"M","?","$","M","M","E","R","E","T","R","?","?","M","M","R","B",null,"M","?","?","T","?","R","$","M","T","M"],"character_chosen":"IRONCLAD","items_purchased":["Red Skull","Toolbox","Fire Breathing+1","Purity+1"],"campfire_rested":7,"item_purchase_floors":[14,14,14,41],"current_hp_per_floor":[80,80,80,80,80,45,44,68,68,35,18,42,16,16,40,22,80,63,57,57,50,34,20,44,9,9,33,33,33,30,15,31,9,56,56,49,49,49,44,56,56,56,56,56,0],"gold":31,"neow_bonus":"HUNDRED_GOLD","is_prod":false,"is_daily":false,"chose_seed":false,"campfire_upgraded":0,"win_rate":0,"timestamp":1531698555,"path_taken":["M","?","M","?","?","E","?","R","T","?","M","R","E","$","R","BOSS","M","?","$","M","M","E","R","E","T","R","?","?","M","M","R","BOSS","M","?","?","?","?","R","$","M","T","?","E"],"build_version":"2018-07-12","purchased_purges":2,"victory":false,"max_hp_per_floor":[80,80,80,80,80,80,80,80,80,80,80,80,80,80,80,80,80,80,80,80,80,80,80,80,80,80,80,80,56,56,56,56,56,56,56,56,56,56,56,56,56,56,56,56,56],"card_choices":[{"not_picked":["Sword Boomerang","Clothesline"],"picked":"Anger","floor":1},{"not_picked":["Armaments","Pommel Strike"],"picked":"Clothesline","floor":3},{"not_picked":["Thunderclap","Flex"],"picked":"Inflame","floor":6},{"not_picked":["Heavy Blade","Clothesline"],"picked":"Bloodletting","floor":7},{"not_picked":["Armaments","Entrench"],"picked":"Intimidate","floor":11},{"not_picked":["Infernal Blade","Anger"],"picked":"Exhume","floor":13},{"not_picked":["Exhume","Bludgeon"],"picked":"Brutality+1","floor":16},{"not_picked":["Twin Strike+1","Power Through+1"],"picked":"Second Wind","floor":18},{"not_picked":["Warcry","Havoc"],"picked":"Flame Barrier","floor":21},{"not_picked":["Heavy Blade+1","Clash+1"],"picked":"Wild Strike+1","floor":22},{"not_picked":["Warcry","Sentinel"],"picked":"Rampage+1","floor":23},{"not_picked":["Clash+1","Rampage+1"],"picked":"Anger+1","floor":24},{"not_picked":["Bludgeon+1","Twin Strike+1"],"picked":"Impervious","floor":25},{"not_picked":["Body Slam+1","Sword Boomerang+1"],"picked":"Anger+1","floor":27},{"not_picked":["Uppercut+1","Entrench+1"],"picked":"Shrug It Off+1","floor":30},{"not_picked":["Body Slam+1","Heavy Blade+1"],"picked":"Sword Boomerang+1","floor":31},{"not_picked":["Flex+1","Twin Strike+1"],"picked":"Sentinel+1","floor":32},{"not_picked":["Limit Break+1","Fiend Fire+1"],"picked":"Juggernaut+1","floor":33},{"not_picked":["Shrug It Off+1","Body Slam+1"],"picked":"Fire Breathing+1","floor":35},{"not_picked":["Anger+1","Body Slam+1"],"picked":"Spot Weakness+1","floor":40},{"not_picked":["Pummel+1","Headbutt+1"],"picked":"Wild Strike+1","floor":42},{"not_picked":["Armaments+1","Body Slam+1"],"picked":"Anger+1","floor":44}],"player_experience":133662,"relics_obtained":[{"floor":6,"key":"Bronze Scales"},{"floor":9,"key":"Gremlin Horn"},{"floor":9,"key":"Centennial Puzzle"},{"floor":13,"key":"Frozen Egg 2"},{"floor":17,"key":"Dream Catcher"},{"floor":17,"key":"Molten Egg 2"},{"floor":17,"key":"Incense Burner"},{"floor":23,"key":"Pantograph"},{"floor":25,"key":"Toxic Egg 2"},{"floor":26,"key":"Ancient Tea Set"},{"floor":26,"key":"War Paint"},{"floor":38,"key":"Bag of Preparation"},{"floor":43,"key":"Bottled Flame"}],"event_choices":[{"event_name":"Transmorgrifier","player_choice":"Transform","floor":2,"damage_taken":0},{"event_name":"Big Fish","player_choice":"Box","floor":4,"damage_taken":0},{"event_name":"Liars Game","player_choice":"agreed","floor":5,"damage_taken":0},{"event_name":"Scrap Ooze","player_choice":"success","floor":10,"damage_taken":33},{"event_name":"Nest","player_choice":"Joined the Cult","floor":19,"damage_taken":0},{"event_name":"Forgotten Altar","player_choice":"Smashed Altar","floor":28,"damage_taken":0},{"event_name":"Vampires","player_choice":"Became a vampire","floor":29,"damage_taken":0},{"event_name":"Winding Halls","player_choice":"Embrace Madness","floor":36,"damage_taken":0},{"event_name":"Tomb of Lord Red Mask","player_choice":"Paid","floor":37,"damage_taken":0},{"event_name":"FaceTrader","player_choice":"Touch","floor":39,"damage_taken":0}],"boss_relics":[{"not_picked":["Ectoplasm","Snecko Eye"],"picked":"Calling Bell"},{"not_picked":["Busted Crown","Cursed Key"],"picked":"Fusion Hammer"}],"items_purged_floors":[14,20],"is_endless":false,"potions_floor_spawned":[7,13,16,21,23,30,35],"killed_by":"Giant Head","ascension_level":0}