{"gold_per_floor":[113,188,188,199,6,40,40,60,86,86,148,148,179,197,197,197],"floor_reached":16,"playtime":988,"items_purged":["Strike_G"],"score":153,"play_id":"8522ea0f-0e25-458e-a826-29be52816c78","local_time":"20190408094509","is_ascension_mode":true,"campfire_choices":[{"data":"Neutralize","floor":7.0,"key":"SMITH"},{"data":"Poisoned Stab","floor":10.0,"key":"SMITH"},{"floor":12.0,"key":"REST"},{"data":"Crippling Poison","floor":15.0,"key":"SMITH"}],"neow_cost":"NONE","seed_source_timestamp":392977609193888,"circlet_count":0,"master_deck":["Defend_G","Defend_G","Defend_G","Defend_G","Defend_G","Strike_G","Strike_G","Strike_G","Strike_G","Survivor","Neutralize+1","Poisoned Stab+1","Dash","Footwork","Cloak And Dagger","Crippling Poison+1"],"special_seed":0,"relics":["Ring of the Snake","CultistMask","Pen Nib","Regal Pillow","Tiny Chest","Mummified Hand"],"potions_floor_usage":[16,16],"damage_taken":[{"damage":1.0,"enemies":"2 Louse","floor":1.0,"turns":3.0},{"damage":0.0,"enemies":"Small Slimes","floor":4.0,"turns":3.0},{"damage":18.0,"enemies":"3 Sentries","floor":6.0,"turns":11.0},{"damage":0.0,"enemies":"Cultist","floor":8.0,"turns":3.0},{"damage":17.0,"enemies":"Gremlin Nob","floor":11.0,"turns":5.0},{"damage":19.0,"enemies":"Lagavulin","floor":13.0,"turns":7.0},{"damage":0.0,"enemies":"2 Fungi Beasts","floor":14.0,"turns":4.0},{"damage":71,"enemies":"Slime Boss","floor":16,"turns":9}],"seed_played":"-6415308427316521981","potions_obtained":[{"floor":1.0,"key":"Ancient Potion"},{"floor":6.0,"key":"Explosive Potion"},{"floor":13.0,"key":"Regen Potion"}],"is_trial":false,"path_per_floor":["M","?","?","M","$","E","R","M","T","R","E","R","E","M","R","B"],"character_chosen":"THE_SILENT","items_purchased":["Footwork","Weak Potion"],"campfire_rested":1,"item_purchase_floors":[5,5],"current_hp_per_floor":[69,58,58,58,58,40,40,40,40,40,23,61,42,42,42,0],"gold":197,"neow_bonus":"TEN_PERCENT_HP_BONUS","is_prod":false,"is_daily":false,"chose_seed":false,"campfire_upgraded":3,"win_rate":0,"timestamp":1554709509,"path_taken":["M","?","?","?","$","E","R","M","T","R","E","R","E","M","R","BOSS"],"build_version":"2019-01-23","purchased_purges":1,"victory":false,"max_hp_per_floor":[77,77,77,77,77,77,77,77,77,77,77,77,77,77,77,77],"card_choices":[{"not_picked":["Backstab","Quick Slash"],"picked":"Poisoned Stab","floor":1.0},{"not_picked":["All Out Attack","Skewer"],"picked":"Dash","floor":4.0},{"not_picked":["Slice","Prepared","Infinite Blades"],"picked":"SKIP","floor":6.0},{"not_picked":["Bane","Underhanded Strike","Grand Finale"],"picked":"SKIP","floor":8.0},{"not_picked":["Bane","Blade Dance","Eviscerate"],"picked":"SKIP","floor":11.0},{"not_picked":["PiercingWail","Dodge and Roll"],"picked":"Cloak And Dagger","floor":13.0},{"not_picked":["Quick Slash","Well Laid Plans"],"picked":"Crippling Poison","floor":14.0}],"player_experience":409815,"relics_obtained":[{"floor":6.0,"key":"Pen Nib"},{"floor":9.0,"key":"Regal Pillow"},{"floor":11.0,"key":"Tiny Chest"},{"floor":13.0,"key":"Mummified Hand"}],"event_choices":[{"damage_healed":0.0,"max_hp_gain":0.0,"max_hp_loss":0.0,"gold_gain":75.0,"event_name":"World of Goop","player_choice":"Gather Gold","floor":2.0,"gold_loss":0.0,"damage_taken":11.0},{"damage_healed":0.0,"max_hp_gain":0.0,"max_hp_loss":0.0,"gold_gain":0.0,"event_name":"FaceTrader","player_choice":"Trade","floor":3.0,"gold_loss":0.0,"damage_taken":0.0,"relics_obtained":["CultistMask"]}],"is_beta":false,"boss_relics":[],"items_purged_floors":[5],"is_endless":false,"potions_floor_spawned":[1,6,8,13,14],"killed_by":"Slime Boss","ascension_level":6}