{"gold_per_floor":[363,313,313,313,488,488,139,139,139,139,159,159,178,202,202,332,332,357,381,404,418,468,468,493,493,493,512,512,512,545,545,545,645,645,661,661,228,247,264,264,274,287,368,379,379,379,394,419,419,419],"floor_reached":50,"playtime":4402,"items_purged":["Doubt"],"score":716,"play_id":"31eaf21a-9602-414b-a9b4-02ee033b6d75","local_time":"20180831123716","is_ascension_mode":true,"campfire_choices":[{"floor":6,"key":"REST"},{"data":"Neutralize","floor":8,"key":"SMITH"},{"data":"Dodge and Roll","floor":10,"key":"SMITH"},{"data":"PiercingWail","floor":15,"key":"SMITH"},{"data":"Footwork","floor":23,"key":"SMITH"},{"floor":29,"key":"REST"},{"data":"Footwork","floor":32,"key":"SMITH"},{"data":"Adrenaline","floor":40,"key":"SMITH"},{"floor":49,"key":"REST"}],"neow_cost":"CURSE","seed_source_timestamp":1404680617111905,"circlet_count":0,"master_deck":["Defend_G","Defend_G","Defend_G","Defend_G","Defend_G","Strike_G","Strike_G","Strike_G","Strike_G","Strike_G","Survivor","Neutralize+1","Dodge and Roll+1","Infinite Blades","PiercingWail+1","Infinite Blades","Cloak And Dagger","Adrenaline","Dash+1","Footwork+1","Blade Dance+1","Dagger Spray+1","Backflip","Footwork+1","Burst","A Thousand Cuts","Dagger Throw+1","Adrenaline+1","Infinite Blades","PiercingWail+1","Outmaneuver+1","Backflip+1","Noxious Fumes","Crippling Poison","PiercingWail+1","Tools of the Trade"],"relics":["Ring of the Snake","Bloody Idol","Strawberry","MealTicket","Mercury Hourglass","Shuriken","WristBlade","Question Card","Letter Opener","Runic Pyramid","Incense Burner","Ornamental Fan","Snake Skull","Bottled Flame"],"potions_floor_usage":[16,21,30,30,33,39,42,44,48,48,50],"damage_taken":[{"damage":6,"enemies":"2 Louse","floor":1,"turns":4},{"damage":2,"enemies":"Small Slimes","floor":11,"turns":3},{"damage":0,"enemies":"Jaw Worm","floor":13,"turns":3},{"damage":3,"enemies":"Looter","floor":14,"turns":3},{"damage":5,"enemies":"Hexaghost","floor":16,"turns":8},{"damage":6,"enemies":"Shell Parasite","floor":18,"turns":5},{"damage":4,"enemies":"Chosen","floor":19,"turns":5},{"damage":9,"enemies":"Centurion and Healer","floor":20,"turns":7},{"damage":0,"enemies":"Snake Plant","floor":21,"turns":6},{"damage":4,"enemies":"Cultist and Chosen","floor":24,"turns":6},{"damage":8,"enemies":"Chosen and Byrds","floor":27,"turns":5},{"damage":21,"enemies":"Gremlin Leader","floor":30,"turns":6},{"damage":44,"enemies":"Collector","floor":33,"turns":10},{"damage":6,"enemies":"Orb Walker","floor":35,"turns":4},{"damage":4,"enemies":"3 Shapes","floor":38,"turns":4},{"damage":5,"enemies":"Maw","floor":39,"turns":8},{"damage":48,"enemies":"Spire Growth","floor":41,"turns":5},{"damage":1,"enemies":"Reptomancer","floor":42,"turns":4},{"damage":35,"enemies":"Transient","floor":44,"turns":5},{"damage":9,"enemies":"Spire Growth","floor":47,"turns":6},{"damage":39,"enemies":"Giant Head","floor":48,"turns":8},{"damage":57,"enemies":"Time Eater","floor":50,"turns":6}],"seed_played":"-7717005989093541710","potions_obtained":[{"floor":1,"key":"EssenceOfSteel"},{"floor":14,"key":"Block Potion"},{"floor":16,"key":"FearPotion"},{"floor":19,"key":"GamblersBrew"},{"floor":21,"key":"AttackPotion"},{"floor":24,"key":"Block Potion"},{"floor":27,"key":"AttackPotion"},{"floor":33,"key":"SteroidPotion"},{"floor":41,"key":"SkillPotion"},{"floor":44,"key":"Block Potion"},{"floor":47,"key":"FearPotion"},{"floor":48,"key":"FearPotion"}],"is_trial":false,"path_per_floor":["M","?","?","?","?","R","$","R","T","R","M","?","M","M","R","B",null,"M","M","M","M","?","R","M","?","T","M","?","R","E","$","R","B",null,"M","?","$","M","M","R","M","M","T","M","?","T","M","E","R"],"character_chosen":"THE_SILENT","items_purchased":["Infinite Blades","MealTicket","Infinite Blades","Incense Burner","GhostInAJar"],"campfire_rested":3,"item_purchase_floors":[7,7,37,37,37],"current_hp_per_floor":[64,64,47,47,47,70,70,70,70,70,68,68,68,65,65,60,77,71,67,58,58,58,58,54,54,54,46,46,69,53,60,60,21,77,76,76,77,77,77,77,34,38,43,13,67,67,63,29,49,0],"gold":419,"neow_bonus":"TWO_FIFTY_GOLD","is_prod":false,"is_daily":false,"chose_seed":false,"campfire_upgraded":6,"win_rate":0,"timestamp":1535733436,"path_taken":["M","?","?","?","?","R","?","R","T","R","?","?","M","M","R","BOSS","M","M","?","M","?","R","M","?","T","?","?","R","E","$","R","BOSS","M","?","$","?","M","R","?","M","T","M","?","?","M","E","R","BOSS"],"build_version":"2018-08-30","purchased_purges":1,"victory":false,"max_hp_per_floor":[70,70,70,77,77,77,77,77,77,77,77,77,77,77,77,77,77,77,77,77,77,77,77,77,77,77,77,77,77,77,77,77,77,77,77,77,77,77,77,77,77,77,77,77,67,67,67,67,67,67],"card_choices":[{"not_picked":["Bane","Underhanded Strike"],"picked":"Dodge and Roll","floor":1},{"not_picked":["Quick Slash","Prepared"],"picked":"PiercingWail","floor":11},{"not_picked":["Dagger Spray","Prepared"],"picked":"Infinite Blades","floor":13},{"not_picked":["Dodge and Roll","Dagger Throw"],"picked":"Cloak And Dagger","floor":14},{"not_picked":["Storm of Steel","Grand Finale"],"picked":"Adrenaline","floor":16},{"not_picked":["Riddle With Holes","Deflect"],"picked":"Dash+1","floor":18},{"not_picked":["Calculated Gamble","Prepared"],"picked":"Footwork","floor":19},{"not_picked":["Terror","Bane"],"picked":"Blade Dance+1","floor":20},{"not_picked":["Dodge and Roll","Acrobatics"],"picked":"Dagger Spray+1","floor":21},{"not_picked":["Flying Knee","Slice+1"],"picked":"Backflip","floor":24},{"not_picked":["Dodge and Roll+1","Dagger Throw","Sucker Punch"],"picked":"Footwork","floor":27},{"not_picked":["Setup","Quick Slash","Catalyst"],"picked":"Burst","floor":30},{"not_picked":["Tools of the Trade","Storm of Steel","Venomology"],"picked":"A Thousand Cuts","floor":33},{"not_picked":["Prepared","Catalyst+1","Acrobatics+1"],"picked":"Dagger Throw+1","floor":35},{"not_picked":["Bane+1","Dagger Spray+1","Heel Hook+1"],"picked":"PiercingWail+1","floor":38},{"not_picked":["Acrobatics","Burst","Quick Slash"],"picked":"Outmaneuver+1","floor":39},{"not_picked":["Slice+1","Bane","Dagger Throw"],"picked":"Backflip+1","floor":41},{"not_picked":["Quick Slash","Predator+1","Blade Dance"],"picked":"Noxious Fumes","floor":42},{"not_picked":["Prepared+1","Sucker Punch+1","Heel Hook+1"],"picked":"Crippling Poison","floor":44},{"not_picked":["Endless Agony+1","Deadly Poison","Blade Dance"],"picked":"PiercingWail+1","floor":47},{"not_picked":["Poisoned Stab+1","Sucker Punch","Skewer"],"picked":"Tools of the Trade","floor":48}],"player_experience":129903,"relics_obtained":[{"floor":9,"key":"Mercury Hourglass"},{"floor":26,"key":"Question Card"},{"floor":30,"key":"Letter Opener"},{"floor":43,"key":"Ornamental Fan"},{"floor":46,"key":"Snake Skull"},{"floor":48,"key":"Bottled Flame"}],"event_choices":[{"event_name":"The Cleric","player_choice":"Card Removal","floor":2,"damage_taken":0},{"event_name":"Golden Idol","player_choice":"Take Damage","floor":3,"damage_taken":0},{"event_name":"Scrap Ooze","player_choice":"success","floor":4,"damage_taken":7},{"event_name":"Liars Game","player_choice":"agreed","floor":5,"damage_taken":0},{"event_name":"Big Fish","player_choice":"Box","floor":12,"damage_taken":0},{"event_name":"The Joust","player_choice":"Bet on Murderer","floor":22,"damage_taken":0},{"event_name":"Purifier","player_choice":"One Purge","floor":25,"damage_taken":0},{"event_name":"Forgotten Altar","player_choice":"Gave Idol","floor":28,"damage_taken":0},{"event_name":"Duplicator","player_choice":"One dupe","floor":36,"damage_taken":0},{"event_name":"The Moai Head","player_choice":"Heal","floor":45,"damage_taken":0}],"is_beta":false,"boss_relics":[{"not_picked":["Snecko Eye","Black Star"],"picked":"WristBlade"},{"not_picked":["Velvet Choker","Cursed Key"],"picked":"Runic Pyramid"}],"items_purged_floors":[7],"is_endless":false,"potions_floor_spawned":[1,14,16,19,21,24,27,33,41,44,47,48],"killed_by":"Time Eater","ascension_level":4}