{"gold_per_floor":[113,125,14,27,27,27,54,54,79,134,134,134,151,163,163,237,237,257,273,273,286,286,286,303,303,328,354,370,387,387,402,402,476,476,494,394,394,394],"floor_reached":38,"playtime":3570,"items_purged":["Strike_G","Defend_G"],"score":711,"play_id":"e76fca82-6c59-4529-a961-05a9464c7ab9","local_time":"20190615184429","is_ascension_mode":true,"campfire_choices":[{"data":"Neutralize","floor":6.0,"key":"SMITH"},{"data":"Backflip","floor":8.0,"key":"SMITH"},{"data":"Dagger Spray","floor":11.0,"key":"SMITH"},{"floor":15.0,"key":"REST"},{"data":"Blur","floor":23,"key":"SMITH"},{"data":"Footwork","floor":25,"key":"SMITH"},{"floor":30,"key":"REST"},{"data":"Crippling Poison","floor":32,"key":"SMITH"}],"neow_cost":"NONE","seed_source_timestamp":0,"circlet_count":0,"master_deck":["AscendersBane","Defend_G","Defend_G","Defend_G","Strike_G","Strike_G","Strike_G","Survivor","Neutralize+1","Backflip+1","Deadly Poison","Footwork+1","Dagger Spray+1","Infinite Blades","PiercingWail","Cloak And Dagger","Blur+1","Burst","PiercingWail","Backflip","After Image","Footwork","Outmaneuver","Well Laid Plans","Backstab","Crippling Poison+1"],"special_seed":0,"relics":["Ring of the Snake","Regal Pillow","Happy Flower","Tiny Chest","WristBlade","Dream Catcher","Calipers","Coffee Dripper"],"potions_floor_usage":[27,28,31,33,33],"damage_taken":[{"damage":0.0,"enemies":"Small Slimes","floor":1.0,"turns":5.0},{"damage":1.0,"enemies":"Cultist","floor":2.0,"turns":5.0},{"damage":1.0,"enemies":"Jaw Worm","floor":4.0,"turns":6.0},{"damage":26.0,"enemies":"Gremlin Nob","floor":7.0,"turns":5.0},{"damage":15.0,"enemies":"Lagavulin","floor":10.0,"turns":6.0},{"damage":1.0,"enemies":"Gremlin Gang","floor":13.0,"turns":4.0},{"damage":0.0,"enemies":"Blue Slaver","floor":14.0,"turns":4.0},{"damage":7.0,"enemies":"The Guardian","floor":16.0,"turns":15.0},{"damage":8.0,"enemies":"Spheric Guardian","floor":18.0,"turns":8.0},{"damage":2.0,"enemies":"3 Byrds","floor":19.0,"turns":7.0},{"damage":3.0,"enemies":"Centurion and Healer","floor":21.0,"turns":9.0},{"damage":0,"enemies":"Shelled Parasite and Fungi","floor":24,"turns":11},{"damage":27,"enemies":"Book of Stabbing","floor":27,"turns":12},{"damage":13,"enemies":"Chosen and Byrds","floor":28,"turns":11},{"damage":0,"enemies":"Cultist and Chosen","floor":29,"turns":10},{"damage":3,"enemies":"Shelled Parasite and Fungi","floor":31,"turns":7},{"damage":34,"enemies":"Collector","floor":33,"turns":14},{"damage":0,"enemies":"Orb Walker","floor":35,"turns":5},{"damage":71,"enemies":"2 Orb Walkers","floor":38,"turns":4}],"seed_played":"-7595665040294810368","potions_obtained":[{"floor":2.0,"key":"SkillPotion"},{"floor":4.0,"key":"PowerPotion"},{"floor":10.0,"key":"Swift Potion"},{"floor":13.0,"key":"SkillPotion"},{"floor":14.0,"key":"Explosive Potion"},{"floor":21,"key":"Energy Potion"},{"floor":27,"key":"LiquidBronze"},{"floor":29,"key":"Block Potion"},{"floor":31,"key":"Explosive Potion"}],"is_trial":false,"path_per_floor":["M","M","$","M","?","R","E","R","T","E","R","?","M","M","R","B",null,"M","M","?","M","?","R","M","R","T","E","M","M","R","M","R","B",null,"M","$","?","?"],"character_chosen":"THE_SILENT","items_purchased":["Footwork"],"campfire_rested":2,"item_purchase_floors":[3],"current_hp_per_floor":[65,64,64,63,68,68,42,42,42,27,27,20,19,19,57,50,70,62,60,60,57,57,57,57,57,57,30,17,17,55,52,52,18,62,62,62,62,0],"gold":394,"neow_bonus":"TEN_PERCENT_HP_BONUS","is_prod":false,"is_daily":false,"chose_seed":false,"campfire_upgraded":6,"win_rate":0,"timestamp":1560595469,"path_taken":["M","M","$","M","?","R","E","R","T","E","R","?","M","M","R","BOSS","M","M","?","?","?","R","M","R","T","E","M","?","R","M","R","BOSS","M","$","?","?"],"build_version":"2019-01-23","purchased_purges":2,"victory":false,"max_hp_per_floor":[72,72,72,72,77,77,77,77,77,77,77,77,77,77,77,77,77,77,77,77,77,77,77,77,77,77,77,77,77,77,77,77,77,77,77,77,77,77],"card_choices":[{"not_picked":["Bouncing Flask","Predator"],"picked":"Backflip","floor":1.0},{"not_picked":["Finisher","Prepared"],"picked":"Deadly Poison","floor":2.0},{"not_picked":["Sucker Punch","Flechettes"],"picked":"Dagger Spray","floor":4.0},{"not_picked":["Distraction","Tools of the Trade"],"picked":"Infinite Blades","floor":7.0},{"not_picked":["Bane","Blade Dance"],"picked":"PiercingWail","floor":10.0},{"not_picked":["Outmaneuver","Acrobatics"],"picked":"Cloak And Dagger","floor":13.0},{"not_picked":["Blade Dance","Skewer"],"picked":"Blur","floor":14.0},{"not_picked":["Doppelganger","Wraith Form v2"],"picked":"Burst","floor":16.0},{"not_picked":["Bane","Deadly Poison"],"picked":"PiercingWail","floor":18.0},{"not_picked":["Deadly Poison","Dagger Spray"],"picked":"Backflip","floor":19.0},{"not_picked":["Deadly Poison+1","Deflect"],"picked":"After Image","floor":21},{"not_picked":["Underhanded Strike","Predator"],"picked":"Outmaneuver","floor":24},{"not_picked":["Dagger Throw","Underhanded Strike"],"picked":"Well Laid Plans","floor":27},{"not_picked":["PiercingWail","Bane"],"picked":"Backstab","floor":28},{"not_picked":["Deadly Poison","Dash"],"picked":"Crippling Poison","floor":29},{"not_picked":["Deadly Poison","Underhanded Strike","PiercingWail"],"picked":"SKIP","floor":31},{"not_picked":["Heel Hook","Expertise","Bane"],"picked":"SKIP","floor":35}],"player_experience":847538,"relics_obtained":[{"floor":7.0,"key":"Regal Pillow"},{"floor":9.0,"key":"Happy Flower"},{"floor":10.0,"key":"Tiny Chest"},{"floor":26,"key":"Dream Catcher"},{"floor":27,"key":"Calipers"}],"event_choices":[{"damage_healed":0.0,"max_hp_gain":5.0,"max_hp_loss":0.0,"gold_gain":0.0,"event_name":"Big Fish","player_choice":"Donut","floor":5.0,"gold_loss":0.0,"damage_taken":0.0},{"cards_removed":["Strike_G"],"damage_healed":0.0,"max_hp_gain":0.0,"max_hp_loss":0.0,"gold_gain":0.0,"event_name":"Golden Wing","player_choice":"Card Removal","floor":12.0,"gold_loss":0.0,"damage_taken":7.0},{"cards_removed":["Defend_G"],"damage_healed":0.0,"max_hp_gain":0.0,"max_hp_loss":0.0,"gold_gain":0.0,"event_name":"Purifier","player_choice":"Purged","floor":20.0,"gold_loss":0.0,"damage_taken":0.0},{"damage_healed":0,"gold_gain":0,"player_choice":"Copied","damage_taken":0,"max_hp_gain":0,"max_hp_loss":0,"event_name":"Duplicator","floor":22,"gold_loss":0,"cards_obtained":["Footwork"]},{"damage_healed":0,"gold_gain":0,"player_choice":"Ignored","damage_taken":0,"max_hp_gain":0,"max_hp_loss":0,"event_name":"Tomb of Lord Red Mask","floor":37,"gold_loss":0},{"damage_healed":0,"gold_gain":0,"player_choice":"Fight","damage_taken":0,"max_hp_gain":0,"max_hp_loss":0,"event_name":"Mysterious Sphere","floor":38,"gold_loss":0}],"is_beta":false,"boss_relics":[{"not_picked":["Velvet Choker","Snecko Eye"],"picked":"WristBlade"},{"not_picked":["Black Star","Lizard Tail"],"picked":"Coffee Dripper"}],"items_purged_floors":[3,36],"is_endless":false,"potions_floor_spawned":[2,4,10,13,14,21,27,29,31],"killed_by":"2 Orb Walkers","ascension_level":15}