{"gold_per_floor":[117,136,86,97,68,99,99,99,123,135,158,190,202,240,252,264],"floor_reached":16,"playtime":754,"items_purged":[],"score":168,"play_id":"063964f0-041d-48c7-bff4-1ce4c139eae1","local_time":"20190331164206","is_ascension_mode":true,"campfire_choices":[{"data":"Neutralize","floor":8,"key":"SMITH"},{"data":"Quick Slash","floor":10,"key":"SMITH"},{"data":"Dagger Throw","floor":13,"key":"SMITH"},{"floor":15,"key":"REST"}],"neow_cost":"NONE","seed_source_timestamp":932199210643300,"circlet_count":0,"master_deck":["AscendersBane","Defend_G","Defend_G","Defend_G","Defend_G","Defend_G","Strike_G","Strike_G","Strike_G","Strike_G","Survivor","Neutralize+1","Heel Hook","Backstab","Dagger Throw+1","Quick Slash+1","Heel Hook","Parasite","Heel Hook"],"relics":["Ring of the Snake","Potion Belt","MawBank","Blood Vial"],"potions_floor_usage":[6,14],"damage_taken":[{"damage":0,"enemies":"Jaw Worm","floor":1,"turns":5},{"damage":6,"enemies":"Small Slimes","floor":2,"turns":6},{"damage":0,"enemies":"2 Louse","floor":4,"turns":1},{"damage":15,"enemies":"Exordium Thugs","floor":5,"turns":5},{"damage":12,"enemies":"Gremlin Nob","floor":6,"turns":3},{"damage":2,"enemies":"2 Fungi Beasts","floor":11,"turns":3},{"damage":1,"enemies":"Blue Slaver","floor":12,"turns":2},{"damage":17,"enemies":"3 Sentries","floor":14,"turns":8},{"damage":70,"enemies":"Slime Boss","floor":16,"turns":14}],"seed_played":"5906468870727999461","potions_obtained":[{"floor":4,"key":"LiquidBronze"},{"floor":5,"key":"FearPotion"},{"floor":6,"key":"SmokeBomb"},{"floor":11,"key":"AttackPotion"},{"floor":14,"key":"SpeedPotion"}],"is_trial":false,"path_per_floor":["M","M","?","M","M","E","?","R","T","R","M","M","R","E","R","B"],"character_chosen":"THE_SILENT","items_purchased":[],"campfire_rested":1,"item_purchase_floors":[],"current_hp_per_floor":[70,64,64,64,49,37,56,56,56,56,54,53,53,36,59,0],"gold":264,"neow_bonus":"TEN_PERCENT_HP_BONUS","is_prod":false,"is_daily":false,"chose_seed":false,"campfire_upgraded":3,"win_rate":0,"timestamp":1554064926,"path_taken":["M","M","?","M","M","E","?","R","T","R","M","M","R","E","R","BOSS"],"build_version":"2019-01-23","purchased_purges":0,"victory":false,"max_hp_per_floor":[77,77,77,77,77,77,77,77,77,77,77,77,77,77,77,77],"card_choices":[{"not_picked":["Dodge and Roll","Flying Knee"],"picked":"Heel Hook","floor":1},{"not_picked":["Bane","Noxious Fumes"],"picked":"Backstab","floor":2},{"not_picked":["Bane","Acrobatics"],"picked":"Dagger Throw","floor":4},{"not_picked":["Distraction","Flying Knee"],"picked":"Quick Slash","floor":5},{"not_picked":["Deadly Poison","Envenom"],"picked":"Heel Hook","floor":6},{"not_picked":["Backstab","Dagger Spray"],"picked":"Heel Hook","floor":11},{"not_picked":["Setup","Sucker Punch","Quick Slash"],"picked":"SKIP","floor":12},{"not_picked":["Flechettes","Bane","Blade Dance"],"picked":"SKIP","floor":14}],"player_experience":355068,"relics_obtained":[{"floor":6,"key":"Potion Belt"},{"floor":9,"key":"MawBank"},{"floor":14,"key":"Blood Vial"}],"event_choices":[{"cards_removed":["Strike_G"],"damage_healed":0,"gold_gain":0,"player_choice":"Card Removal","damage_taken":0,"max_hp_gain":0,"max_hp_loss":0,"event_name":"The Cleric","floor":3,"gold_loss":50},{"damage_healed":19,"gold_gain":0,"player_choice":"Healed and dodged fight","damage_taken":0,"max_hp_gain":0,"max_hp_loss":0,"event_name":"Mushrooms","floor":7,"gold_loss":0,"cards_obtained":["Parasite"]}],"is_beta":false,"boss_relics":[],"items_purged_floors":[],"is_endless":false,"potions_floor_spawned":[4,5,6,11,14],"killed_by":"Slime Boss","ascension_level":10}