{"path_per_floor":["M","?","$","?","M","R","E","?","T","M","R","M","R","E","R","B",null,"M","M","$","M","M"],"character_chosen":"IRONCLAD","items_purchased":["True Grit","Heavy Blade","Paper Frog"],"gold_per_floor":[113,113,18,18,36,36,63,63,111,131,131,146,146,181,181,278,278,289,302,51,64,80,80],"floor_reached":23,"campfire_rested":0,"playtime":1107,"item_purchase_floors":[3,3,20],"current_hp_per_floor":[80,80,80,80,80,80,54,80,80,80,80,80,80,66,66,29,80,75,76,76,54,36,0],"items_purged":[],"gold":80,"score":271,"play_id":"b49c253c-a5d3-4eac-9209-45341b7c9842","local_time":"20180609184445","is_prod":false,"is_daily":false,"chose_seed":false,"is_ascension_mode":true,"campfire_upgraded":4,"win_rate":0,"timestamp":1528541085,"campfire_choices":[{"data":"Heavy Blade","floor":6,"key":"SMITH"},{"data":"Inflame","floor":11,"key":"SMITH"},{"data":"True Grit","floor":13,"key":"SMITH"},{"data":"Demon Form","floor":15,"key":"SMITH"}],"path_taken":["M","?","$","?","M","R","E","?","T","M","R","?","R","E","R","BOSS","M","M","?","?","M","E"],"build_version":"2018-06-07v3","seed_source_timestamp":1834975701905405,"purchased_purges":0,"victory":false,"master_deck":["Strike_R","Strike_R","Strike_R","Strike_R","Defend_R","Defend_R","Defend_R","Defend_R","Bash","Inflame+1","True Grit+1","Heavy Blade+1","Headbutt","Pommel Strike","Cleave","Demon Form+1","Dual Wield+1","Pummel"],"max_hp_per_floor":[80,80,80,80,80,80,80,80,80,80,80,80,80,80,80,80,80,80,80,80,80,80,80],"relics":["Burning Blood","Boot","Shovel","Bronze Scales","Vajra","Sozu","Paper Frog"],"card_choices":[{"not_picked":["Twin Strike","Armaments"],"picked":"Inflame","floor":1},{"not_picked":["Flame Barrier","Clash"],"picked":"Headbutt","floor":5},{"not_picked":["Battle Trance","Combust"],"picked":"Feel No Pain","floor":7},{"not_picked":["Clash","Dropkick"],"picked":"Pommel Strike","floor":10},{"not_picked":["Flex","Infernal Blade"],"picked":"Cleave","floor":12},{"not_picked":["Body Slam","Anger"],"picked":"Demon Form","floor":14},{"not_picked":["Sentinel","Warcry","Perfected Strike"],"picked":"SKIP","floor":18},{"not_picked":["Power Through+1","Evolve+1"],"picked":"Dual Wield+1","floor":19},{"not_picked":["Fire Breathing","Reckless Charge+1","Pommel Strike"],"picked":"SKIP","floor":21},{"not_picked":["Entrench","Infernal Blade"],"picked":"Pummel","floor":22}],"player_experience":104861,"potions_floor_usage":[14,16,16,18],"damage_taken":[{"damage":6,"enemies":"Cultist","floor":1,"turns":4},{"damage":0,"enemies":"Small Slimes","floor":5,"turns":3},{"damage":32,"enemies":"Gremlin Nob","floor":7,"turns":4},{"damage":1,"enemies":"Jaw Worm","floor":10,"turns":4},{"damage":0,"enemies":"3 Louse","floor":12,"turns":3},{"damage":20,"enemies":"Lagavulin","floor":14,"turns":5},{"damage":55,"enemies":"The Guardian","floor":16,"turns":5},{"damage":11,"enemies":"2 Thieves","floor":18,"turns":4},{"damage":5,"enemies":"Shell Parasite","floor":19,"turns":3},{"damage":28,"enemies":"Chosen and Byrds","floor":21,"turns":5},{"damage":24,"enemies":"Snake Plant","floor":22,"turns":4},{"damage":41,"enemies":"Slavers","floor":23,"turns":2}],"relics_obtained":[{"floor":7,"key":"Shovel"},{"floor":9,"key":"Bronze Scales"},{"floor":14,"key":"Vajra"}],"event_choices":[{"event_name":"Living Wall","player_choice":"Forget","floor":2,"damage_taken":0},{"event_name":"Liars Game","player_choice":"disagreed","floor":4,"damage_taken":0},{"event_name":"Bonfire Elementals","player_choice":"UNCOMMON","floor":8,"damage_taken":0}],"boss_relics":[{"not_picked":["Tiny House","Orrery"],"picked":"Sozu"}],"items_purged_floors":[],"potions_floor_spawned":[7,10,12,14,19],"seed_played":"-6099742916249898978","killed_by":"Slavers","ascension_level":4,"potions_obtained":[{"floor":7,"key":"FearPotion"},{"floor":10,"key":"Regen Potion"},{"floor":12,"key":"FearPotion"},{"floor":14,"key":"Fire Potion"}],"is_trial":false}