{"gold_per_floor":[111,122,135,135,152,152,184,24,74,36,54,54,65,82,82,186,186,202,202,202,50,69,69,69],"floor_reached":24,"playtime":992,"items_purged":["Defend_R"],"score":322,"play_id":"a1f85947-15f6-41e6-b61d-77a22d34240a","local_time":"20190331211411","is_ascension_mode":true,"campfire_choices":[{"data":"Clothesline","floor":6,"key":"SMITH"},{"data":"Limit Break","floor":15,"key":"SMITH"},{"data":"Ghostly","floor":23,"key":"SMITH"}],"neow_cost":"NONE","seed_source_timestamp":948287660382100,"circlet_count":0,"master_deck":["AscendersBane","Strike_R","Strike_R","Strike_R","Strike_R","Strike_R","Defend_R","Defend_R","Defend_R","Bash","Clothesline+1","Flex","Shrug It Off","Trip","Headbutt","Feed","Limit Break+1","Inflame","Iron Wave","Disarm","Cleave","Anger","Second Wind","Ghostly+1","Ghostly","Ghostly","Ghostly","Ghostly","Reaper"],"relics":["Burning Blood","Letter Opener","Pen Nib","Orrery"],"potions_floor_usage":[7,16,24],"damage_taken":[{"damage":0,"enemies":"Small Slimes","floor":1,"turns":5},{"damage":8,"enemies":"Cultist","floor":2,"turns":4},{"damage":11,"enemies":"Jaw Worm","floor":3,"turns":5},{"damage":7,"enemies":"3 Louse","floor":5,"turns":3},{"damage":40,"enemies":"3 Sentries","floor":7,"turns":9},{"damage":10,"enemies":"Lots of Slimes","floor":11,"turns":5},{"damage":7,"enemies":"2 Fungi Beasts","floor":13,"turns":3},{"damage":12,"enemies":"Looter","floor":14,"turns":4},{"damage":21,"enemies":"The Guardian","floor":16,"turns":9},{"damage":20,"enemies":"Chosen","floor":18,"turns":5},{"damage":25,"enemies":"Shell Parasite","floor":22,"turns":6},{"damage":34,"enemies":"Sentry and Sphere","floor":24,"turns":6}],"seed_played":"2832268204616913986","potions_obtained":[{"floor":2,"key":"Energy Potion"},{"floor":7,"key":"Weak Potion"},{"floor":13,"key":"Regen Potion"},{"floor":14,"key":"Weak Potion"},{"floor":18,"key":"FearPotion"},{"floor":20,"key":"Swift Potion"}],"is_trial":false,"path_per_floor":["M","M","M","?","M","R","E","$","T","$","M","$","M","M","R","B",null,"M","?","?","$","M","R","M"],"character_chosen":"IRONCLAD","items_purchased":["Limit Break","Inflame","Reaper"],"campfire_rested":0,"item_purchase_floors":[8,10,21],"current_hp_per_floor":[86,84,79,79,78,78,44,44,44,44,40,40,42,36,36,39,80,66,47,47,47,31,31,0],"gold":69,"neow_bonus":"TEN_PERCENT_HP_BONUS","is_prod":false,"is_daily":false,"chose_seed":false,"campfire_upgraded":3,"win_rate":0,"timestamp":1554081251,"path_taken":["M","M","M","?","M","R","E","$","T","?","M","$","M","M","R","BOSS","M","?","?","$","?","R","M"],"build_version":"2019-01-23","purchased_purges":1,"victory":false,"max_hp_per_floor":[88,88,88,88,88,88,88,88,88,88,88,88,91,91,91,94,94,94,47,47,47,50,50,53],"card_choices":[{"not_picked":["Headbutt","Pommel Strike"],"picked":"Clothesline","floor":1},{"not_picked":["Warcry","Double Tap"],"picked":"Flex","floor":2},{"not_picked":["Flex","Wild Strike"],"picked":"Shrug It Off","floor":3},{"not_picked":["Corruption","Clash"],"picked":"Headbutt","floor":5},{"not_picked":["Headbutt","Perfected Strike"],"picked":"Feed","floor":7},{"not_picked":["Pommel Strike","Warcry","Metallicize"],"picked":"SKIP","floor":11},{"not_picked":["Spot Weakness","Flex","Headbutt"],"picked":"SKIP","floor":13},{"not_picked":["Body Slam","Shrug It Off"],"picked":"Iron Wave","floor":14},{"not_picked":["Shrug It Off","Wild Strike"],"picked":"Disarm","floor":17},{"not_picked":["Headbutt","Flex"],"picked":"Cleave","floor":17},{"not_picked":["Shrug It Off","Body Slam"],"picked":"Anger","floor":17},{"not_picked":["Immolate","Dropkick"],"picked":"Second Wind","floor":18},{"not_picked":["Ghostly Armor","Clash","Flex+1"],"picked":"SKIP","floor":22}],"player_experience":360791,"relics_obtained":[{"floor":7,"key":"Letter Opener"},{"floor":9,"key":"Pen Nib"}],"event_choices":[{"damage_healed":0,"gold_gain":0,"player_choice":"1 cards matched","damage_taken":0,"max_hp_gain":0,"max_hp_loss":0,"event_name":"Match and Keep!","floor":4,"gold_loss":0,"cards_obtained":["Trip"]},{"damage_healed":0,"gold_gain":0,"player_choice":"Became a Ghost","damage_taken":0,"max_hp_gain":0,"max_hp_loss":47,"event_name":"Ghosts","floor":19,"gold_loss":0,"cards_obtained":["Ghostly","Ghostly","Ghostly","Ghostly","Ghostly"]},{"damage_healed":0,"gold_gain":0,"player_choice":"Got Potions","damage_taken":0,"max_hp_gain":0,"max_hp_loss":0,"event_name":"Lab","floor":20,"gold_loss":0}],"is_beta":false,"boss_relics":[{"not_picked":["Coffee Dripper","Calling Bell"],"picked":"Orrery"}],"items_purged_floors":[21],"is_endless":false,"potions_floor_spawned":[2,7,13,14,18],"killed_by":"Sentry and Sphere","ascension_level":10}