{"gold_per_floor":[119,119,137,151,168,168,184,199,199,199,199,215,244,42,42,114,114,95,95,95,18,18,18,37,54,54,80,80,80,105,4,4,4],"floor_reached":33,"playtime":2589,"items_purged":[],"score":552,"play_id":"54986458-383b-48c9-9021-9f9bb3a32ee8","local_time":"20190315234034","is_ascension_mode":true,"campfire_choices":[{"data":"Neutralize","floor":6,"key":"SMITH"},{"floor":10,"key":"REST"},{"data":"Footwork","floor":15,"key":"SMITH"},{"floor":23,"key":"REST"},{"floor":29,"key":"REST"},{"floor":32,"key":"REST"}],"neow_cost":"NONE","seed_source_timestamp":1173080208611300,"circlet_count":0,"master_deck":["AscendersBane","Defend_G","Defend_G","Defend_G+1","Defend_G","Defend_G","Strike_G","Strike_G+1","Strike_G","Strike_G","Strike_G+1","Survivor+1","Neutralize+1","Backflip","Cloak And Dagger","Cloak And Dagger","PiercingWail","Blade Dance","Noxious Fumes","Footwork+1","Blur","Die Die Die","Bullet Time","Leg Sweep","Cloak And Dagger+1","Cloak And Dagger","Backstab","Blade Dance"],"relics":["Ring of the Snake","War Paint","Letter Opener","Orichalcum","Bag of Preparation","WristBlade","WingedGreaves","Paper Crane","Darkstone Periapt"],"potions_floor_usage":[27,30],"damage_taken":[{"damage":4,"enemies":"Small Slimes","floor":1,"turns":4},{"damage":3,"enemies":"2 Louse","floor":3,"turns":4},{"damage":0,"enemies":"Jaw Worm","floor":4,"turns":6},{"damage":2,"enemies":"Large Slime","floor":5,"turns":13},{"damage":7,"enemies":"Exordium Wildlife","floor":7,"turns":5},{"damage":3,"enemies":"Looter","floor":8,"turns":4},{"damage":3,"enemies":"Large Slime","floor":12,"turns":6},{"damage":0,"enemies":"3 Sentries","floor":13,"turns":7},{"damage":21,"enemies":"Hexaghost","floor":16,"turns":15},{"damage":8,"enemies":"2 Thieves","floor":18,"turns":4},{"damage":8,"enemies":"Spheric Guardian","floor":24,"turns":7},{"damage":15,"enemies":"Centurion and Healer","floor":25,"turns":6},{"damage":22,"enemies":"Slavers","floor":27,"turns":5},{"damage":38,"enemies":"Gremlin Leader","floor":30,"turns":10},{"damage":30,"enemies":"Automaton","floor":33,"turns":4}],"seed_played":"-2083154748680106327","potions_obtained":[{"floor":5,"key":"Swift Potion"},{"floor":7,"key":"LiquidBronze"}],"is_trial":false,"path_per_floor":["M","?","M","M","M","R","M","M","T","R","?","M","E","$","R","B",null,"M","?","?","$","?","R","M","M","T","E","?","R","E","$","R","B"],"character_chosen":"THE_SILENT","items_purchased":["Blur","Die Die Die","Leg Sweep","Blade Dance","Energy Potion"],"campfire_rested":4,"item_purchase_floors":[14,14,21,31,31],"current_hp_per_floor":[55,52,49,49,47,47,40,37,37,56,43,40,40,40,40,19,54,46,37,25,25,48,69,61,46,46,24,24,45,7,7,28,0],"gold":4,"neow_bonus":"RANDOM_COMMON_RELIC","is_prod":false,"is_daily":false,"chose_seed":false,"campfire_upgraded":2,"win_rate":0,"timestamp":1552707634,"path_taken":["M","?","M","M","M","R","M","M","T","R","?","M","E","$","R","BOSS","M","?","?","?","?","R","M","?","T","E","?","R","E","$","R","BOSS"],"build_version":"2019-01-23","purchased_purges":0,"victory":false,"max_hp_per_floor":[66,66,66,66,66,66,66,66,66,66,66,66,66,66,66,66,66,66,66,71,71,71,71,71,71,71,71,71,71,71,71,71,71],"card_choices":[{"not_picked":["Dagger Spray","Choke"],"picked":"Backflip","floor":1},{"not_picked":["Dagger Spray","Prepared"],"picked":"Cloak And Dagger","floor":3},{"not_picked":["Slice","Phantasmal Killer"],"picked":"Cloak And Dagger","floor":4},{"not_picked":["Accuracy","Flying Knee"],"picked":"PiercingWail","floor":5},{"not_picked":["Quick Slash","Flying Knee","Dagger Spray"],"picked":"SKIP","floor":7},{"not_picked":["Dagger Throw","Deadly Poison"],"picked":"Blade Dance","floor":8},{"not_picked":["Blade Dance","Slice"],"picked":"Noxious Fumes","floor":12},{"not_picked":["Slice","Quick Slash"],"picked":"Footwork","floor":13},{"not_picked":["Glass Knife","Storm of Steel"],"picked":"Bullet Time","floor":16},{"not_picked":["Flying Knee","Dagger Throw","PiercingWail"],"picked":"SKIP","floor":18},{"not_picked":["Acrobatics","Dagger Spray","Heel Hook"],"picked":"SKIP","floor":24},{"not_picked":["Reflex","Dagger Spray"],"picked":"Cloak And Dagger+1","floor":25},{"not_picked":["Blade Dance","Concentrate"],"picked":"Cloak And Dagger","floor":27},{"not_picked":["Venomology","Bouncing Flask"],"picked":"Backstab","floor":30}],"player_experience":972586,"relics_obtained":[{"floor":9,"key":"Orichalcum"},{"floor":13,"key":"Bag of Preparation"},{"floor":26,"key":"WingedGreaves"},{"floor":27,"key":"Paper Crane"},{"floor":30,"key":"Darkstone Periapt"}],"event_choices":[{"damage_healed":0,"gold_gain":0,"player_choice":"Success","damage_taken":3,"relics_obtained":["Letter Opener"],"max_hp_gain":0,"max_hp_loss":0,"event_name":"Scrap Ooze","floor":2,"gold_loss":0},{"damage_healed":0,"gold_gain":0,"player_choice":"Entered Light","damage_taken":13,"max_hp_gain":0,"max_hp_loss":0,"event_name":"Shining Light","floor":11,"gold_loss":0,"cards_upgraded":["Strike_G","Strike_G"]},{"damage_healed":0,"gold_gain":0,"player_choice":"Stopped","damage_taken":9,"max_hp_gain":0,"max_hp_loss":0,"event_name":"Cursed Tome","floor":19,"gold_loss":0},{"damage_healed":0,"gold_gain":0,"player_choice":"Shed Blood","damage_taken":17,"max_hp_gain":5,"max_hp_loss":0,"event_name":"Forgotten Altar","floor":20,"gold_loss":0},{"damage_healed":23,"gold_gain":0,"player_choice":"Heal","damage_taken":0,"max_hp_gain":0,"max_hp_loss":0,"event_name":"The Library","floor":22,"gold_loss":0},{"damage_healed":0,"gold_gain":0,"player_choice":"Ignored","damage_taken":0,"max_hp_gain":0,"max_hp_loss":0,"event_name":"Ghosts","floor":28,"gold_loss":0}],"is_beta":false,"boss_relics":[{"not_picked":["Cursed Key","Pandora\u0027s Box"],"picked":"WristBlade"}],"items_purged_floors":[],"is_endless":false,"potions_floor_spawned":[5,7,12,25],"killed_by":"Automaton","ascension_level":14}