{"gold_per_floor":[113,133,147,164,175,207,223,223,246,258,288,306,306,325,325,424,424,441,441,452,5,17,17,46,46,46,75,75,86,86,86,86,86],"floor_reached":33,"playtime":2719,"items_purged":[],"score":326,"play_id":"8ac45bd9-5472-42eb-ab96-290fe42060fd","local_time":"20190614231510","is_ascension_mode":false,"campfire_choices":[{"floor":13,"key":"REST"},{"floor":15,"key":"REST"},{"floor":23,"key":"REST"},{"floor":25,"key":"REST"},{"floor":32,"key":"REST"}],"neow_cost":"NONE","seed_source_timestamp":1811126557200,"circlet_count":0,"master_deck":["Strike_B","Strike_B+1","Strike_B","Strike_B","Defend_B","Defend_B","Defend_B","Defend_B","Zap+1","Dualcast","Rip and Tear","Conserve Battery","Sunder+1","Lockon","Doom and Gloom","Static Discharge","Melter","Leap","Core Surge","Redo","Loop","Electrodynamics","Tempest","Hologram+1","Conserve Battery","FTL","Leap+1","Biased Cognition","Decay","Defragment"],"relics":["Cracked Core","Calipers","Centennial Puzzle","Bottled Lightning","Inserter","Pear","Whetstone","Lantern","PreservedInsect","Dream Catcher","Sundial"],"potions_floor_usage":[11,33],"damage_taken":[{"damage":0,"enemies":"Cultist","floor":1,"turns":4},{"damage":0,"enemies":"2 Louse","floor":2,"turns":1},{"damage":3,"enemies":"Small Slimes","floor":3,"turns":3},{"damage":0,"enemies":"3 Louse","floor":4,"turns":2},{"damage":5,"enemies":"Looter","floor":5,"turns":3},{"damage":11,"enemies":"Gremlin Nob","floor":6,"turns":4},{"damage":9,"enemies":"Red Slaver","floor":7,"turns":3},{"damage":2,"enemies":"Gremlin Gang","floor":10,"turns":3},{"damage":19,"enemies":"Lagavulin","floor":11,"turns":5},{"damage":11,"enemies":"Lots of Slimes","floor":12,"turns":2},{"damage":3,"enemies":"Red Slaver","floor":14,"turns":3},{"damage":37,"enemies":"Hexaghost","floor":16,"turns":7},{"damage":5,"enemies":"3 Byrds","floor":18,"turns":2},{"damage":6,"enemies":"Chosen","floor":20,"turns":4},{"damage":25,"enemies":"Centurion and Healer","floor":22,"turns":5},{"damage":17,"enemies":"Gremlin Leader","floor":24,"turns":5},{"damage":40,"enemies":"Slavers","floor":27,"turns":5},{"damage":22,"enemies":"3 Cultists","floor":29,"turns":4},{"damage":84,"enemies":"Champ","floor":33,"turns":10}],"seed_played":"4078860163348866491","potions_obtained":[{"floor":1,"key":"EssenceOfSteel"},{"floor":2,"key":"Strength Potion"},{"floor":5,"key":"Fire Potion"},{"floor":10,"key":"Fruit Juice"},{"floor":14,"key":"SteroidPotion"}],"is_trial":false,"path_per_floor":["M","M","M","M","M","E","M","?","T","M","E","M","R","M","R","B",null,"M","?","M","$","M","R","E","R","T","E","?","M","?","?","R","B"],"character_chosen":"DEFECT","items_purchased":["Pear","Whetstone","Conserve Battery"],"campfire_rested":5,"item_purchase_floors":[21,21,21],"current_hp_per_floor":[82,82,79,79,74,63,54,54,54,52,38,27,53,50,76,39,87,82,82,76,86,61,90,73,97,97,57,57,35,35,35,64,0],"gold":86,"neow_bonus":"TEN_PERCENT_HP_BONUS","is_prod":false,"is_daily":false,"chose_seed":false,"campfire_upgraded":0,"win_rate":0.0,"timestamp":1560579310,"path_taken":["M","M","M","M","?","E","M","?","T","M","E","M","R","M","R","BOSS","M","?","M","$","M","R","E","R","T","E","?","M","?","?","R","BOSS"],"build_version":"2019-01-23","purchased_purges":0,"victory":false,"max_hp_per_floor":[82,82,82,82,82,82,82,82,82,82,87,87,87,87,87,87,87,87,87,87,97,97,97,97,97,97,97,97,97,97,97,97,97],"card_choices":[{"not_picked":["Sunder","Rebound"],"picked":"Rip and Tear","floor":1},{"not_picked":["Gash","Self Repair"],"picked":"Conserve Battery","floor":2},{"not_picked":["BootSequence","Sweeping Beam"],"picked":"Sunder","floor":3},{"not_picked":["Recycle","Gash"],"picked":"Lockon","floor":4},{"not_picked":["Aggregate","Lockon"],"picked":"Doom and Gloom","floor":5},{"not_picked":["Fusion","Compile Driver"],"picked":"Static Discharge","floor":6},{"not_picked":["Chill","Genetic Algorithm"],"picked":"Melter","floor":7},{"not_picked":["Melter","Gash"],"picked":"Leap","floor":10},{"not_picked":["Go for the Eyes","Melter"],"picked":"Core Surge","floor":11},{"not_picked":["Beam Cell","Lockon"],"picked":"Redo","floor":12},{"not_picked":["Stack","Go for the Eyes"],"picked":"Loop","floor":14},{"not_picked":["Hyperbeam","Rainbow"],"picked":"Electrodynamics","floor":16},{"not_picked":["Coolheaded+1","Ball Lightning"],"picked":"Tempest","floor":18},{"not_picked":["Steam Power+1","Aggregate"],"picked":"Hologram+1","floor":20},{"not_picked":["Stack","Capacitor"],"picked":"FTL","floor":22},{"not_picked":["Static Discharge","Redo+1"],"picked":"Leap+1","floor":24},{"not_picked":["Steam Power","Leap"],"picked":"Biased Cognition","floor":27},{"not_picked":["Sunder","Turbo","Leap"],"picked":"SKIP","floor":29},{"not_picked":["Compile Driver+1","Recycle"],"picked":"Defragment","floor":32}],"player_experience":28189,"relics_obtained":[{"floor":6,"key":"Calipers"},{"floor":9,"key":"Centennial Puzzle"},{"floor":11,"key":"Bottled Lightning"},{"floor":24,"key":"Lantern"},{"floor":26,"key":"PreservedInsect"},{"floor":27,"key":"Dream Catcher"}],"event_choices":[{"damage_healed":0,"gold_gain":0,"player_choice":"Grow","damage_taken":0,"max_hp_gain":0,"max_hp_loss":0,"event_name":"Living Wall","floor":8,"gold_loss":0,"cards_upgraded":["Zap"]},{"damage_healed":0,"gold_gain":0,"player_choice":"Ignored","damage_taken":0,"max_hp_gain":0,"max_hp_loss":0,"event_name":"Beggar","floor":19,"gold_loss":0},{"damage_healed":0,"gold_gain":0,"player_choice":"Opened","damage_taken":0,"relics_obtained":["Sundial"],"max_hp_gain":0,"max_hp_loss":0,"event_name":"The Mausoleum","floor":28,"gold_loss":0},{"damage_healed":0,"gold_gain":0,"player_choice":"Ignored","damage_taken":0,"max_hp_gain":0,"max_hp_loss":0,"event_name":"Ghosts","floor":30,"gold_loss":0},{"damage_healed":0,"gold_gain":0,"player_choice":"Smashed Altar","damage_taken":0,"max_hp_gain":0,"max_hp_loss":0,"event_name":"Forgotten Altar","floor":31,"gold_loss":0,"cards_obtained":["Decay"]}],"is_beta":false,"boss_relics":[{"not_picked":["Velvet Choker","Coffee Dripper"],"picked":"Inserter"}],"items_purged_floors":[],"is_endless":false,"potions_floor_spawned":[1,2,5,10,14,18,22,29],"killed_by":"Champ","ascension_level":0}