{"gold_per_floor":[112,128,140,152,152,152,152,177,177,177,22,48,63,73,73,178,178,194,109,109,96,96,129,129,142,142,173,173,193,193,209,209,305,305,323,75,89,136,136],"floor_reached":39,"playtime":4051,"items_purged":[],"score":431,"play_id":"f8817a4c-47bc-45fb-98c2-3d2de47b9e94","local_time":"20190614003930","is_ascension_mode":false,"campfire_choices":[{"data":"Zap","floor":6,"key":"SMITH"},{"floor":10,"key":"REST"},{"floor":15,"key":"REST"},{"floor":28,"key":"REST"},{"floor":32,"key":"REST"}],"neow_cost":"NONE","seed_source_timestamp":8375354336900,"circlet_count":0,"master_deck":["Strike_B","Strike_B","Defend_B","Defend_B","Defend_B","Defend_B","Zap+1","Dualcast","Capacitor","Reinforced Body","Compile Driver","Cold Snap","Lockon","Fusion","Glacier","Darkness","Buffer+1","Ball Lightning","Static Discharge+1","Streamline","Reprogram","Electrodynamics+1","Auto Shields","Chill+1","Multi-Cast","Doubt","Aggregate+1","Fission+1","Leap+1","Redo+1","Go for the Eyes+1"],"relics":["Cracked Core","Meat on the Bone","Frozen Egg 2","Lantern","Ginger","Velvet Choker","Darkstone Periapt","Gambling Chip","Nloth\u0027s Gift","Bronze Scales","Bag of Marbles","Astrolabe","Pantograph","Unceasing Top"],"potions_floor_usage":[33,33,33],"damage_taken":[{"damage":0,"enemies":"2 Louse","floor":1,"turns":1},{"damage":0,"enemies":"Small Slimes","floor":2,"turns":1},{"damage":0,"enemies":"Jaw Worm","floor":3,"turns":1},{"damage":1,"enemies":"2 Fungi Beasts","floor":4,"turns":3},{"damage":25,"enemies":"3 Sentries","floor":8,"turns":7},{"damage":15,"enemies":"Gremlin Nob","floor":12,"turns":5},{"damage":5,"enemies":"Looter","floor":13,"turns":3},{"damage":7,"enemies":"Large Slime","floor":14,"turns":6},{"damage":33,"enemies":"Slime Boss","floor":16,"turns":8},{"damage":4,"enemies":"Spheric Guardian","floor":18,"turns":7},{"damage":13,"enemies":"2 Thieves","floor":21,"turns":4},{"damage":27,"enemies":"Book of Stabbing","floor":23,"turns":5},{"damage":12,"enemies":"Snake Plant","floor":25,"turns":4},{"damage":33,"enemies":"Gremlin Leader","floor":27,"turns":7},{"damage":18,"enemies":"Shelled Parasite and Fungi","floor":29,"turns":6},{"damage":11,"enemies":"Cultist and Chosen","floor":31,"turns":5},{"damage":31,"enemies":"Champ","floor":33,"turns":14},{"damage":20,"enemies":"3 Darklings","floor":35,"turns":3},{"damage":13,"enemies":"Orb Walker","floor":37,"turns":2},{"damage":53,"enemies":"2 Orb Walkers","floor":38,"turns":5},{"damage":15,"enemies":"Spire Growth","floor":39,"turns":3}],"seed_played":"-7335038946403064741","potions_obtained":[{"floor":1,"key":"FearPotion"},{"floor":12,"key":"Fire Potion"},{"floor":14,"key":"GamblersBrew"},{"floor":27,"key":"Block Potion"},{"floor":29,"key":"Block Potion"},{"floor":35,"key":"Fire Potion"},{"floor":37,"key":"SpeedPotion"}],"is_trial":false,"path_per_floor":["M","M","M","M","?","R","?","E","T","R","$","E","M","M","R","B",null,"M","?","?","M","?","E","?","M","T","E","R","M","?","M","R","B",null,"M","$","M","?","M"],"character_chosen":"DEFECT","items_purchased":["Lantern","Pantograph"],"campfire_rested":4,"item_purchase_floors":[11,36],"current_hp_per_floor":[75,75,75,74,74,74,74,49,49,71,71,56,51,44,66,45,75,71,71,71,58,64,49,49,49,49,28,52,46,46,47,71,52,87,67,67,54,13,0],"gold":136,"neow_bonus":"THREE_ENEMY_KILL","is_prod":false,"is_daily":false,"chose_seed":false,"campfire_upgraded":1,"win_rate":0.0,"timestamp":1560497970,"path_taken":["M","M","M","M","?","R","?","E","T","R","$","E","M","M","R","BOSS","M","?","?","M","?","E","?","?","T","E","R","M","?","M","R","BOSS","M","$","?","?","M"],"build_version":"2019-01-23","purchased_purges":0,"victory":false,"max_hp_per_floor":[75,75,75,75,75,75,75,75,75,75,75,75,75,75,75,75,75,75,75,75,75,81,81,81,81,81,81,81,81,81,81,81,81,87,87,87,87,87,87],"card_choices":[{"not_picked":["Blizzard","Sweeping Beam"],"picked":"Capacitor","floor":1},{"not_picked":["Rebound","Ball Lightning"],"picked":"Reinforced Body","floor":2},{"not_picked":["Steam","Reprogram"],"picked":"Compile Driver","floor":3},{"not_picked":["Steam Power","Turbo"],"picked":"Cold Snap","floor":4},{"not_picked":["Skim","Hyperbeam"],"picked":"Lockon","floor":8},{"not_picked":["Reinforced Body","Sunder"],"picked":"Fusion","floor":12},{"not_picked":["Barrage","Rebound"],"picked":"Glacier","floor":13},{"not_picked":["Compile Driver","Cold Snap"],"picked":"Darkness","floor":14},{"not_picked":["All For One","Fission"],"picked":"Buffer+1","floor":16},{"not_picked":["Recycle","Compile Driver+1"],"picked":"Ball Lightning","floor":18},{"not_picked":["Reinforced Body","Hologram+1"],"picked":"Static Discharge+1","floor":21},{"not_picked":["Barrage","Coolheaded"],"picked":"Streamline","floor":23},{"not_picked":["Skim","Rebound"],"picked":"Reprogram","floor":25},{"not_picked":["Creative AI+1","Amplify"],"picked":"Electrodynamics+1","floor":27},{"not_picked":["Streamline","Blizzard"],"picked":"Auto Shields","floor":29},{"not_picked":["Force Field","Leap"],"picked":"Chill+1","floor":31},{"not_picked":["Rainbow","Amplify"],"picked":"Multi-Cast","floor":33},{"not_picked":["Heatsinks+1","Conserve Battery"],"picked":"Leap+1","floor":35},{"not_picked":["Cold Snap+1","Turbo+1"],"picked":"Redo+1","floor":37},{"not_picked":["Double Energy+1","Fusion"],"picked":"Go for the Eyes+1","floor":38}],"player_experience":24138,"relics_obtained":[{"floor":8,"key":"Meat on the Bone"},{"floor":9,"key":"Frozen Egg 2"},{"floor":12,"key":"Ginger"},{"floor":23,"key":"Gambling Chip"},{"floor":26,"key":"Bronze Scales"},{"floor":27,"key":"Bag of Marbles"},{"floor":38,"key":"Unceasing Top"}],"event_choices":[{"damage_healed":0,"gold_gain":0,"player_choice":"Leave","damage_taken":0,"max_hp_gain":0,"max_hp_loss":0,"event_name":"The Cleric","floor":5,"gold_loss":0},{"damage_healed":0,"gold_gain":0,"player_choice":"Ignored","damage_taken":0,"max_hp_gain":0,"max_hp_loss":0,"event_name":"Golden Wing","floor":7,"gold_loss":0},{"damage_healed":0,"gold_gain":0,"player_choice":"Obtained Relic","damage_taken":0,"relics_obtained":["Darkstone Periapt"],"max_hp_gain":0,"max_hp_loss":0,"event_name":"Addict","floor":19,"gold_loss":85},{"damage_healed":0,"gold_gain":0,"player_choice":"Ignored","damage_taken":0,"max_hp_gain":0,"max_hp_loss":0,"event_name":"Vampires","floor":20,"gold_loss":0},{"damage_healed":0,"gold_gain":0,"player_choice":"Smashed Altar","damage_taken":0,"max_hp_gain":0,"max_hp_loss":0,"event_name":"Forgotten Altar","floor":22,"gold_loss":0,"cards_obtained":["Decay"]},{"damage_healed":0,"gold_gain":0,"player_choice":"Traded Relic","damage_taken":0,"relics_obtained":["Nloth\u0027s Gift"],"max_hp_gain":0,"max_hp_loss":0,"event_name":"N\u0027loth","floor":24,"relics_lost":["NeowsBlessing"],"gold_loss":0},{"damage_healed":0,"gold_gain":0,"player_choice":"Got Potions","damage_taken":0,"max_hp_gain":0,"max_hp_loss":0,"event_name":"Lab","floor":30,"gold_loss":0},{"damage_healed":0,"gold_gain":0,"player_choice":"Fight","damage_taken":0,"max_hp_gain":0,"max_hp_loss":0,"event_name":"Mysterious Sphere","floor":38,"gold_loss":0}],"is_beta":false,"boss_relics":[{"not_picked":["Black Star","Ectoplasm"],"picked":"Velvet Choker"},{"not_picked":["Nuclear Battery","Empty Cage"],"picked":"Astrolabe"}],"items_purged_floors":[],"is_endless":false,"potions_floor_spawned":[1,12,14,16,18,23,27,29,31,35,37],"killed_by":"Spire Growth","ascension_level":0}