{"gold_per_floor":[111,124,136,150,167,167,181,181,181,211,221,232,62,79,79,175,175,191,48,48,58,58,58,88,88,156,166,186,211,211,221,221,319,319,330,343,343,355,371,371,371,371,371,391,406,426,426,84,84,84],"floor_reached":51,"playtime":2925,"items_purged":["Strike_G"],"score":814,"play_id":"906f0c27-da8c-4cb2-bda5-79cbf6344888","local_time":"20180623204649","is_ascension_mode":true,"campfire_choices":[{"data":"Backstab","floor":6,"key":"SMITH"},{"data":"Neutralize","floor":8,"key":"SMITH"},{"data":"Footwork","floor":15,"key":"SMITH"},{"data":"A Thousand Cuts","floor":23,"key":"SMITH"},{"data":"Skewer","floor":25,"key":"SMITH"},{"data":"Adrenaline","floor":30,"key":"SMITH"},{"data":"Infinite Blades","floor":32,"key":"SMITH"},{"data":"Bullet Time","floor":40,"key":"SMITH"},{"data":"Storm of Steel","floor":42,"key":"SMITH"},{"data":"Concentrate","floor":47,"key":"SMITH"},{"data":"Cloak And Dagger","floor":49,"key":"SMITH"}],"neow_cost":"NONE","seed_source_timestamp":733416037408467,"circlet_count":0,"master_deck":["Defend_G","Defend_G","Defend_G","Defend_G","Defend_G","Strike_G","Strike_G","Strike_G","Survivor","Neutralize+1","Dagger Spray","Terror","Predator","Backstab+1","Cloak And Dagger","A Thousand Cuts+1","Infinite Blades+1","Cloak And Dagger+1","Blur","Footwork+1","Dodge and Roll","Dash","Adrenaline+1","Backflip+1","Skewer+1","Sucker Punch","Tools of the Trade","Outmaneuver","Finisher+1","Backflip+1","Backflip","Escape Plan+1","Storm of Steel+1","Backflip+1","Malaise","Cloak And Dagger+1","Bullet Time+1","Writhe","Concentrate+1","Backflip","Caltrops+1","Accuracy+1"],"relics":["Ring of the Snake","Pen Nib","Prayer Wheel","Bottled Tornado","Sozu","Anchor","The Specimen","Ornamental Fan","Frozen Egg 2","Runic Pyramid","Lantern","Mango"],"potions_floor_usage":[16,16,24],"damage_taken":[{"damage":7,"enemies":"Small Slimes","floor":1,"turns":6},{"damage":1,"enemies":"2 Louse","floor":2,"turns":2},{"damage":0,"enemies":"Cultist","floor":3,"turns":3},{"damage":6,"enemies":"Looter","floor":4,"turns":3},{"damage":8,"enemies":"Gremlin Gang","floor":5,"turns":5},{"damage":3,"enemies":"Blue Slaver","floor":7,"turns":3},{"damage":0,"enemies":"Gremlin Nob","floor":10,"turns":2},{"damage":6,"enemies":"Large Slime","floor":11,"turns":5},{"damage":0,"enemies":"3 Louse","floor":12,"turns":3},{"damage":0,"enemies":"Looter","floor":14,"turns":3},{"damage":1,"enemies":"Hexaghost","floor":16,"turns":8},{"damage":0,"enemies":"Chosen","floor":18,"turns":4},{"damage":0,"enemies":"Shell Parasite","floor":21,"turns":4},{"damage":28,"enemies":"Slavers","floor":24,"turns":5},{"damage":0,"enemies":"Chosen and Byrds","floor":27,"turns":4},{"damage":0,"enemies":"Snecko","floor":28,"turns":3},{"damage":5,"enemies":"Gremlin Leader","floor":29,"turns":5},{"damage":0,"enemies":"3 Cultists","floor":31,"turns":4},{"damage":28,"enemies":"Automaton","floor":33,"turns":8},{"damage":0,"enemies":"3 Shapes","floor":35,"turns":2},{"damage":5,"enemies":"3 Darklings","floor":36,"turns":3},{"damage":0,"enemies":"Maw","floor":38,"turns":5},{"damage":12,"enemies":"4 Shapes","floor":39,"turns":3},{"damage":4,"enemies":"3 Darklings","floor":44,"turns":2},{"damage":6,"enemies":"Maw","floor":45,"turns":7},{"damage":1,"enemies":"4 Shapes","floor":46,"turns":3},{"damage":43,"enemies":"Donu and Deca","floor":50,"turns":8}],"seed_played":"728762776579889972","potions_obtained":[{"floor":7,"key":"EssenceOfSteel"},{"floor":11,"key":"Swift Potion"},{"floor":12,"key":"Regen Potion"},{"floor":14,"key":"Strength Potion"}],"is_trial":false,"path_per_floor":["M","M","M","M","M","R","M","R","T","E","M","M","$","M","R","B",null,"M","$","?","M","?","R","E","R","T","M","M","E","R","M","R","B",null,"M","M","?","M","M","R","?","R","T","M","M","M","R","$","R","B"],"character_chosen":"THE_SILENT","items_purchased":["Footwork","Dodge and Roll","Anchor","Accuracy+1","Mango"],"campfire_rested":0,"item_purchase_floors":[13,13,19,48,48],"current_hp_per_floor":[63,62,62,56,48,48,45,45,45,45,39,39,39,39,39,53,70,70,70,70,70,70,70,42,42,42,42,42,37,37,37,37,9,70,70,65,65,65,53,53,70,70,70,66,60,59,59,73,73,30],"gold":84,"neow_bonus":"RANDOM_COMMON_RELIC","is_prod":false,"is_daily":false,"chose_seed":false,"campfire_upgraded":11,"win_rate":0,"timestamp":1529758009,"path_taken":["M","M","M","M","M","R","M","R","T","E","M","M","$","M","R","BOSS","M","$","?","M","?","R","E","R","T","M","M","E","R","M","R","BOSS","M","M","?","?","?","R","?","R","T","M","M","M","R","$","R","BOSS"],"build_version":"2018-06-21v2","purchased_purges":1,"victory":true,"max_hp_per_floor":[70,70,70,70,70,70,70,70,70,70,70,70,70,70,70,70,70,70,70,70,70,70,70,70,70,70,70,70,70,70,70,70,70,70,70,70,70,70,70,70,70,70,70,70,70,70,70,84,84,84],"card_choices":[{"not_picked":["Outmaneuver","Flying Knee"],"picked":"Dagger Spray","floor":1},{"not_picked":["Dagger Spray","Poisoned Stab"],"picked":"Terror","floor":2},{"not_picked":["Dodge and Roll","Escape Plan"],"picked":"Predator","floor":3},{"not_picked":["Poisoned Stab","Deflect"],"picked":"Backstab","floor":4},{"not_picked":["Masterful Stab","Prepared"],"picked":"Cloak And Dagger","floor":5},{"not_picked":["Slice","Deflect"],"picked":"A Thousand Cuts","floor":7},{"not_picked":["All Out Attack","Masterful Stab"],"picked":"Infinite Blades","floor":10},{"not_picked":["Setup","All Out Attack"],"picked":"Cloak And Dagger","floor":11},{"not_picked":["Outmaneuver","Bane","Underhanded Strike"],"picked":"SKIP","floor":11},{"not_picked":["Underhanded Strike","Sucker Punch"],"picked":"Blur","floor":12},{"not_picked":["Acrobatics","Slice","Bane"],"picked":"SKIP","floor":12},{"not_picked":["Calculated Gamble","PiercingWail"],"picked":"Dash","floor":14},{"not_picked":["Eviscerate","Doppelganger","Poisoned Stab"],"picked":"SKIP","floor":14},{"not_picked":["Unload","Envenom"],"picked":"Adrenaline","floor":16},{"not_picked":["Noxious Fumes","Expertise+1"],"picked":"Backflip+1","floor":18},{"not_picked":["Slice+1","Outmaneuver"],"picked":"Skewer","floor":18},{"not_picked":["Acrobatics","Noxious Fumes"],"picked":"Sucker Punch","floor":21},{"not_picked":["Dagger Spray+1","Endless Agony","Poisoned Stab"],"picked":"SKIP","floor":21},{"not_picked":["Setup+1","Catalyst"],"picked":"Tools of the Trade","floor":24},{"not_picked":["Quick Slash+1","Distraction"],"picked":"Outmaneuver","floor":27},{"not_picked":["Deadly Poison+1","Dagger Throw","Cloak And Dagger"],"picked":"SKIP","floor":27},{"not_picked":["Calculated Gamble","PiercingWail+1"],"picked":"Finisher+1","floor":28},{"not_picked":["Prepared+1","Skewer+1"],"picked":"Backflip+1","floor":28},{"not_picked":["Wraith Form v2","Terror"],"picked":"Backflip","floor":29},{"not_picked":["PiercingWail","Deadly Poison"],"picked":"Escape Plan+1","floor":31},{"not_picked":["Deadly Poison","Deflect+1","Masterful Stab"],"picked":"SKIP","floor":31},{"not_picked":["A Thousand Cuts+1","Tactician"],"picked":"Storm of Steel","floor":33},{"not_picked":["Cloak And Dagger","Bane"],"picked":"Backflip+1","floor":35},{"not_picked":["Catalyst","Dagger Spray+1"],"picked":"Malaise","floor":35},{"not_picked":["Dodge and Roll","Dagger Spray+1"],"picked":"Cloak And Dagger+1","floor":36},{"not_picked":["Sucker Punch","Bouncing Flask+1","Dash"],"picked":"SKIP","floor":36},{"not_picked":["Quick Slash+1","Distraction","Deadly Poison"],"picked":"SKIP","floor":38},{"not_picked":["Dagger Throw","Masterful Stab","Malaise+1"],"picked":"SKIP","floor":38},{"not_picked":["Poisoned Stab","Expertise+1"],"picked":"Bullet Time","floor":39},{"not_picked":["Dagger Spray","Setup+1","Flying Knee"],"picked":"SKIP","floor":39},{"not_picked":["Deadly Poison+1","Acrobatics+1"],"picked":"Concentrate","floor":44},{"not_picked":["Quick Slash","Dagger Spray","Deflect"],"picked":"SKIP","floor":44},{"not_picked":["Slice+1","Dodge and Roll"],"picked":"Backflip","floor":45},{"not_picked":["Bouncing Flask","Finisher+1","Corpse Explosion"],"picked":"SKIP","floor":45},{"not_picked":["Concentrate","Acrobatics"],"picked":"Caltrops+1","floor":46},{"not_picked":["Quick Slash","Slice+1","Bane"],"picked":"SKIP","floor":46}],"player_experience":148523,"relics_obtained":[{"floor":9,"key":"Prayer Wheel"},{"floor":10,"key":"Bottled Tornado"},{"floor":24,"key":"The Specimen"},{"floor":26,"key":"Ornamental Fan"},{"floor":29,"key":"Frozen Egg 2"},{"floor":43,"key":"Lantern"}],"event_choices":[{"event_name":"Ghosts","player_choice":"Ignored","floor":20,"damage_taken":0},{"event_name":"Drug Dealer","player_choice":"Ignored","floor":22,"damage_taken":0},{"event_name":"Wheel of Change","player_choice":"Card Removal","floor":37,"damage_taken":0},{"event_name":"Winding Halls","player_choice":"Writhe","floor":41,"damage_taken":0}],"boss_relics":[{"not_picked":["Fusion Hammer","Eternal Feather"],"picked":"Sozu"},{"not_picked":["Empty Cage","Black Star"],"picked":"Runic Pyramid"}],"items_purged_floors":[13],"is_endless":false,"potions_floor_spawned":[7,11,12,14,24,28,29,31,35,36,39],"ascension_level":2}