{"gold_per_floor":[116,116,57,132,148,173,173,173,173,191,202,202,45,77,77,77],"floor_reached":16,"playtime":360,"items_purged":[],"score":259,"play_id":"26514bb4-b0a0-4da6-9b33-31a503240879","local_time":"20190602201630","is_ascension_mode":true,"campfire_choices":[{"data":"Cleave","floor":8,"key":"SMITH"},{"data":"Ghostly Armor","floor":12,"key":"SMITH"},{"data":"Immolate","floor":15,"key":"SMITH"}],"neow_cost":"NONE","seed_source_timestamp":607283491156100,"circlet_count":0,"master_deck":["AscendersBane","Strike_R","Strike_R","Strike_R","Strike_R","Defend_R","Defend_R","Defend_R","Defend_R","Bash+1","Cleave+1","Pommel Strike","Ghostly Armor+1","Immolate+1"],"relics":["Burning Blood","NeowsBlessing","Ancient Tea Set","Juzu Bracelet","Bottled Flame"],"potions_floor_usage":[16,16],"damage_taken":[{"damage":0,"enemies":"Cultist","floor":1,"turns":1},{"damage":0,"enemies":"Small Slimes","floor":5,"turns":2},{"damage":0,"enemies":"Lagavulin","floor":6,"turns":1},{"damage":0,"enemies":"2 Louse","floor":10,"turns":3},{"damage":9,"enemies":"Blue Slaver","floor":11,"turns":4},{"damage":32,"enemies":"Gremlin Nob","floor":14,"turns":4},{"damage":70,"enemies":"The Guardian","floor":16,"turns":9}],"seed_played":"2586342792559896680","potions_obtained":[{"floor":5,"key":"GamblersBrew"},{"floor":6,"key":"Poison Potion"}],"is_trial":false,"path_per_floor":["M","?","$","?","M","E","?","R","T","M","M","R","$","E","R","B"],"character_chosen":"IRONCLAD","items_purchased":["Cleave","Immolate"],"campfire_rested":0,"item_purchase_floors":[3,13],"current_hp_per_floor":[74,67,67,56,62,68,68,68,68,74,71,71,71,45,45,0],"gold":77,"neow_bonus":"THREE_ENEMY_KILL","is_prod":false,"is_daily":false,"chose_seed":false,"campfire_upgraded":3,"win_rate":0,"timestamp":1559531790,"path_taken":["M","?","$","?","M","E","?","R","T","M","M","R","$","E","R","BOSS"],"build_version":"2019-01-23","purchased_purges":0,"victory":false,"max_hp_per_floor":[75,75,75,75,75,75,75,75,75,75,75,75,75,75,75,75],"card_choices":[{"not_picked":["Flex","Headbutt","Warcry"],"picked":"SKIP","floor":1},{"not_picked":["Flex","Sever Soul"],"picked":"Pommel Strike","floor":5},{"not_picked":["Wild Strike","Pommel Strike"],"picked":"Ghostly Armor","floor":6},{"not_picked":["Dual Wield","Searing Blow","Armaments"],"picked":"SKIP","floor":10},{"not_picked":["Sword Boomerang","Entrench","Dual Wield"],"picked":"SKIP","floor":11},{"not_picked":["Body Slam","Iron Wave","Combust"],"picked":"SKIP","floor":14}],"player_experience":502934,"relics_obtained":[{"floor":6,"key":"Ancient Tea Set"},{"floor":9,"key":"Juzu Bracelet"},{"floor":14,"key":"Bottled Flame"}],"event_choices":[{"cards_removed":["Strike_R"],"damage_healed":0,"gold_gain":0,"player_choice":"Card Removal","damage_taken":7,"max_hp_gain":0,"max_hp_loss":0,"event_name":"Golden Wing","floor":2,"gold_loss":0},{"damage_healed":0,"gold_gain":75,"player_choice":"Gather Gold","damage_taken":11,"max_hp_gain":0,"max_hp_loss":0,"event_name":"World of Goop","floor":4,"gold_loss":0},{"damage_healed":0,"gold_gain":0,"player_choice":"Grow","damage_taken":0,"max_hp_gain":0,"max_hp_loss":0,"event_name":"Living Wall","floor":7,"gold_loss":0,"cards_upgraded":["Bash"]}],"is_beta":false,"boss_relics":[],"items_purged_floors":[],"is_endless":false,"potions_floor_spawned":[5,6],"killed_by":"The Guardian","ascension_level":19}