{"gold_per_floor":[117,133,83,101,118,143,143,143,143,176,101,101,111,111,111,215,215,234,234,234,246,146,171,171,183,183,58,68,38,71,86,86,187,187,204,204,0,11,23,53,53,53,76,93,447,478,490,515,515,515],"floor_reached":51,"playtime":18612,"items_purged":["Regret","Normality","Decay"],"score":874,"play_id":"252b6e0e-a902-47cf-a618-cbe911c9e7d8","local_time":"20181121235423","is_ascension_mode":true,"campfire_choices":[{"floor":12,"key":"REST"},{"floor":15,"key":"REST"},{"floor":32,"key":"DIG"},{"floor":42,"key":"DIG"},{"floor":49,"key":"REST"}],"neow_cost":"PERCENT_DAMAGE","seed_source_timestamp":505232289783474,"circlet_count":0,"master_deck":["Defend_G","Defend_G","Defend_G","Defend_G","Defend_G","Strike_G","Survivor","Neutralize","Bouncing Flask+1","Slice","Slice","Escape Plan","Flechettes+1","Adrenaline","Backstab","Unload+1","Catalyst","Slice","Noxious Fumes","Poisoned Stab","Prepared+1","Dodge and Roll","Corpse Explosion+1","Cloak And Dagger+1","The Bomb+1","Good Instincts+1","Blind+1","Noxious Fumes+1","Deflect+1","Catalyst+1","Deadly Poison+1","Backflip+1","Dodge and Roll+1","Caltrops+1"],"relics":["Ring of the Snake","Oddly Smooth Stone","Matryoshka","Bag of Marbles","Bag of Preparation","Centennial Puzzle","Ancient Tea Set","Mercury Hourglass","Calling Bell","Omamori","Letter Opener","Thread and Needle","Ornamental Fan","Pear","Shovel","Toxic Egg 2","Runic Pyramid","Red Mask","Tingsha","Unceasing Top","Whetstone","Old Coin","Blue Candle","Gremlin Horn"],"potions_floor_usage":[6,6,23,23,30,33,33,40,40,47,47,50],"damage_taken":[{"damage":0,"enemies":"2 Louse","floor":1,"turns":4},{"damage":0,"enemies":"Jaw Worm","floor":2,"turns":4},{"damage":0,"enemies":"Cultist","floor":4,"turns":3},{"damage":0,"enemies":"Exordium Wildlife","floor":5,"turns":3},{"damage":8,"enemies":"Lagavulin","floor":6,"turns":8},{"damage":20,"enemies":"3 Sentries","floor":10,"turns":8},{"damage":0,"enemies":"3 Louse","floor":13,"turns":1},{"damage":18,"enemies":"Slime Boss","floor":16,"turns":8},{"damage":2,"enemies":"Shell Parasite","floor":18,"turns":3},{"damage":2,"enemies":"Chosen","floor":21,"turns":4},{"damage":5,"enemies":"Gremlin Leader","floor":23,"turns":5},{"damage":4,"enemies":"Centurion and Healer","floor":25,"turns":4},{"damage":0,"enemies":"Shelled Parasite and Fungi","floor":28,"turns":5},{"damage":1,"enemies":"Book of Stabbing","floor":30,"turns":6},{"damage":0,"enemies":"Snecko","floor":31,"turns":2},{"damage":15,"enemies":"Collector","floor":33,"turns":5},{"damage":0,"enemies":"3 Shapes","floor":35,"turns":4},{"damage":0,"enemies":"3 Darklings","floor":38,"turns":1},{"damage":0,"enemies":"Jaw Worm Horde","floor":39,"turns":3},{"damage":7,"enemies":"Giant Head","floor":40,"turns":7},{"damage":0,"enemies":"4 Shapes","floor":44,"turns":1},{"damage":3,"enemies":"2 Orb Walkers","floor":45,"turns":3},{"damage":21,"enemies":"Nemesis","floor":46,"turns":7},{"damage":0,"enemies":"Sphere and 2 Shapes","floor":47,"turns":2},{"damage":0,"enemies":"Reptomancer","floor":48,"turns":4},{"damage":23,"enemies":"Awakened One","floor":50,"turns":14}],"seed_played":"6276917513122892122","potions_obtained":[{"floor":1,"key":"GamblersBrew"},{"floor":2,"key":"SteroidPotion"},{"floor":4,"key":"Ancient Potion"},{"floor":5,"key":"Dexterity Potion"},{"floor":16,"key":"Weak Potion"},{"floor":18,"key":"SteroidPotion"},{"floor":21,"key":"Explosive Potion"},{"floor":29,"key":"Explosive Potion"},{"floor":29,"key":"Swift Potion"},{"floor":30,"key":"Poison Potion"},{"floor":38,"key":"Fire Potion"},{"floor":39,"key":"FearPotion"},{"floor":45,"key":"AttackPotion"},{"floor":47,"key":"Dexterity Potion"}],"is_trial":false,"path_per_floor":["M","M","?","M","M","E","?","?","T","E","$","R","M","T","R","B",null,"M","?","?","M","$","E","?","M","T","$","M","?","E","M","R","B",null,"M","?","?","M","M","E","?","R","T","M","?","E","M","E","R","B",null],"character_chosen":"THE_SILENT","items_purchased":[],"campfire_rested":3,"item_purchase_floors":[],"current_hp_per_floor":[49,49,49,49,49,41,41,41,41,21,21,42,42,42,63,45,70,68,68,68,66,66,61,61,57,67,67,67,67,66,66,66,51,80,80,70,70,70,70,63,63,63,63,63,60,39,39,39,63,40],"gold":515,"neow_bonus":"REMOVE_TWO","is_prod":false,"is_daily":false,"chose_seed":false,"campfire_upgraded":0,"win_rate":0,"timestamp":1542862463,"path_taken":["M","M","?","M","M","E","?","?","T","E","$","R","?","?","R","BOSS","M","?","?","M","$","E","?","M","T","$","M","?","E","?","R","BOSS","M","?","?","M","M","E","?","R","T","?","?","E","M","E","R","BOSS"],"build_version":"2018-11-15","purchased_purges":3,"victory":true,"max_hp_per_floor":[70,70,70,70,70,70,70,70,70,70,70,70,70,70,70,70,70,70,70,70,70,70,70,70,70,80,80,80,80,80,80,80,80,80,80,80,80,80,80,80,80,80,80,80,80,80,80,80,80,80],"card_choices":[{"not_picked":["Dagger Spray","Deflect"],"picked":"Bouncing Flask","floor":1},{"not_picked":["PiercingWail","Flying Knee"],"picked":"Slice","floor":2},{"not_picked":["Choke","Eviscerate"],"picked":"Slice","floor":4},{"not_picked":["Blur","Prepared"],"picked":"Escape Plan","floor":5},{"not_picked":["Dagger Throw","Outmaneuver"],"picked":"Flechettes","floor":6},{"not_picked":["Finisher","Footwork"],"picked":"Adrenaline","floor":10},{"not_picked":["Blade Dance","Slice"],"picked":"Backstab","floor":13},{"not_picked":["Night Terror","Wraith Form v2"],"picked":"Unload","floor":16},{"not_picked":["PiercingWail","Underhanded Strike"],"picked":"Catalyst","floor":18},{"not_picked":["Outmaneuver","Bane","Acrobatics+1"],"picked":"SKIP","floor":21},{"not_picked":["Quick Slash","PiercingWail"],"picked":"Slice","floor":23},{"not_picked":["Blade Dance","Distraction"],"picked":"Noxious Fumes","floor":25},{"not_picked":["Dagger Throw+1","Catalyst"],"picked":"Poisoned Stab","floor":28},{"not_picked":["Sucker Punch","Endless Agony"],"picked":"Prepared+1","floor":30},{"not_picked":["Masterful Stab","Quick Slash"],"picked":"Dodge and Roll","floor":31},{"not_picked":["Venomology+1","Bullet Time+1"],"picked":"Corpse Explosion+1","floor":33},{"not_picked":["Underhanded Strike+1","Backstab"],"picked":"Cloak And Dagger+1","floor":35},{"not_picked":["Violence+1","Blind+1"],"picked":"The Bomb+1","floor":36},{"not_picked":["Enlightenment+1","Trip+1"],"picked":"Good Instincts+1","floor":36},{"not_picked":["Transmutation+1","Forethought+1"],"picked":"Blind+1","floor":36},{"not_picked":["Quick Slash+1","Dagger Throw","Finisher"],"picked":"SKIP","floor":38},{"not_picked":["Dagger Throw","Blur+1"],"picked":"Noxious Fumes+1","floor":39},{"not_picked":["Venomology+1","Underhanded Strike"],"picked":"Deflect+1","floor":40},{"not_picked":["Underhanded Strike","Choke"],"picked":"Catalyst+1","floor":44},{"not_picked":["PiercingWail+1","Acrobatics+1"],"picked":"Deadly Poison+1","floor":45},{"not_picked":["Glass Knife","Dagger Throw"],"picked":"Backflip+1","floor":46},{"not_picked":["Bane","Dagger Throw+1"],"picked":"Dodge and Roll+1","floor":47},{"not_picked":["Dash","Dagger Spray+1"],"picked":"Caltrops+1","floor":48}],"player_experience":277437,"relics_obtained":[{"floor":6,"key":"Oddly Smooth Stone"},{"floor":9,"key":"Bag of Marbles"},{"floor":9,"key":"Bag of Preparation"},{"floor":10,"key":"Centennial Puzzle"},{"floor":14,"key":"Ancient Tea Set"},{"floor":14,"key":"Mercury Hourglass"},{"floor":17,"key":"Omamori"},{"floor":17,"key":"Letter Opener"},{"floor":17,"key":"Thread and Needle"},{"floor":23,"key":"Ornamental Fan"},{"floor":26,"key":"Pear"},{"floor":30,"key":"Shovel"},{"floor":32,"key":"Toxic Egg 2"},{"floor":40,"key":"Tingsha"},{"floor":42,"key":"Unceasing Top"},{"floor":43,"key":"Whetstone"},{"floor":45,"key":"Old Coin"},{"floor":46,"key":"Blue Candle"},{"floor":48,"key":"Gremlin Horn"}],"event_choices":[{"cards_removed":["Strike_G"],"damage_healed":0,"gold_gain":0,"player_choice":"Card Removal","damage_taken":0,"max_hp_gain":0,"max_hp_loss":0,"event_name":"The Cleric","floor":3,"gold_loss":50},{"damage_healed":0,"gold_gain":0,"player_choice":"Box","damage_taken":0,"relics_obtained":["Matryoshka"],"max_hp_gain":0,"max_hp_loss":0,"event_name":"Big Fish","floor":7,"gold_loss":0,"cards_obtained":["Regret"]},{"damage_healed":0,"gold_gain":0,"player_choice":"Forge","damage_taken":0,"max_hp_gain":0,"max_hp_loss":0,"event_name":"Accursed Blacksmith","floor":8,"gold_loss":0,"cards_upgraded":["Bouncing Flask"]},{"cards_removed":["Shame"],"damage_healed":0,"gold_gain":0,"player_choice":"Elegance","damage_taken":0,"max_hp_gain":0,"max_hp_loss":0,"event_name":"Back to Basics","floor":19,"gold_loss":0},{"damage_healed":0,"gold_gain":0,"player_choice":"Ignored","damage_taken":0,"max_hp_gain":0,"max_hp_loss":0,"event_name":"Vampires","floor":20,"gold_loss":0},{"damage_healed":0,"gold_gain":0,"player_choice":"Smashed Altar","damage_taken":0,"max_hp_gain":0,"max_hp_loss":0,"event_name":"Forgotten Altar","floor":24,"gold_loss":0,"cards_obtained":["Decay"]},{"damage_healed":0,"gold_gain":0,"player_choice":"Bought 2 Potions","damage_taken":0,"max_hp_gain":0,"max_hp_loss":0,"event_name":"The Woman in Blue","floor":29,"gold_loss":0},{"damage_healed":0,"gold_gain":0,"player_choice":"Memory 3","damage_taken":10,"max_hp_gain":0,"max_hp_loss":0,"event_name":"SensoryStone","floor":36,"gold_loss":0},{"damage_healed":0,"gold_gain":0,"player_choice":"Paid","damage_taken":0,"relics_obtained":["Red Mask"],"max_hp_gain":0,"max_hp_loss":0,"event_name":"Tomb of Lord Red Mask","floor":37,"gold_loss":204},{"cards_removed":["Strike_G"],"damage_healed":0,"gold_gain":0,"player_choice":"Removed Attack","damage_taken":0,"max_hp_gain":0,"max_hp_loss":0,"event_name":"Falling","floor":41,"gold_loss":0},{"damage_healed":0,"gold_gain":0,"player_choice":"Fight","damage_taken":0,"max_hp_gain":0,"max_hp_loss":0,"event_name":"Mysterious Sphere","floor":45,"gold_loss":0}],"is_beta":false,"boss_relics":[{"not_picked":["Snecko Eye","Coffee Dripper"],"picked":"Calling Bell"},{"not_picked":["Cursed Key","Busted Crown"],"picked":"Runic Pyramid"}],"items_purged_floors":[11,22,27],"is_endless":false,"potions_floor_spawned":[1,2,4,5,16,18,21,30,31,38,39,45,47],"ascension_level":1}