{"gold_per_floor":[118,138,152,152,205,238,238,271,350,364,364,382,382,397,397,492,492,506,475,475],"floor_reached":20,"playtime":1092,"items_purged":[],"score":279,"play_id":"b9a109e1-5bef-41a3-a839-1a0170180f7f","local_time":"20190329153037","is_ascension_mode":true,"campfire_choices":[{"floor":7.0,"key":"REST"},{"data":"Leg Sweep","floor":11.0,"key":"SMITH"},{"data":"Survivor","floor":13.0,"key":"SMITH"},{"data":"Slice","floor":15.0,"key":"SMITH"}],"neow_cost":"NONE","seed_source_timestamp":754685773718800,"circlet_count":0,"master_deck":["AscendersBane","Defend_G","Defend_G","Defend_G","Defend_G","Defend_G","Strike_G","Strike_G","Strike_G","Strike_G","Strike_G","Survivor+1","Neutralize","Sucker Punch+1","Blade Dance","Slice+1","Terror","Leg Sweep+1","Backstab","Tools of the Trade","Tools of the Trade","Acrobatics+1","Cloak And Dagger"],"special_seed":0,"relics":["Ring of the Snake","NeowsBlessing","Happy Flower","Mummified Hand","Paper Crane","The Courier","HoveringKite"],"potions_floor_usage":[20],"damage_taken":[{"damage":0.0,"enemies":"2 Louse","floor":1.0,"turns":1.0},{"damage":0.0,"enemies":"Jaw Worm","floor":2.0,"turns":1.0},{"damage":0.0,"enemies":"Small Slimes","floor":3.0,"turns":1.0},{"damage":40.0,"enemies":"3 Sentries","floor":6.0,"turns":9.0},{"damage":7.0,"enemies":"Lagavulin","floor":8.0,"turns":6.0},{"damage":0.0,"enemies":"2 Fungi Beasts","floor":10.0,"turns":4.0},{"damage":5.0,"enemies":"Blue Slaver","floor":12.0,"turns":3.0},{"damage":1.0,"enemies":"3 Louse","floor":14.0,"turns":4.0},{"damage":18.0,"enemies":"Hexaghost","floor":16.0,"turns":12.0},{"damage":28,"enemies":"3 Byrds","floor":18,"turns":9},{"damage":8,"enemies":"2 Thieves","floor":19,"turns":5},{"damage":14,"enemies":"3 Cultists","floor":20,"turns":6}],"seed_played":"-6072520742217203742","potions_obtained":[{"floor":2.0,"key":"Regen Potion"},{"floor":3.0,"key":"LiquidBronze"},{"floor":6.0,"key":"PowerPotion"},{"floor":16.0,"key":"GamblersBrew"},{"floor":19,"key":"Block Potion"}],"is_trial":false,"path_per_floor":["M","M","M","?","T","E","R","E","T","M","R","M","R","M","R","B",null,"M","M","M"],"character_chosen":"THE_SILENT","items_purchased":[],"campfire_rested":1,"item_purchase_floors":[],"current_hp_per_floor":[63,63,63,63,63,38,59,52,52,52,52,47,47,46,46,28,60,32,24,10],"gold":475,"neow_bonus":"THREE_ENEMY_KILL","is_prod":false,"is_daily":false,"chose_seed":false,"campfire_upgraded":3,"win_rate":0,"timestamp":1553887837,"path_taken":["M","M","M","?","?","E","R","E","T","M","R","M","R","M","R","BOSS","M","M","M"],"build_version":"2019-01-23","purchased_purges":0,"victory":false,"max_hp_per_floor":[70,70,70,70,70,70,70,70,70,70,70,70,70,70,70,70,70,70,70,70],"card_choices":[{"not_picked":["Dagger Throw","Concentrate"],"picked":"Sucker Punch","floor":1.0},{"not_picked":["Infinite Blades","Well Laid Plans"],"picked":"Blade Dance","floor":2.0},{"not_picked":["Outmaneuver","Calculated Gamble"],"picked":"Slice","floor":3.0},{"not_picked":["Acrobatics","Deadly Poison"],"picked":"Terror","floor":6.0},{"not_picked":["Blade Dance","Flying Knee"],"picked":"Leg Sweep","floor":8.0},{"not_picked":["Prepared","Setup","Deflect"],"picked":"SKIP","floor":10.0},{"not_picked":["Bane","Underhanded Strike"],"picked":"Backstab","floor":12.0},{"not_picked":["Leg Sweep","Flying Knee"],"picked":"Tools of the Trade","floor":14.0},{"not_picked":["Phantasmal Killer","Wraith Form v2"],"picked":"Tools of the Trade","floor":16.0},{"not_picked":["Bane+1","Flechettes+1"],"picked":"Acrobatics+1","floor":18},{"not_picked":["Flying Knee","Noxious Fumes"],"picked":"Cloak And Dagger","floor":19}],"player_experience":351852,"relics_obtained":[{"floor":5.0,"key":"Happy Flower"},{"floor":6.0,"key":"Mummified Hand"},{"floor":8.0,"key":"Paper Crane"},{"floor":9.0,"key":"The Courier"}],"event_choices":[{"damage_healed":0.0,"max_hp_gain":0.0,"max_hp_loss":0.0,"gold_gain":0.0,"event_name":"Living Wall","player_choice":"Grow","floor":4.0,"gold_loss":0.0,"damage_taken":0.0,"cards_upgraded":["Sucker Punch"]}],"is_beta":false,"boss_relics":[{"not_picked":["Calling Bell","Cursed Key"],"picked":"HoveringKite"}],"items_purged_floors":[],"is_endless":false,"potions_floor_spawned":[2,3,6,16,19],"killed_by":"3 Cultists","ascension_level":10}