{"gold_per_floor":[109,122,171,171,183,183,108,141,141,141,174,174,206,224,224,320,320,334,351,369,382,297,297,330,342,380,417,27,27,62,79,79,174,174,186,196,0,18,118,118,147,147,147,147,147,158,187,204,204,204,204,204,31,56,56],"floor_reached":56,"playtime":6442,"items_purged":["Doubt","Strike_R"],"score":1600,"play_id":"60c8abde-0a18-44a9-9d8b-c29953ecac8a","local_time":"20190118221011","is_ascension_mode":true,"campfire_choices":[{"data":"Intimidate","floor":6.0,"key":"SMITH"},{"floor":10.0,"key":"REST"},{"floor":12.0,"key":"REST"},{"data":"Disarm","floor":15.0,"key":"SMITH"},{"floor":23.0,"key":"REST"},{"floor":25.0,"key":"REST"},{"floor":32.0,"key":"REST"},{"floor":40,"key":"REST"},{"data":"Apotheosis","floor":42,"key":"SMITH"},{"data":"1","floor":44,"key":"LIFT"},{"floor":49,"key":"RECALL"},{"data":"2","floor":52,"key":"LIFT"}],"neow_cost":"CURSE","seed_source_timestamp":0,"circlet_count":0,"master_deck":["Bash","Power Through","Shrug It Off","Intimidate+1","Disarm+1","Rampage","Bludgeon","Shrug It Off","Limit Break","Uppercut+1","Shockwave","Thunderclap+1","Apotheosis+1","Reaper","Carnage+1","Feed","Clash","Demon Form","Cleave","Body Slam","Carnage","Rampage","Power Through","Shrug It Off","Flame Barrier","Inflame","Bandage Up","Spot Weakness+1","Flame Barrier+1","Battle Trance"],"special_seed":0,"relics":["Burning Blood","Mango","Oddly Smooth Stone","The Courier","PreservedInsect","Centennial Puzzle","Juzu Bracelet","Velvet Choker","Letter Opener","MawBank","Bag of Marbles","Red Mask","Sling","Singing Bowl","Pandora\u0027s Box","Girya","Ornamental Fan","Bottled Flame","Red Skull","Champion Belt"],"potions_floor_usage":[47,55],"damage_taken":[{"damage":10.0,"enemies":"Cultist","floor":1.0,"turns":5.0},{"damage":0.0,"enemies":"Small Slimes","floor":2.0,"turns":4.0},{"damage":3.0,"enemies":"Jaw Worm","floor":5.0,"turns":7.0},{"damage":74.0,"enemies":"Gremlin Nob","floor":8.0,"turns":8.0},{"damage":22.0,"enemies":"3 Sentries","floor":11.0,"turns":11.0},{"damage":21.0,"enemies":"Lagavulin","floor":13.0,"turns":7.0},{"damage":6.0,"enemies":"Blue Slaver","floor":14.0,"turns":6.0},{"damage":34.0,"enemies":"The Guardian","floor":16.0,"turns":13.0},{"damage":3.0,"enemies":"Chosen","floor":18.0,"turns":6.0},{"damage":17.0,"enemies":"3 Byrds","floor":19.0,"turns":10.0},{"damage":13.0,"enemies":"Cultist and Chosen","floor":20.0,"turns":8.0},{"damage":22.0,"enemies":"Sentry and Sphere","floor":21.0,"turns":8.0},{"damage":59.0,"enemies":"Gremlin Leader","floor":24.0,"turns":9.0},{"damage":42.0,"enemies":"Masked Bandits","floor":27.0,"turns":6.0},{"damage":10.0,"enemies":"Colosseum Slavers","floor":29.0,"turns":4.0},{"damage":18.0,"enemies":"Slavers","floor":30.0,"turns":7.0},{"damage":15.0,"enemies":"Centurion and Healer","floor":31.0,"turns":8.0},{"damage":41.0,"enemies":"Champ","floor":33.0,"turns":12.0},{"damage":12.0,"enemies":"Orb Walker","floor":35.0,"turns":2.0},{"damage":10,"enemies":"3 Shapes","floor":36,"turns":4},{"damage":50,"enemies":"Spire Growth","floor":38,"turns":5},{"damage":15,"enemies":"Mind Bloom Boss Battle","floor":39,"turns":7},{"damage":34,"enemies":"Reptomancer","floor":41,"turns":5},{"damage":12,"enemies":"Transient","floor":46,"turns":5},{"damage":42,"enemies":"Nemesis","floor":47,"turns":3},{"damage":25,"enemies":"Writhing Mass","floor":48,"turns":7},{"damage":69,"enemies":"Awakened One","floor":50,"turns":10},{"damage":14,"enemies":"Shield and Spear","floor":54,"turns":6},{"damage":120,"enemies":"The Heart","floor":55,"turns":8}],"seed_played":"-2387378920155131648","potions_obtained":[{"floor":2.0,"key":"EssenceOfSteel"},{"floor":8.0,"key":"Regen Potion"},{"floor":13.0,"key":"SteroidPotion"},{"floor":14.0,"key":"Ancient Potion"},{"floor":20.0,"key":"Regen Potion"},{"floor":27.0,"key":"SneckoOil"},{"floor":30.0,"key":"Block Potion"},{"floor":36,"key":"PowerPotion"},{"floor":48,"key":"Weak Potion"}],"is_trial":false,"path_per_floor":["M","M","T","?","M","R","$","E","T","R","E","R","E","M","R","B",null,"M","M","M","M","?","R","E","R","T","?","$","?","E","M","R","B",null,"M","M","$","M","?","R","E","R","T","R","?","M","E","M","R","B",null,"R","$","E","B",null],"character_chosen":"IRONCLAD","items_purchased":["Apotheosis","Sling","Inflame","Bandage Up","LiquidBronze","Red Skull","Battle Trance"],"campfire_rested":6,"item_purchase_floors":[28,28,37,37,37,53,53],"current_hp_per_floor":[82,88,88,88,91,91,91,23,23,50,49,76,61,61,61,33,77,80,69,62,46,46,73,35,62,62,26,26,22,10,13,40,12,71,69,68,68,28,40,70,72,72,72,72,72,74,45,41,41,12,87,87,87,91,8],"gold":56,"neow_bonus":"ONE_RARE_RELIC","is_prod":false,"is_daily":false,"chose_seed":false,"campfire_upgraded":3,"win_rate":0,"timestamp":1547867411,"path_taken":["M","M","?","?","?","R","$","E","T","R","E","R","E","M","R","BOSS","M","M","M","M","?","R","E","R","T","?","$","?","E","M","R","BOSS","M","M","$","M","?","R","E","R","T","R","?","M","E","M","R","BOSS","R","$","E","BOSS"],"build_version":"2019-01-17v2","purchased_purges":2,"victory":true,"max_hp_per_floor":[94,94,94,91,91,91,91,91,91,91,91,91,91,91,91,91,91,91,91,91,91,91,91,91,91,91,91,91,91,91,91,91,91,91,95,98,98,98,103,103,105,105,105,105,105,107,110,112,112,112,112,112,112,118,118],"card_choices":[{"not_picked":["Sentinel","Sword Boomerang"],"picked":"Power Through","floor":1.0},{"not_picked":["Anger","Clothesline"],"picked":"Shrug It Off","floor":2.0},{"not_picked":["Flex","Sword Boomerang"],"picked":"Intimidate","floor":5.0},{"not_picked":["Whirlwind","Warcry"],"picked":"Disarm","floor":8.0},{"not_picked":["Body Slam","Rage"],"picked":"Rampage","floor":11.0},{"not_picked":["Ghostly Armor","Shrug It Off"],"picked":"Bludgeon","floor":13.0},{"not_picked":["Blood for Blood","Anger"],"picked":"Shrug It Off","floor":14.0},{"not_picked":["Impervious","Berserk"],"picked":"Limit Break","floor":16.0},{"not_picked":["Fire Breathing","True Grit","Rampage"],"picked":"SKIP","floor":18.0},{"not_picked":["Twin Strike","Headbutt"],"picked":"Uppercut+1","floor":19.0},{"not_picked":["Havoc","Heavy Blade","Twin Strike+1"],"picked":"SKIP","floor":20.0},{"not_picked":["Clash","Havoc","Bloodletting"],"picked":"SKIP","floor":21.0},{"not_picked":["Disarm","Iron Wave"],"picked":"Shockwave","floor":24.0},{"not_picked":["Sword Boomerang+1","Pommel Strike"],"picked":"Thunderclap+1","floor":27.0},{"not_picked":["Headbutt+1","Hemokinesis"],"picked":"Reaper","floor":30.0},{"not_picked":["Headbutt+1","Clothesline+1"],"picked":"Carnage+1","floor":31.0},{"not_picked":["Impervious","Reaper"],"picked":"Feed","floor":33.0},{"not_picked":["Pommel Strike","Clash+1"],"picked":"Shrug It Off","floor":35.0},{"not_picked":["Carnage","Sword Boomerang"],"picked":"Flame Barrier","floor":36},{"not_picked":["Armaments","Anger"],"picked":"Spot Weakness+1","floor":38},{"not_picked":["Armaments","Second Wind+1","Flex+1"],"picked":"Singing Bowl","floor":39},{"not_picked":["Infernal Blade","Clothesline+1","Cleave+1"],"picked":"Singing Bowl","floor":41},{"not_picked":["Flex+1","Cleave+1","Wild Strike+1"],"picked":"Singing Bowl","floor":46},{"not_picked":["Clash+1","Double Tap"],"picked":"Flame Barrier+1","floor":47},{"not_picked":["Rampage","Perfected Strike","Headbutt"],"picked":"Singing Bowl","floor":48},{"not_picked":["Pommel Strike","Cleave+1","Iron Wave+1"],"picked":"Singing Bowl","floor":54}],"player_experience":734984,"relics_obtained":[{"floor":3.0,"key":"Oddly Smooth Stone"},{"floor":8.0,"key":"The Courier"},{"floor":9.0,"key":"PreservedInsect"},{"floor":11.0,"key":"Centennial Puzzle"},{"floor":13.0,"key":"Juzu Bracelet"},{"floor":24.0,"key":"MawBank"},{"floor":26.0,"key":"Bag of Marbles"},{"floor":27.0,"key":"Red Mask"},{"floor":30.0,"key":"Singing Bowl"},{"floor":39,"key":"Girya"},{"floor":41,"key":"Ornamental Fan"},{"floor":47,"key":"Bottled Flame"},{"floor":54,"key":"Champion Belt"}],"event_choices":[{"damage_healed":0.0,"max_hp_gain":0.0,"max_hp_loss":0.0,"gold_gain":0.0,"cards_transformed":["Parasite"],"event_name":"Transmorgrifier","player_choice":"Transformed","floor":4.0,"gold_loss":0.0,"damage_taken":0.0,"cards_obtained":["Doubt"]},{"damage_healed":0.0,"max_hp_gain":0.0,"max_hp_loss":0.0,"gold_gain":0.0,"event_name":"Addict","player_choice":"Obtained Relic","floor":22.0,"gold_loss":85.0,"damage_taken":0.0,"relics_obtained":["Letter Opener"]},{"damage_healed":0.0,"max_hp_gain":0.0,"max_hp_loss":0.0,"gold_gain":0.0,"event_name":"Masked Bandits","player_choice":"Fought Bandits","floor":27.0,"gold_loss":0.0,"damage_taken":0.0},{"damage_healed":0.0,"max_hp_gain":0.0,"max_hp_loss":0.0,"gold_gain":0.0,"event_name":"Colosseum","player_choice":"Fight","floor":29.0,"gold_loss":0.0,"damage_taken":0.0},{"damage_healed":0.0,"max_hp_gain":0.0,"max_hp_loss":0.0,"gold_gain":0.0,"event_name":"Colosseum","player_choice":"Fled From Nobs","floor":29.0,"gold_loss":0.0,"damage_taken":0.0},{"damage_healed":0,"gold_gain":0,"player_choice":"Fight","damage_taken":0,"max_hp_gain":0,"max_hp_loss":0,"event_name":"MindBloom","floor":39,"gold_loss":0},{"cards_removed":["Perfected Strike"],"damage_healed":0,"gold_gain":0,"player_choice":"Purged","damage_taken":0,"max_hp_gain":0,"max_hp_loss":0,"event_name":"Purifier","floor":45,"gold_loss":0}],"is_beta":false,"boss_relics":[{"not_picked":["Runic Dome","Black Blood"],"picked":"Velvet Choker"},{"not_picked":["Cursed Key","White Beast Statue"],"picked":"Pandora\u0027s Box"}],"items_purged_floors":[7,28],"is_endless":false,"potions_floor_spawned":[2,8,13,14,20,27,30,31,36,39,48],"ascension_level":7}