{"gold_per_floor":[144,189,234,50,95,185,185,185,235,235,280,325,370,415,415,715,715,760,805,850,895,474,564,609,654,679,724,724,391,436,436,436,736,736,781,826,871,234,279,279,369,369,369,176,176,221,266,311,311,311],"floor_reached":51,"playtime":4024,"items_purged":["Strike_B","Strike_B","Strike_B","Rebound"],"score":886,"play_id":"801eee22-6885-4976-ada7-af4fd46a8b02","local_time":"20190418215123","daily_mods":["Specialized","Vintage","Midas"],"is_ascension_mode":false,"campfire_choices":[{"floor":8,"key":"REST"},{"floor":15,"key":"REST"},{"data":"1","floor":32,"key":"LIFT"},{"data":"2","floor":40,"key":"LIFT"},{"data":"3","floor":45,"key":"LIFT"},{"floor":49,"key":"REST"}],"neow_cost":"","seed_source_timestamp":0,"circlet_count":0,"master_deck":["Defend_B","Defend_B","Defend_B","Defend_B","Zap","Dualcast","Rebound+1","Rebound","Rebound+1","Rebound","Self Repair","Rainbow+1","Conserve Battery+1","Ball Lightning+1","Coolheaded+1","Lockon+1","Echo Form","Glacier+1","Sweeping Beam+1","Compile Driver+1","Fission+1","Loop"],"special_seed":18004,"relics":["Cracked Core","Dodecahedron","Blood Vial","Shuriken","Anchor","Meat on the Bone","Bottled Lightning","Boot","Regal Pillow","Ancient Tea Set","Happy Flower","Centennial Puzzle","Toxic Egg 2","Philosopher\u0027s Stone","Molten Egg 2","Pen Nib","Girya","Pear","Oddly Smooth Stone","Bag of Marbles","Mango","Smiling Mask","Dream Catcher","Omamori","Sundial","Nilry\u0027s Codex","Strawberry","Bag of Preparation","FossilizedHelix","Nuclear Battery","Ginger","Incense Burner","Pocketwatch","Mummified Hand","Mercury Hourglass","Art of War","Turnip","Gremlin Horn","Ornamental Fan","Bottled Tornado","PreservedInsect"],"potions_floor_usage":[6,13,23,25,30,35,50,50],"damage_taken":[{"damage":2,"enemies":"Small Slimes","floor":1,"turns":3},{"damage":6,"enemies":"2 Louse","floor":2,"turns":2},{"damage":6,"enemies":"Jaw Worm","floor":3,"turns":3},{"damage":0,"enemies":"2 Fungi Beasts","floor":5,"turns":3},{"damage":16,"enemies":"Lagavulin","floor":6,"turns":6},{"damage":11,"enemies":"Gremlin Gang","floor":11,"turns":4},{"damage":1,"enemies":"Exordium Wildlife","floor":12,"turns":3},{"damage":3,"enemies":"Lots of Slimes","floor":13,"turns":4},{"damage":3,"enemies":"Red Slaver","floor":14,"turns":2},{"damage":51,"enemies":"The Guardian","floor":16,"turns":11},{"damage":5,"enemies":"3 Byrds","floor":18,"turns":3},{"damage":2,"enemies":"Chosen","floor":19,"turns":3},{"damage":13,"enemies":"Snecko","floor":20,"turns":4},{"damage":13,"enemies":"3 Cultists","floor":21,"turns":5},{"damage":19,"enemies":"Gremlin Leader","floor":23,"turns":6},{"damage":0,"enemies":"Centurion and Healer","floor":24,"turns":3},{"damage":10,"enemies":"Sentry and Sphere","floor":25,"turns":4},{"damage":7,"enemies":"Cultist and Chosen","floor":27,"turns":4},{"damage":2,"enemies":"Snake Plant","floor":30,"turns":2},{"damage":56,"enemies":"Champ","floor":33,"turns":10},{"damage":0,"enemies":"3 Darklings","floor":35,"turns":4},{"damage":0,"enemies":"3 Shapes","floor":36,"turns":2},{"damage":0,"enemies":"Transient","floor":37,"turns":5},{"damage":0,"enemies":"Sphere and 2 Shapes","floor":39,"turns":4},{"damage":0,"enemies":"Giant Head","floor":41,"turns":5},{"damage":0,"enemies":"3 Darklings","floor":46,"turns":2},{"damage":0,"enemies":"Spire Growth","floor":47,"turns":3},{"damage":0,"enemies":"Jaw Worm Horde","floor":48,"turns":1},{"damage":0,"enemies":"Donu and Deca","floor":50,"turns":7}],"seed_played":"-4024911570082513858","potions_obtained":[{"floor":2,"key":"SkillPotion"},{"floor":6,"key":"FocusPotion"},{"floor":12,"key":"SpeedPotion"},{"floor":13,"key":"Dexterity Potion"},{"floor":18,"key":"Dexterity Potion"},{"floor":19,"key":"Explosive Potion"},{"floor":23,"key":"Weak Potion"},{"floor":24,"key":"Energy Potion"},{"floor":33,"key":"PowerPotion"},{"floor":36,"key":"FearPotion"},{"floor":37,"key":"SpeedPotion"}],"is_trial":false,"path_per_floor":["M","M","M","$","M","E","?","R","T","?","M","M","M","M","R","B",null,"M","M","M","M","$","E","M","M","T","M","?","$","M","?","R","B",null,"M","M","M","$","M","R","E","?","T","$","R","M","M","M","R","B",null],"character_chosen":"DEFECT","items_purchased":["Self Repair","Anchor","Oddly Smooth Stone","Bag of Marbles","Conserve Battery+1","Coolheaded+1","Lockon+1","Strawberry","Mummified Hand","Mercury Hourglass","Glacier+1","Sweeping Beam+1","Fission+1"],"campfire_rested":3,"item_purchase_floors":[4,4,22,22,22,29,29,29,38,38,38,38,44],"current_hp_per_floor":[73,67,63,63,72,65,50,72,72,54,45,53,59,65,75,43,75,70,75,69,75,75,79,88,87,87,89,73,80,87,87,87,52,106,106,106,106,106,106,106,106,106,106,106,106,106,106,106,106,106],"gold":311,"neow_bonus":"","is_prod":false,"is_daily":true,"chose_seed":false,"campfire_upgraded":0,"win_rate":0,"timestamp":1555617083,"path_taken":["M","M","M","$","M","E","?","R","T","?","M","M","M","M","R","BOSS","M","M","M","M","$","E","M","M","T","M","?","$","M","?","R","BOSS","M","M","?","$","M","R","E","?","T","$","R","M","M","M","R","BOSS"],"build_version":"2019-01-23","purchased_purges":4,"victory":true,"max_hp_per_floor":[75,75,75,75,75,75,75,75,75,75,75,75,75,75,75,75,75,75,75,75,85,85,99,99,99,99,99,99,106,106,106,106,106,106,106,106,106,106,106,106,106,106,106,106,106,106,106,106,106,106],"card_choices":[{"not_picked":["Steam Power","Stack","Rip and Tear"],"picked":"SKIP","floor":6},{"not_picked":["Amplify+1","Fission+1"],"picked":"Rainbow+1","floor":16},{"not_picked":["Melter+1","Loop"],"picked":"Ball Lightning+1","floor":23},{"not_picked":["Multi-Cast+1","Electrodynamics"],"picked":"Echo Form","floor":33},{"not_picked":["Turbo+1","Aggregate+1"],"picked":"Compile Driver+1","floor":41},{"not_picked":["Compile Driver+1","Ball Lightning+1"],"picked":"Loop","floor":49}],"player_experience":464118,"relics_obtained":[{"floor":1,"key":"Dodecahedron"},{"floor":2,"key":"Blood Vial"},{"floor":3,"key":"Shuriken"},{"floor":5,"key":"Meat on the Bone"},{"floor":6,"key":"Bottled Lightning"},{"floor":9,"key":"Boot"},{"floor":11,"key":"Ancient Tea Set"},{"floor":12,"key":"Happy Flower"},{"floor":13,"key":"Centennial Puzzle"},{"floor":14,"key":"Toxic Egg 2"},{"floor":18,"key":"Molten Egg 2"},{"floor":19,"key":"Pen Nib"},{"floor":20,"key":"Girya"},{"floor":21,"key":"Pear"},{"floor":23,"key":"Mango"},{"floor":24,"key":"Smiling Mask"},{"floor":25,"key":"Dream Catcher"},{"floor":26,"key":"Omamori"},{"floor":27,"key":"Sundial"},{"floor":28,"key":"Nilry\u0027s Codex"},{"floor":30,"key":"Bag of Preparation"},{"floor":31,"key":"FossilizedHelix"},{"floor":35,"key":"Ginger"},{"floor":36,"key":"Incense Burner"},{"floor":37,"key":"Pocketwatch"},{"floor":39,"key":"Art of War"},{"floor":41,"key":"Turnip"},{"floor":43,"key":"Gremlin Horn"},{"floor":46,"key":"Ornamental Fan"},{"floor":47,"key":"Bottled Tornado"},{"floor":48,"key":"PreservedInsect"}],"event_choices":[{"damage_healed":0,"gold_gain":0,"player_choice":"Entered Light","damage_taken":15,"max_hp_gain":0,"max_hp_loss":0,"event_name":"Shining Light","floor":7,"gold_loss":0,"cards_upgraded":["Rebound","Rebound"]},{"damage_healed":0,"gold_gain":0,"player_choice":"Success","damage_taken":18,"relics_obtained":["Regal Pillow"],"max_hp_gain":0,"max_hp_loss":0,"event_name":"Scrap Ooze","floor":10,"gold_loss":0},{"damage_healed":0,"gold_gain":0,"player_choice":"Obtained Book","damage_taken":16,"max_hp_gain":0,"max_hp_loss":0,"event_name":"Cursed Tome","floor":28,"gold_loss":0},{"damage_healed":0,"gold_gain":0,"player_choice":"Relic","damage_taken":0,"max_hp_gain":0,"max_hp_loss":0,"event_name":"Wheel of Change","floor":31,"gold_loss":0},{"cards_removed":["Strike_B"],"damage_healed":0,"gold_gain":0,"player_choice":"Purged","damage_taken":0,"max_hp_gain":0,"max_hp_loss":0,"event_name":"Purifier","floor":42,"gold_loss":0}],"is_beta":false,"boss_relics":[{"not_picked":["Velvet Choker","Empty Cage"],"picked":"Philosopher\u0027s Stone"},{"not_picked":["Black Star","Pandora\u0027s Box"],"picked":"Nuclear Battery"}],"items_purged_floors":[22,29,38,44],"is_endless":false,"potions_floor_spawned":[2,6,12,13,18,19,23,24,33,36,37,41],"ascension_level":0}