{"gold_per_floor":[110,128,128,128,148,148,148,148,174,208,208,252,42,62,62,153,153,172,172,5,18,41,41,85,85,108,139,154,154,175,189,189,189],"floor_reached":33,"playtime":1252,"items_purged":["Writhe"],"score":523,"play_id":"1d9510b1-4dc6-4a2d-98fb-13a88963b938","local_time":"20190522031729","is_ascension_mode":true,"campfire_choices":[{"data":"Uppercut","floor":6,"key":"SMITH"},{"floor":8,"key":"REST"},{"floor":11,"key":"REST"},{"floor":15,"key":"REST"},{"data":"Inflame","floor":23,"key":"SMITH"},{"data":"Flame Barrier","floor":25,"key":"SMITH"},{"floor":32,"key":"REST"}],"neow_cost":"CURSE","seed_source_timestamp":103666568644700,"circlet_count":0,"master_deck":["AscendersBane","Strike_R","Strike_R","Strike_R","Strike_R+1","Strike_R+1","Defend_R","Defend_R","Defend_R","Defend_R","Bash","Uppercut+1","Pummel","Thunderclap","Rampage+1","Inflame+1","Flame Barrier+1","Shrug It Off","Fiend Fire","Thunderclap","Battle Trance","Seeing Red+1","Decay","Disarm","Spot Weakness","Sentinel"],"relics":["Burning Blood","Champion Belt","Ornamental Fan","Golden Idol","Smiling Mask","Matryoshka","Dodecahedron","Cursed Key","Red Skull","Letter Opener","Bag of Preparation","Art of War","Red Mask"],"potions_floor_usage":[10,12,14,21,24,33,33],"damage_taken":[{"damage":16,"enemies":"Small Slimes","floor":1,"turns":6},{"damage":11,"enemies":"Jaw Worm","floor":2,"turns":4},{"damage":0,"enemies":"2 Louse","floor":5,"turns":2},{"damage":20,"enemies":"Lagavulin","floor":10,"turns":6},{"damage":50,"enemies":"3 Sentries","floor":12,"turns":12},{"damage":2,"enemies":"Gremlin Gang","floor":14,"turns":4},{"damage":24,"enemies":"The Guardian","floor":16,"turns":13},{"damage":33,"enemies":"Spheric Guardian","floor":18,"turns":6},{"damage":0,"enemies":"3 Byrds","floor":21,"turns":4},{"damage":7,"enemies":"3 Cultists","floor":22,"turns":4},{"damage":10,"enemies":"Slavers","floor":24,"turns":3},{"damage":17,"enemies":"Masked Bandits","floor":27,"turns":4},{"damage":2,"enemies":"Snecko","floor":28,"turns":4},{"damage":4,"enemies":"Snake Plant","floor":30,"turns":2},{"damage":8,"enemies":"Centurion and Healer","floor":31,"turns":3},{"damage":62,"enemies":"Champ","floor":33,"turns":8}],"seed_played":"-4153689852669047559","potions_obtained":[{"floor":2,"key":"Poison Potion"},{"floor":5,"key":"EssenceOfSteel"},{"floor":12,"key":"Swift Potion"},{"floor":18,"key":"SkillPotion"},{"floor":21,"key":"SkillPotion"},{"floor":27,"key":"Block Potion"},{"floor":31,"key":"Explosive Potion"}],"is_trial":false,"path_per_floor":["M","M","?","?","M","R","?","R","T","E","R","E","$","M","R","B",null,"M","?","$","M","M","R","E","R","T","?","M","?","M","M","R","B"],"character_chosen":"IRONCLAD","items_purchased":["Inflame","Flame Barrier","Red Skull"],"campfire_rested":4,"item_purchase_floors":[13,13,20],"current_hp_per_floor":[58,53,42,42,48,48,28,48,48,34,54,10,10,14,34,16,55,28,28,28,34,33,33,29,29,29,18,22,22,24,22,42,0],"gold":189,"neow_bonus":"ONE_RARE_RELIC","is_prod":false,"is_daily":false,"chose_seed":false,"campfire_upgraded":3,"win_rate":0,"timestamp":1558509449,"path_taken":["M","M","?","?","M","R","?","R","T","E","R","E","$","M","R","BOSS","M","?","$","M","?","R","E","R","T","?","M","?","M","M","R","BOSS"],"build_version":"2019-01-23","purchased_purges":1,"victory":false,"max_hp_per_floor":[75,75,75,68,68,68,68,68,68,68,68,68,68,68,68,68,68,68,68,68,68,68,68,68,68,68,68,68,68,68,68,68,68],"card_choices":[{"not_picked":["Evolve","Perfected Strike"],"picked":"Uppercut","floor":1},{"not_picked":["Headbutt","Warcry"],"picked":"Pummel","floor":2},{"not_picked":["Clothesline","Rage"],"picked":"Thunderclap","floor":5},{"not_picked":["Clash","Rage","Body Slam"],"picked":"SKIP","floor":10},{"not_picked":["Clothesline","Double Tap"],"picked":"Rampage","floor":12},{"not_picked":["Twin Strike","Havoc"],"picked":"Shrug It Off","floor":14},{"not_picked":["Exhume","Barricade"],"picked":"Fiend Fire","floor":16},{"not_picked":["Pommel Strike","Clash","Anger"],"picked":"SKIP","floor":18},{"not_picked":["Iron Wave","Armaments"],"picked":"Thunderclap","floor":21},{"not_picked":["Fire Breathing","Perfected Strike"],"picked":"Battle Trance","floor":22},{"not_picked":["Demon Form","Iron Wave"],"picked":"Seeing Red+1","floor":24},{"not_picked":["Sword Boomerang","Iron Wave+1"],"picked":"Disarm","floor":28},{"not_picked":["True Grit","Perfected Strike"],"picked":"Spot Weakness","floor":30},{"not_picked":["Headbutt","Clash"],"picked":"Sentinel","floor":31}],"player_experience":471108,"relics_obtained":[{"floor":9,"key":"Smiling Mask"},{"floor":10,"key":"Matryoshka"},{"floor":12,"key":"Dodecahedron"},{"floor":24,"key":"Letter Opener"},{"floor":26,"key":"Bag of Preparation"},{"floor":26,"key":"Art of War"},{"floor":27,"key":"Red Mask"}],"event_choices":[{"damage_healed":0,"gold_gain":0,"player_choice":"Success","damage_taken":11,"relics_obtained":["Ornamental Fan"],"max_hp_gain":0,"max_hp_loss":0,"event_name":"Scrap Ooze","floor":3,"gold_loss":0},{"damage_healed":0,"gold_gain":0,"player_choice":"Lose Max HP","damage_taken":0,"relics_obtained":["Golden Idol"],"max_hp_gain":0,"max_hp_loss":7,"event_name":"Golden Idol","floor":4,"gold_loss":0},{"damage_healed":0,"gold_gain":0,"player_choice":"Entered Light","damage_taken":20,"max_hp_gain":0,"max_hp_loss":0,"event_name":"Shining Light","floor":7,"gold_loss":0,"cards_upgraded":["Strike_R","Strike_R"]},{"damage_healed":0,"gold_gain":0,"player_choice":"Forge","damage_taken":0,"max_hp_gain":0,"max_hp_loss":0,"event_name":"Accursed Blacksmith","floor":19,"gold_loss":0,"cards_upgraded":["Rampage"]},{"damage_healed":0,"gold_gain":0,"player_choice":"Fought Bandits","damage_taken":0,"max_hp_gain":0,"max_hp_loss":0,"event_name":"Masked Bandits","floor":27,"gold_loss":0},{"damage_healed":0,"gold_gain":0,"player_choice":"Ignored","damage_taken":0,"max_hp_gain":0,"max_hp_loss":0,"event_name":"Ghosts","floor":29,"gold_loss":0}],"is_beta":false,"boss_relics":[{"not_picked":["Black Blood","Eternal Feather"],"picked":"Cursed Key"}],"items_purged_floors":[13],"is_endless":false,"potions_floor_spawned":[2,5,12,18,21,27,31],"killed_by":"Champ","ascension_level":18}