{"gold_per_floor":[118,129,109,119,129,129,154,79,79,79,106,106,116,134,134,208,208,226,226,2,17,30,30,359,373,373,373,373],"floor_reached":28,"playtime":1595,"items_purged":["Strike_B"],"score":500,"play_id":"cff3a0f7-a2cd-4b91-b2f2-adf90bb3f222","local_time":"20190125042901","is_ascension_mode":true,"campfire_choices":[{"data":"Go for the Eyes","floor":6.0,"key":"SMITH"},{"floor":10.0,"key":"REST"},{"data":"Zap","floor":12.0,"key":"SMITH"},{"data":"Coolheaded","floor":15.0,"key":"SMITH"},{"data":"Conserve Battery","floor":23.0,"key":"SMITH"}],"neow_cost":"PERCENT_DAMAGE","seed_source_timestamp":0,"circlet_count":0,"master_deck":["AscendersBane","Strike_B","Defend_B","Defend_B","Defend_B","Defend_B","Zap+1","Dualcast","BootSequence","Tempest","Gash","Conserve Battery+1","Go for the Eyes+1","Coolheaded+1","Auto Shields","Beam Cell+1","Compile Driver","Conserve Battery","Core Surge","Gash+1","Self Repair+1","Gash","Go for the Eyes"],"special_seed":0,"relics":["Cracked Core","Art of War","Bag of Preparation","Bottled Flame","Sozu","Runic Capacitor","Old Coin","Bird Faced Urn","Smiling Mask"],"potions_floor_usage":[],"damage_taken":[{"damage":0.0,"enemies":"Small Slimes","floor":1.0,"turns":4.0},{"damage":0.0,"enemies":"Cultist","floor":2.0,"turns":4.0},{"damage":0.0,"enemies":"Jaw Worm","floor":4.0,"turns":3.0},{"damage":2.0,"enemies":"Red Slaver","floor":5.0,"turns":4.0},{"damage":36.0,"enemies":"Gremlin Nob","floor":7.0,"turns":4.0},{"damage":10.0,"enemies":"Lagavulin","floor":11.0,"turns":8.0},{"damage":5.0,"enemies":"Gremlin Gang","floor":13.0,"turns":4.0},{"damage":0.0,"enemies":"Exordium Thugs","floor":14.0,"turns":3.0},{"damage":5.0,"enemies":"The Guardian","floor":16.0,"turns":13.0},{"damage":6.0,"enemies":"2 Thieves","floor":18.0,"turns":4.0},{"damage":0.0,"enemies":"Shell Parasite","floor":21.0,"turns":5.0},{"damage":5.0,"enemies":"Shelled Parasite and Fungi","floor":22.0,"turns":6.0},{"damage":28.0,"enemies":"Book of Stabbing","floor":24.0,"turns":7.0},{"damage":12.0,"enemies":"Snake Plant","floor":25.0,"turns":5.0},{"damage":45,"enemies":"Gremlin Leader","floor":28,"turns":5}],"seed_played":"4098575994502063504","potions_obtained":[{"floor":3.0,"key":"Fire Potion"},{"floor":4.0,"key":"Explosive Potion"},{"floor":11.0,"key":"SneckoOil"},{"floor":13.0,"key":"EssenceOfSteel"},{"floor":16.0,"key":"AttackPotion"}],"is_trial":false,"path_per_floor":["M","M","?","M","M","R","E","$","T","R","E","R","M","M","R","B",null,"M","?","$","M","M","R","E","M","T","T","E"],"character_chosen":"DEFECT","items_purchased":["Runic Capacitor"],"campfire_rested":1,"item_purchase_floors":[20],"current_hp_per_floor":[46,46,46,46,44,44,8,8,8,29,19,19,14,14,14,9,56,50,50,50,50,55,55,37,35,35,35,0],"gold":373,"neow_bonus":"TRANSFORM_TWO_CARDS","is_prod":false,"is_daily":false,"chose_seed":false,"campfire_upgraded":4,"win_rate":0,"timestamp":1548386941,"path_taken":["M","M","?","M","M","R","E","$","T","R","E","R","M","?","R","BOSS","M","?","$","?","?","R","E","M","T","?","E"],"build_version":"2019-01-23","purchased_purges":1,"victory":false,"max_hp_per_floor":[71,71,71,71,71,71,71,71,71,71,71,71,71,71,71,71,71,71,71,71,71,71,71,71,71,71,71,71],"card_choices":[{"not_picked":["Streamline","Storm"],"picked":"Gash","floor":1.0},{"not_picked":["Leap","Sweeping Beam"],"picked":"Conserve Battery","floor":2.0},{"not_picked":["Darkness","Coolheaded"],"picked":"Go for the Eyes","floor":4.0},{"not_picked":["Darkness","Heatsinks"],"picked":"Coolheaded","floor":5.0},{"not_picked":["Recycle","Leap"],"picked":"Auto Shields","floor":7.0},{"not_picked":["Reprogram","Streamline"],"picked":"Beam Cell","floor":11.0},{"not_picked":["Stack","FTL"],"picked":"Compile Driver","floor":13.0},{"not_picked":["Ball Lightning","Redo"],"picked":"Conserve Battery","floor":14.0},{"not_picked":["Machine Learning","Hyperbeam"],"picked":"Core Surge","floor":16.0},{"not_picked":["Reprogram","Redo"],"picked":"Gash+1","floor":18.0},{"not_picked":["Barrage","Leap"],"picked":"Self Repair+1","floor":21.0},{"not_picked":["Sweeping Beam","Leap","Aggregate+1"],"picked":"SKIP","floor":22.0},{"not_picked":["Loop","Rebound"],"picked":"Gash","floor":24.0},{"not_picked":["Chaos","Beam Cell"],"picked":"Go for the Eyes","floor":25.0}],"player_experience":1163214,"relics_obtained":[{"floor":7.0,"key":"Art of War"},{"floor":9.0,"key":"Bag of Preparation"},{"floor":11.0,"key":"Bottled Flame"},{"floor":24.0,"key":"Old Coin"},{"floor":26.0,"key":"Bird Faced Urn"},{"floor":27.0,"key":"Smiling Mask"}],"event_choices":[{"damage_healed":0.0,"max_hp_gain":0.0,"max_hp_loss":0.0,"gold_gain":0.0,"event_name":"The Woman in Blue","player_choice":"Bought 1 Potion","floor":3.0,"gold_loss":0.0,"damage_taken":0.0},{"damage_healed":0.0,"max_hp_gain":0.0,"max_hp_loss":0.0,"gold_gain":0.0,"event_name":"Upgrade Shrine","player_choice":"Upgraded","floor":19.0,"gold_loss":0.0,"damage_taken":0.0,"cards_upgraded":["Beam Cell"]}],"is_beta":true,"boss_relics":[{"not_picked":["Nuclear Battery","Lizard Tail"],"picked":"Sozu"}],"items_purged_floors":[8],"is_endless":false,"potions_floor_spawned":[4,11,13,16,21,24,25],"killed_by":"Gremlin Leader","ascension_level":20}