{"gold_per_floor":[144,189,189,239,284,374,419,419,419,464,554,599,599,644,644,944,944,989,989,904,904,949,949,1039,1084,1109,1154,1199,1244,1244,1169,1169,1469,1469,1514,1514,1559,1559,1492,1582,1627,1627,1652,1742,1787,1790,1790,1835,1835,1835],"floor_reached":51,"playtime":4465,"items_purged":[],"score":791,"play_id":"e5a2bdc6-5add-4a10-9079-c307a6d2eb5f","local_time":"20180722022617","daily_mods":["Allstar","Midas","Lethality"],"is_ascension_mode":false,"campfire_choices":[{"floor":8,"key":"REST"},{"floor":13,"key":"REST"},{"floor":15,"key":"REST"},{"floor":23,"key":"REST"},{"floor":30,"key":"REST"},{"floor":32,"key":"REST"},{"floor":42,"key":"REST"},{"floor":47,"key":"REST"},{"floor":49,"key":"REST"}],"neow_cost":"","seed_source_timestamp":0,"circlet_count":0,"master_deck":["Defend_G","Defend_G","Defend_G","Defend_G","Defend_G","Strike_G","Strike_G","Strike_G","Survivor","Neutralize","Secret Technique","Secret Weapon","Apotheosis","Finesse","Secret Weapon","Catalyst","Bouncing Flask","Prepared","Dodge and Roll","Poisoned Stab","Terror","Dagger Spray","All Out Attack","Slice","Catalyst","Unload","Accuracy","Blur","Bouncing Flask","Sucker Punch+1","Envenom","Blade Dance","Poisoned Stab","Dash","Malaise","Backflip","Backflip","Die Die Die","Sucker Punch+1","Dagger Throw+1","Panache","Noxious Fumes","Well Laid Plans+1","Leg Sweep","Deadly Poison+1","Bane","Skewer","Noxious Fumes","PiercingWail","After Image","Backflip"],"special_seed":17734,"relics":["Ring of the Snake","Pen Nib","Blood Vial","Bronze Scales","Omamori","Calling Bell","Dream Catcher","Ninja Scroll","Tough Bandages","Letter Opener","Regal Pillow","Bag of Preparation","Bag of Marbles","Black Star","Boot","Pear","Mummified Hand","Oddly Smooth Stone","Orichalcum","Happy Flower","Shovel"],"potions_floor_usage":[16,16,33,40,44,50],"damage_taken":[{"damage":0,"enemies":"Jaw Worm","floor":1,"turns":2},{"damage":8,"enemies":"2 Louse","floor":2,"turns":2},{"damage":1,"enemies":"Cultist","floor":5,"turns":3},{"damage":7,"enemies":"Lagavulin","floor":6,"turns":6},{"damage":8,"enemies":"2 Fungi Beasts","floor":7,"turns":4},{"damage":20,"enemies":"Lots of Slimes","floor":10,"turns":4},{"damage":27,"enemies":"3 Sentries","floor":11,"turns":5},{"damage":0,"enemies":"Exordium Wildlife","floor":12,"turns":2},{"damage":2,"enemies":"Looter","floor":14,"turns":2},{"damage":45,"enemies":"The Guardian","floor":16,"turns":6},{"damage":9,"enemies":"Shell Parasite","floor":18,"turns":2},{"damage":0,"enemies":"3 Byrds","floor":22,"turns":3},{"damage":0,"enemies":"Gremlin Leader","floor":24,"turns":3},{"damage":0,"enemies":"3 Cultists","floor":25,"turns":2},{"damage":0,"enemies":"Centurion and Healer","floor":27,"turns":3},{"damage":3,"enemies":"Snecko","floor":28,"turns":3},{"damage":8,"enemies":"Slaver and Parasite","floor":29,"turns":4},{"damage":23,"enemies":"Automaton","floor":33,"turns":6},{"damage":13,"enemies":"3 Darklings","floor":35,"turns":5},{"damage":9,"enemies":"3 Shapes","floor":37,"turns":1},{"damage":12,"enemies":"2 Orb Walkers","floor":40,"turns":2},{"damage":26,"enemies":"Spire Growth","floor":41,"turns":4},{"damage":12,"enemies":"Nemesis","floor":44,"turns":3},{"damage":16,"enemies":"Maw","floor":45,"turns":5},{"damage":0,"floor":46,"turns":1},{"damage":18,"enemies":"4 Shapes","floor":48,"turns":3},{"damage":50,"enemies":"Donu and Deca","floor":50,"turns":6}],"seed_played":"-8213505433300872967","potions_obtained":[{"floor":2,"key":"Weak Potion"},{"floor":5,"key":"SkillPotion"},{"floor":10,"key":"GhostInAJar"},{"floor":16,"key":"Dexterity Potion"},{"floor":22,"key":"Fire Potion"},{"floor":41,"key":"SneckoOil"},{"floor":45,"key":"SneckoOil"},{"floor":46,"key":"GhostInAJar"}],"is_trial":false,"path_per_floor":["M","M","?","T","M","E","M","R","T","M","E","M","R","M","R","B",null,"M","?","?","?","M","R","E","M","T","M","M","M","R","?","R","B",null,"M","T","M","?","$","E","M","R","T","E","M","?","R","M","R","B"],"character_chosen":"THE_SILENT","items_purchased":["Noxious Fumes"],"campfire_rested":9,"item_purchase_floors":[39],"current_hp_per_floor":[70,62,62,62,61,54,48,69,69,50,25,27,48,48,69,25,70,61,61,61,61,63,70,70,70,70,70,67,61,70,70,70,47,70,57,57,50,50,50,50,26,65,65,55,41,43,80,62,80,30],"gold":1835,"neow_bonus":"","is_prod":false,"is_daily":true,"chose_seed":false,"campfire_upgraded":0,"win_rate":0,"timestamp":1532240777,"path_taken":["M","M","?","?","M","E","M","R","T","M","E","M","R","?","R","BOSS","M","?","?","?","M","R","E","M","T","M","M","?","R","?","R","BOSS","M","?","M","?","$","E","M","R","T","E","M","?","R","M","R","BOSS"],"build_version":"2018-07-19v2","purchased_purges":0,"victory":true,"max_hp_per_floor":[70,70,70,70,70,70,70,70,70,70,70,70,70,70,70,70,70,70,70,70,70,70,70,70,70,70,70,70,70,70,70,70,70,70,70,70,70,70,70,80,80,80,80,80,80,80,80,80,80,80],"card_choices":[{"not_picked":["Dagger Throw","Dodge and Roll"],"picked":"Catalyst","floor":1},{"not_picked":["Outmaneuver","Underhanded Strike"],"picked":"Bouncing Flask","floor":2},{"not_picked":["Reflex","Eviscerate"],"picked":"Dodge and Roll","floor":5},{"not_picked":["Prepared","Grand Finale"],"picked":"Poisoned Stab","floor":6},{"not_picked":["Blur","Footwork"],"picked":"Terror","floor":7},{"not_picked":["PiercingWail","Sucker Punch"],"picked":"Dagger Spray","floor":10},{"not_picked":["Flying Knee","Quick Slash"],"picked":"All Out Attack","floor":11},{"not_picked":["Dagger Throw","Sucker Punch"],"picked":"Slice","floor":12},{"not_picked":["PiercingWail","Prepared"],"picked":"Catalyst","floor":14},{"not_picked":["Venomology","Doppelganger"],"picked":"Unload","floor":16},{"not_picked":["Masterful Stab+1","Prepared"],"picked":"Accuracy","floor":18},{"not_picked":["Dagger Throw","Caltrops"],"picked":"Bouncing Flask","floor":22},{"not_picked":["Flying Knee","Underhanded Strike"],"picked":"Sucker Punch+1","floor":23},{"not_picked":["Terror","Reflex"],"picked":"Envenom","floor":24},{"not_picked":["Sucker Punch+1","Deadly Poison"],"picked":"Blade Dance","floor":25},{"not_picked":["Sucker Punch","Acrobatics"],"picked":"Poisoned Stab","floor":27},{"not_picked":["Choke","Dagger Spray"],"picked":"Dash","floor":28},{"not_picked":["Dagger Throw","Choke"],"picked":"Malaise","floor":29},{"not_picked":["Outmaneuver","Sucker Punch"],"picked":"Backflip","floor":30},{"not_picked":["Dodge and Roll","Reflex"],"picked":"Backflip","floor":32},{"not_picked":["Grand Finale","Adrenaline"],"picked":"Die Die Die","floor":33},{"not_picked":["Dodge and Roll","Acrobatics+1"],"picked":"Sucker Punch+1","floor":35},{"not_picked":["Prepared","Dodge and Roll+1"],"picked":"Dagger Throw+1","floor":37},{"not_picked":["Thinking Ahead","Jack Of All Trades"],"picked":"Panache","floor":38},{"not_picked":["Dagger Throw","Poisoned Stab"],"picked":"Well Laid Plans+1","floor":40},{"not_picked":["Caltrops","Eviscerate"],"picked":"Leg Sweep","floor":41},{"not_picked":["Acrobatics","Underhanded Strike+1"],"picked":"Deadly Poison+1","floor":42},{"not_picked":["Underhanded Strike","Tactician"],"picked":"Bane","floor":44},{"not_picked":["Noxious Fumes","Prepared+1"],"picked":"Skewer","floor":45},{"not_picked":["Underhanded Strike","Dodge and Roll"],"picked":"Noxious Fumes","floor":46},{"not_picked":["Expertise","Predator+1"],"picked":"PiercingWail","floor":47},{"not_picked":["Deadly Poison","Escape Plan+1"],"picked":"After Image","floor":48},{"not_picked":["Dodge and Roll+1","Outmaneuver"],"picked":"Backflip","floor":49}],"player_experience":53544,"relics_obtained":[{"floor":4,"key":"Pen Nib"},{"floor":6,"key":"Blood Vial"},{"floor":9,"key":"Bronze Scales"},{"floor":11,"key":"Omamori"},{"floor":17,"key":"Dream Catcher"},{"floor":17,"key":"Ninja Scroll"},{"floor":17,"key":"Tough Bandages"},{"floor":24,"key":"Bag of Preparation"},{"floor":26,"key":"Bag of Marbles"},{"floor":36,"key":"Boot"},{"floor":40,"key":"Pear"},{"floor":40,"key":"Mummified Hand"},{"floor":43,"key":"Oddly Smooth Stone"},{"floor":44,"key":"Orichalcum"},{"floor":44,"key":"Happy Flower"},{"floor":46,"key":"Shovel"}],"event_choices":[{"event_name":"Living Wall","player_choice":"Change","floor":3,"damage_taken":0},{"event_name":"Transmorgrifier","player_choice":"Transform","floor":19,"damage_taken":0},{"event_name":"Addict","player_choice":"Obtained Relic","floor":20,"damage_taken":0},{"event_name":"Wheel of Change","player_choice":"Relic","floor":21,"damage_taken":0},{"event_name":"Beggar","player_choice":"Gave Gold","floor":31,"damage_taken":0},{"event_name":"SensoryStone","player_choice":"Memory 1","floor":38,"damage_taken":0},{"event_name":"Mysterious Sphere","player_choice":"Fight","floor":46,"damage_taken":0}],"is_beta":false,"boss_relics":[{"not_picked":["Philosopher\u0027s Stone","Empty Cage"],"picked":"Calling Bell"},{"not_picked":["Orrery","Eternal Feather"],"picked":"Black Star"}],"items_purged_floors":[],"is_endless":false,"potions_floor_spawned":[2,5,10,12,14,16,22,24,27,29,41,45,46,48],"ascension_level":0}