{"gold_per_floor":[359,359,371,296,306,306,6,37,92,110,16,16,44,64,64,163,163,180,196,121,0,0,0,0],"floor_reached":24,"playtime":971,"items_purged":["Strike_G"],"score":306,"play_id":"e6a7cde1-f2f3-4c95-a720-9159914f512d","local_time":"20190404223830","is_ascension_mode":true,"campfire_choices":[{"data":"Neutralize","floor":6,"key":"SMITH"},{"data":"Dash","floor":12,"key":"SMITH"},{"floor":15,"key":"REST"},{"data":"Unload","floor":23,"key":"SMITH"}],"neow_cost":"CURSE","seed_source_timestamp":1299017864423000,"circlet_count":0,"master_deck":["AscendersBane","Defend_G","Defend_G","Defend_G","Defend_G","Strike_G","Strike_G","Survivor","Neutralize+1","Dodge and Roll","Deflect","Well Laid Plans","Terror","Dagger Spray","Quick Slash","Sucker Punch","Backflip","Dash+1","Cloak And Dagger","Unload+1","Caltrops","Unload","Deadly Poison+1","Reflex+1","Expertise+1","Dagger Throw","Dagger Throw"],"relics":["Ring of the Snake","Sling","Oddly Smooth Stone","Regal Pillow","Bag of Marbles","Astrolabe"],"potions_floor_usage":[8,8,13,24,24,24],"damage_taken":[{"damage":4,"enemies":"Small Slimes","floor":1,"turns":5},{"damage":6,"enemies":"Cultist","floor":3,"turns":5},{"damage":0,"enemies":"2 Louse","floor":5,"turns":4},{"damage":22,"enemies":"Gremlin Nob","floor":8,"turns":4},{"damage":0,"enemies":"Looter","floor":10,"turns":4},{"damage":11,"enemies":"Lagavulin","floor":13,"turns":6},{"damage":0,"enemies":"2 Fungi Beasts","floor":14,"turns":2},{"damage":16,"enemies":"Hexaghost","floor":16,"turns":10},{"damage":11,"enemies":"Spheric Guardian","floor":18,"turns":4},{"damage":14,"enemies":"Shell Parasite","floor":19,"turns":7},{"damage":48,"enemies":"Gremlin Leader","floor":24,"turns":6}],"seed_played":"3057179922608396755","potions_obtained":[{"floor":1,"key":"Weak Potion"},{"floor":3,"key":"PowerPotion"},{"floor":5,"key":"Dexterity Potion"},{"floor":13,"key":"GhostInAJar"},{"floor":16,"key":"SneckoOil"},{"floor":19,"key":"Weak Potion"}],"is_trial":false,"path_per_floor":["M","?","M","$","M","R","$","E","T","M","$","R","E","M","R","B",null,"M","M","$","?","?","R","E"],"character_chosen":"THE_SILENT","items_purchased":["Well Laid Plans","Sling","Dagger Spray","Quick Slash","Dash","Cloak And Dagger"],"campfire_rested":1,"item_purchase_floors":[4,7,7,7,11,11],"current_hp_per_floor":[59,59,53,53,53,53,53,31,31,31,31,31,20,20,56,40,63,52,38,38,38,38,38,0],"gold":0,"neow_bonus":"TWO_FIFTY_GOLD","is_prod":false,"is_daily":false,"chose_seed":false,"campfire_upgraded":3,"win_rate":0,"timestamp":1554431910,"path_taken":["M","?","M","$","M","R","$","E","T","M","$","R","E","M","R","BOSS","M","M","$","?","?","R","E"],"build_version":"2019-01-23","purchased_purges":1,"victory":false,"max_hp_per_floor":[70,70,70,70,70,70,70,70,70,70,70,70,70,70,70,70,70,70,70,70,70,70,70,70],"card_choices":[{"not_picked":["Concentrate","Reflex"],"picked":"Dodge and Roll","floor":1},{"not_picked":["Predator","Outmaneuver"],"picked":"Deflect","floor":3},{"not_picked":["Expertise","Bane"],"picked":"Terror","floor":5},{"not_picked":["Expertise","Acrobatics"],"picked":"Sucker Punch","floor":8},{"not_picked":["Dodge and Roll","Masterful Stab"],"picked":"Backflip","floor":10},{"not_picked":["Underhanded Strike","Accuracy"],"picked":"Unload","floor":13},{"not_picked":["Dagger Spray","Endless Agony"],"picked":"Caltrops","floor":14},{"not_picked":["Night Terror","Venomology"],"picked":"Unload","floor":16},{"not_picked":["Acrobatics+1","Underhanded Strike"],"picked":"Dagger Throw","floor":18},{"not_picked":["Blade Dance","Terror+1"],"picked":"Dagger Throw","floor":19}],"player_experience":365954,"relics_obtained":[{"floor":8,"key":"Oddly Smooth Stone"},{"floor":9,"key":"Regal Pillow"},{"floor":13,"key":"Bag of Marbles"}],"event_choices":[{"cards_removed":["Regret"],"damage_healed":0,"gold_gain":0,"player_choice":"Card Removal","damage_taken":0,"max_hp_gain":0,"max_hp_loss":0,"event_name":"Wheel of Change","floor":2,"gold_loss":0},{"damage_healed":0,"gold_gain":0,"player_choice":"Paid Fearfully","damage_taken":0,"max_hp_gain":0,"max_hp_loss":0,"event_name":"Masked Bandits","floor":21,"gold_loss":121},{"damage_healed":0,"gold_gain":0,"player_choice":"Ignored","damage_taken":0,"max_hp_gain":0,"max_hp_loss":0,"event_name":"Ghosts","floor":22,"gold_loss":0}],"is_beta":false,"boss_relics":[{"not_picked":["Eternal Feather","Pandora\u0027s Box"],"picked":"Astrolabe"}],"items_purged_floors":[20],"is_endless":false,"potions_floor_spawned":[1,3,5,13,16,19],"killed_by":"Gremlin Leader","ascension_level":10}