{"gold_per_floor":[117,137,137,212,30,56,56,82,82,82,95,35,35,35],"floor_reached":14,"playtime":321,"items_purged":[],"score":230,"play_id":"8508903e-3335-4d76-9d25-ff88f9bd7170","local_time":"20190521174933","is_ascension_mode":true,"campfire_choices":[{"data":"Apotheosis","floor":7,"key":"SMITH"},{"data":"Flame Barrier","floor":10,"key":"SMITH"}],"neow_cost":"NONE","seed_source_timestamp":70517839447400,"circlet_count":0,"master_deck":["AscendersBane","Strike_R","Strike_R","Strike_R","Strike_R","Strike_R","Defend_R","Defend_R","Defend_R","Defend_R","Bash+1","Clothesline","Twin Strike","Apotheosis+1","Flame Barrier+1","Pummel","Evolve"],"relics":["Burning Blood","NeowsBlessing","Blue Candle","Omamori","The Courier","Question Card"],"potions_floor_usage":[8,14],"damage_taken":[{"damage":0,"enemies":"2 Louse","floor":1,"turns":1},{"damage":0,"enemies":"Jaw Worm","floor":2,"turns":1},{"damage":0,"enemies":"Gremlin Nob","floor":6,"turns":1},{"damage":28,"enemies":"3 Sentries","floor":8,"turns":12},{"damage":1,"enemies":"Cultist","floor":11,"turns":3},{"damage":56,"enemies":"Gremlin Nob","floor":14,"turns":4}],"seed_played":"-4773552365576064462","potions_obtained":[{"floor":1,"key":"Poison Potion"},{"floor":8,"key":"AttackPotion"}],"is_trial":false,"path_per_floor":["M","M","?","?","$","E","R","E","T","R","M","$","?","E"],"character_chosen":"IRONCLAD","items_purchased":["Apotheosis","Evolve"],"campfire_rested":0,"item_purchase_floors":[5,12],"current_hp_per_floor":[74,75,75,64,64,70,70,48,48,48,53,53,48,0],"gold":35,"neow_bonus":"THREE_ENEMY_KILL","is_prod":false,"is_daily":false,"chose_seed":false,"campfire_upgraded":2,"win_rate":0,"timestamp":1558475373,"path_taken":["M","M","?","?","$","E","R","E","T","R","M","$","?","E"],"build_version":"2019-01-23","purchased_purges":0,"victory":false,"max_hp_per_floor":[75,75,75,75,75,75,75,75,75,75,75,75,75,75],"card_choices":[{"not_picked":["Flex","Headbutt"],"picked":"Clothesline","floor":1},{"not_picked":["Thunderclap","Flex"],"picked":"Twin Strike","floor":2},{"not_picked":["Havoc","Pommel Strike"],"picked":"Flame Barrier","floor":6},{"not_picked":["Corruption","Thunderclap"],"picked":"Pummel","floor":8},{"not_picked":["Body Slam","Flex","Clash"],"picked":"SKIP","floor":11}],"player_experience":462407,"relics_obtained":[{"floor":6,"key":"Blue Candle"},{"floor":8,"key":"Omamori"},{"floor":9,"key":"The Courier"}],"event_choices":[{"damage_healed":0,"gold_gain":0,"player_choice":"Grow","damage_taken":0,"max_hp_gain":0,"max_hp_loss":0,"event_name":"Living Wall","floor":3,"gold_loss":0,"cards_upgraded":["Bash"]},{"damage_healed":0,"gold_gain":75,"player_choice":"Gather Gold","damage_taken":11,"max_hp_gain":0,"max_hp_loss":0,"event_name":"World of Goop","floor":4,"gold_loss":0},{"damage_healed":0,"gold_gain":0,"player_choice":"Success","damage_taken":5,"relics_obtained":["Question Card"],"max_hp_gain":0,"max_hp_loss":0,"event_name":"Scrap Ooze","floor":13,"gold_loss":0}],"is_beta":false,"boss_relics":[],"items_purged_floors":[],"is_endless":false,"potions_floor_spawned":[1,8],"killed_by":"Gremlin Nob","ascension_level":18}