{"gold_per_floor":[212,212,50,65,76,111,111,6,6,14,26,26,26,26,26,26],"floor_reached":16,"playtime":696,"items_purged":["Strike_G"],"score":135,"play_id":"d201b412-86da-413d-a002-dcb6c5babf00","local_time":"20190218140357","is_ascension_mode":true,"campfire_choices":[{"data":"Choke","floor":7,"key":"SMITH"},{"data":"Outmaneuver","floor":13,"key":"SMITH"},{"data":"Concentrate","floor":15,"key":"SMITH"}],"neow_cost":"NONE","seed_source_timestamp":309982174024062,"circlet_count":0,"master_deck":["Defend_G","Defend_G","Defend_G","Defend_G","Defend_G","Strike_G","Strike_G","Strike_G","Survivor","Neutralize","Choke+1","Good Instincts","Terror","PiercingWail","Concentrate+1","Outmaneuver+1","Calculated Gamble","Prepared"],"relics":["Ring of the Snake","Dodecahedron"],"potions_floor_usage":[6],"damage_taken":[{"damage":0,"enemies":"Small Slimes","floor":1,"turns":3},{"damage":0,"enemies":"Cultist","floor":4,"turns":4},{"damage":0,"enemies":"2 Louse","floor":5,"turns":2},{"damage":28,"enemies":"3 Sentries","floor":6,"turns":11},{"damage":11,"enemies":"Exordium Thugs","floor":10,"turns":6},{"damage":4,"enemies":"Blue Slaver","floor":11,"turns":3},{"damage":32,"enemies":"Hexaghost","floor":16,"turns":13}],"seed_played":"8006015202258393929","potions_obtained":[{"floor":1,"key":"Fire Potion"},{"floor":10,"key":"Swift Potion"},{"floor":11,"key":"SpeedPotion"}],"is_trial":false,"path_per_floor":["M","?","$","M","M","E","R","$","T","M","M","?","R","$","R","B"],"character_chosen":"THE_SILENT","items_purchased":["Good Instincts","Outmaneuver","Calculated Gamble"],"campfire_rested":0,"item_purchase_floors":[3,8,8],"current_hp_per_floor":[63,63,63,63,63,35,35,35,35,24,20,43,43,43,43,11],"gold":26,"neow_bonus":"HUNDRED_GOLD","is_prod":false,"is_daily":false,"chose_seed":false,"campfire_upgraded":3,"win_rate":0,"timestamp":1550516637,"path_taken":["M","?","$","M","M","E","R","$","T","M","?","?","R","?","R","BOSS"],"build_version":"2019-01-23","purchased_purges":1,"victory":false,"max_hp_per_floor":[70,70,70,70,70,70,70,70,70,70,70,70,70,70,70,70],"card_choices":[{"not_picked":["Dodge and Roll","Deflect"],"picked":"Choke","floor":1},{"not_picked":["PiercingWail","Sucker Punch"],"picked":"Terror","floor":4},{"not_picked":["Deadly Poison","Accuracy"],"picked":"PiercingWail","floor":5},{"not_picked":["Dodge and Roll","Dagger Spray"],"picked":"Concentrate","floor":6},{"not_picked":["Eviscerate","Slice"],"picked":"Prepared","floor":10},{"not_picked":["Acrobatics","Dagger Throw","Underhanded Strike"],"picked":"SKIP","floor":11}],"player_experience":322808,"relics_obtained":[{"floor":6,"key":"Dodecahedron"}],"event_choices":[{"cards_removed":["Strike_G"],"damage_healed":0,"gold_gain":0,"player_choice":"Offered Basic","damage_taken":0,"max_hp_gain":0,"max_hp_loss":0,"event_name":"Bonfire Elementals","floor":2,"gold_loss":0},{"damage_healed":23,"gold_gain":0,"player_choice":"Banana","damage_taken":0,"max_hp_gain":0,"max_hp_loss":0,"event_name":"Big Fish","floor":12,"gold_loss":0}],"is_beta":false,"boss_relics":[],"items_purged_floors":[3],"is_endless":false,"potions_floor_spawned":[1,10,11],"killed_by":"Hexaghost","ascension_level":7}