{"gold_per_floor":[114,129,144,159,159,159,189,189,214,229,244,259,274,49,49,149,149,164,179,39,54,69,69,84,99,149,164,179,194,209,224,224,324,324,339,354,369,384,33,48,48,78,78,78,83,98,8,23,23,23],"floor_reached":51,"playtime":3631,"items_purged":["Strike_B","Strike_B"],"score":797,"play_id":"a6aae7f9-5bf5-471e-a068-00702da916f8","local_time":"20190322124900","daily_mods":["Heirloom","Vintage","Terminal"],"is_ascension_mode":false,"campfire_choices":[{"data":"Zap","floor":6.0,"key":"SMITH"},{"data":"Dualcast","floor":8.0,"key":"SMITH"},{"data":"Undo","floor":15.0,"key":"SMITH"},{"data":"Biased Cognition","floor":23.0,"key":"SMITH"},{"data":"Leap","floor":32.0,"key":"SMITH"},{"data":"Defend_B","floor":41,"key":"SMITH"},{"floor":44,"key":"REST"},{"floor":49,"key":"REST"}],"neow_cost":"","seed_source_timestamp":0,"circlet_count":0,"master_deck":["Strike_B","Strike_B","Defend_B+1","Defend_B","Defend_B","Defend_B+1","Zap+1","Dualcast+1","Cold Snap","Leap+1","Streamline+1","Undo+1","Biased Cognition+1","Melter+1","Clumsy","Defragment+1","Static Discharge+1","Chaos+1","Cold Snap+1","Fusion+1","White Noise"],"special_seed":17976,"relics":["Cracked Core","Calipers","Pantograph","PreservedInsect","Bottled Lightning","Bronze Scales","Mummified Hand","Bag of Marbles","Dream Catcher","Pen Nib","Molten Egg 2","Darkstone Periapt","Cursed Key","Letter Opener","Happy Flower","The Courier","Frozen Egg 2","Pear","Symbiotic Virus","Omamori","Oddly Smooth Stone","Kunai","Dodecahedron","Matryoshka","Vajra","Snecko Eye","Lantern","Thread and Needle","Ice Cream","Anchor","Mango","DataDisk","Bird Faced Urn","War Paint","Blue Candle","Torii","Boot","Nunchaku"],"potions_floor_usage":[45,45,46,50,50],"damage_taken":[{"damage":1.0,"enemies":"Jaw Worm","floor":1.0,"turns":3.0},{"damage":0.0,"enemies":"Small Slimes","floor":2.0,"turns":3.0},{"damage":0.0,"enemies":"2 Louse","floor":3.0,"turns":2.0},{"damage":0.0,"enemies":"Large Slime","floor":4.0,"turns":6.0},{"damage":0.0,"enemies":"3 Sentries","floor":7.0,"turns":6.0},{"damage":2.0,"enemies":"Blue Slaver","floor":10.0,"turns":2.0},{"damage":3.0,"enemies":"Looter","floor":11.0,"turns":2.0},{"damage":0.0,"enemies":"2 Fungi Beasts","floor":12.0,"turns":3.0},{"damage":0.0,"enemies":"Red Slaver","floor":13.0,"turns":2.0},{"damage":6.0,"enemies":"Hexaghost","floor":16.0,"turns":10.0},{"damage":0.0,"enemies":"Shell Parasite","floor":18.0,"turns":4.0},{"damage":0.0,"enemies":"3 Byrds","floor":19.0,"turns":2.0},{"damage":0.0,"enemies":"Centurion and Healer","floor":21.0,"turns":7.0},{"damage":0.0,"enemies":"Shelled Parasite and Fungi","floor":22.0,"turns":4.0},{"damage":0.0,"enemies":"Sentry and Sphere","floor":24.0,"turns":2.0},{"damage":0.0,"enemies":"Centurion and Healer","floor":25.0,"turns":4.0},{"damage":0.0,"enemies":"Cultist and Chosen","floor":27.0,"turns":4.0},{"damage":0.0,"enemies":"3 Cultists","floor":28.0,"turns":4.0},{"damage":0.0,"enemies":"Snecko","floor":29.0,"turns":4.0},{"damage":0.0,"enemies":"Shelled Parasite and Fungi","floor":30.0,"turns":3.0},{"damage":0.0,"enemies":"Sentry and Sphere","floor":31.0,"turns":3.0},{"damage":7,"enemies":"Collector","floor":33,"turns":11},{"damage":0,"enemies":"Orb Walker","floor":35,"turns":2},{"damage":0,"enemies":"3 Darklings","floor":36,"turns":4},{"damage":0,"enemies":"Writhing Mass","floor":37,"turns":4},{"damage":0,"enemies":"Jaw Worm Horde","floor":38,"turns":3},{"damage":0,"enemies":"Sphere and 2 Shapes","floor":40,"turns":3},{"damage":0,"enemies":"Nemesis","floor":42,"turns":3},{"damage":1,"enemies":"2 Orb Walkers","floor":45,"turns":4},{"damage":0,"enemies":"Maw","floor":46,"turns":6},{"damage":0,"enemies":"4 Shapes","floor":48,"turns":3},{"damage":0,"enemies":"Awakened One","floor":50,"turns":12}],"seed_played":"4738383514283447290","potions_obtained":[{"floor":1.0,"key":"Strength Potion"},{"floor":4.0,"key":"PowerPotion"},{"floor":10.0,"key":"Explosive Potion"},{"floor":13.0,"key":"SteroidPotion"},{"floor":16.0,"key":"Ancient Potion"},{"floor":21.0,"key":"GamblersBrew"},{"floor":27.0,"key":"LiquidBronze"},{"floor":37,"key":"Swift Potion"},{"floor":45,"key":"Regen Potion"}],"is_trial":false,"path_per_floor":["M","M","M","M","?","R","E","R","T","M","M","M","M","$","R","B",null,"M","M","$","M","M","R","M","M","T","M","M","M","M","M","R","B",null,"M","M","M","M","$","M","R","E","T","R","?","M","$","M","R","B",null],"character_chosen":"DEFECT","items_purchased":["Leap","Streamline+1","Undo","Melter+1","Defragment+1","Mango","Static Discharge+1","FocusPotion","White Noise"],"campfire_rested":2,"item_purchase_floors":[14,14,14,20,39,39,39,47,47],"current_hp_per_floor":[73,72,71,70,69,68,67,66,65,63,60,60,60,60,59,53,57,56,55,54,53,52,51,60,59,64,63,62,61,60,59,58,51,56,55,54,53,52,65,64,63,62,61,60,59,58,57,56,55,54],"gold":23,"neow_bonus":"","is_prod":false,"is_daily":true,"chose_seed":false,"campfire_upgraded":6,"win_rate":0,"timestamp":1553248140,"path_taken":["M","M","M","M","?","R","E","R","T","M","M","M","M","$","R","BOSS","M","M","$","M","M","R","M","M","T","M","M","M","M","M","R","BOSS","M","M","M","M","$","M","R","E","T","R","?","M","$","M","R","BOSS"],"build_version":"2019-01-23","purchased_purges":2,"victory":true,"max_hp_per_floor":[73,72,71,70,69,68,67,66,65,64,63,62,61,60,59,58,57,56,55,54,53,52,51,60,59,64,63,62,61,60,59,58,57,56,55,54,53,52,65,64,63,62,61,60,59,58,57,56,55,54],"card_choices":[{"not_picked":["Force Field","Streamline"],"picked":"Cold Snap","floor":7.0},{"not_picked":["Reboot","Buffer"],"picked":"Biased Cognition","floor":16.0},{"not_picked":["Beam Cell+1","Ball Lightning+1"],"picked":"Chaos","floor":42},{"not_picked":["Stack","Genetic Algorithm+1"],"picked":"Cold Snap+1","floor":44},{"not_picked":["BootSequence+1","Hologram+1"],"picked":"Fusion+1","floor":45}],"player_experience":374862,"relics_obtained":[{"floor":1.0,"key":"Pantograph"},{"floor":2.0,"key":"PreservedInsect"},{"floor":3.0,"key":"Bottled Lightning"},{"floor":4.0,"key":"Bronze Scales"},{"floor":7.0,"key":"Mummified Hand"},{"floor":9.0,"key":"Bag of Marbles"},{"floor":10.0,"key":"Dream Catcher"},{"floor":11.0,"key":"Pen Nib"},{"floor":12.0,"key":"Molten Egg 2"},{"floor":13.0,"key":"Darkstone Periapt"},{"floor":18.0,"key":"Letter Opener"},{"floor":19.0,"key":"Happy Flower"},{"floor":21.0,"key":"The Courier"},{"floor":22.0,"key":"Frozen Egg 2"},{"floor":24.0,"key":"Pear"},{"floor":25.0,"key":"Symbiotic Virus"},{"floor":26.0,"key":"Omamori"},{"floor":27.0,"key":"Oddly Smooth Stone"},{"floor":28.0,"key":"Kunai"},{"floor":29.0,"key":"Dodecahedron"},{"floor":30.0,"key":"Matryoshka"},{"floor":31.0,"key":"Vajra"},{"floor":35,"key":"Lantern"},{"floor":36,"key":"Thread and Needle"},{"floor":37,"key":"Ice Cream"},{"floor":38,"key":"Anchor"},{"floor":40,"key":"DataDisk"},{"floor":42,"key":"Bird Faced Urn"},{"floor":43,"key":"War Paint"},{"floor":43,"key":"Blue Candle"},{"floor":45,"key":"Torii"},{"floor":46,"key":"Boot"},{"floor":48,"key":"Nunchaku"}],"event_choices":[{"damage_healed":0.0,"max_hp_gain":0.0,"max_hp_loss":0.0,"gold_gain":0.0,"event_name":"Liars Game","player_choice":"Ignored","floor":5.0,"gold_loss":0.0,"damage_taken":0.0},{"damage_healed":0,"gold_gain":0,"player_choice":"Fight","damage_taken":0,"max_hp_gain":0,"max_hp_loss":0,"event_name":"Mysterious Sphere","floor":45,"gold_loss":0}],"is_beta":false,"boss_relics":[{"not_picked":["Runic Pyramid","Inserter"],"picked":"Cursed Key"},{"not_picked":["Busted Crown","Philosopher\u0027s Stone"],"picked":"Snecko Eye"}],"items_purged_floors":[14,20],"is_endless":false,"potions_floor_spawned":[1,4,10,13,16,19,21,22,27,29,33,36,37,42,45],"ascension_level":0}