{"gold_per_floor":[112,162,182,56,4,4,32,50,50,61,81,114,133,145,145,219,219,231,250,34,52,52,52,77,77,102,102,118,128,128],"floor_reached":30,"playtime":1266,"items_purged":[],"score":564,"play_id":"b467dd8a-77f5-48fb-aca6-38e8a848f7c0","local_time":"20190615191452","is_ascension_mode":true,"campfire_choices":[{"data":"Coolheaded","floor":6,"key":"SMITH"},{"floor":15,"key":"REST"},{"floor":23,"key":"REST"},{"floor":25,"key":"REST"}],"neow_cost":"NONE","seed_source_timestamp":227961134205191,"circlet_count":0,"master_deck":["AscendersBane","Strike_B","Strike_B","Strike_B","Strike_B","Defend_B","Defend_B","Defend_B","Defend_B+1","Zap","Dualcast","Ball Lightning","Coolheaded+1","Chill+1","Blizzard","Hologram","Capacitor","Genetic Algorithm","Consume","Gash","Coolheaded","Glacier+1","Seek","Hologram+1","Skim","Reinforced Body"],"relics":["Cracked Core","NeowsBlessing","Mummified Hand","Calipers","Ancient Tea Set","Velvet Choker","Oddly Smooth Stone","War Paint","Blood Vial"],"potions_floor_usage":[10,12,14,16,16,19,24],"damage_taken":[{"damage":0,"enemies":"Small Slimes","floor":1,"turns":1},{"damage":0,"enemies":"Cultist","floor":3,"turns":1},{"damage":0,"enemies":"Gremlin Nob","floor":7,"turns":1},{"damage":3,"enemies":"Jaw Worm","floor":8,"turns":3},{"damage":3,"enemies":"Gremlin Gang","floor":10,"turns":3},{"damage":8,"enemies":"2 Fungi Beasts","floor":11,"turns":4},{"damage":27,"enemies":"Lagavulin","floor":12,"turns":5},{"damage":16,"enemies":"3 Louse","floor":13,"turns":4},{"damage":3,"enemies":"Blue Slaver","floor":14,"turns":5},{"damage":21,"enemies":"The Guardian","floor":16,"turns":13},{"damage":25,"enemies":"Shell Parasite","floor":18,"turns":9},{"damage":5,"enemies":"2 Thieves","floor":19,"turns":5},{"damage":6,"enemies":"Snake Plant","floor":21,"turns":5},{"damage":17,"enemies":"Book of Stabbing","floor":24,"turns":5},{"damage":3,"enemies":"Centurion and Healer","floor":28,"turns":11},{"damage":4,"enemies":"Shelled Parasite and Fungi","floor":29,"turns":9},{"damage":91,"enemies":"Cultist and Chosen","floor":30,"turns":6}],"seed_played":"-4447630793087655343","potions_obtained":[{"floor":3,"key":"PowerPotion"},{"floor":7,"key":"Dexterity Potion"},{"floor":8,"key":"Fire Potion"},{"floor":12,"key":"Swift Potion"},{"floor":13,"key":"Poison Potion"},{"floor":14,"key":"Regen Potion"},{"floor":18,"key":"Poison Potion"},{"floor":19,"key":"Explosive Potion"},{"floor":24,"key":"FairyPotion"},{"floor":29,"key":"PowerPotion"}],"is_trial":false,"path_per_floor":["M","?","M","$","$","R","E","M","T","M","M","E","M","M","R","B",null,"M","M","$","M","$","R","E","R","T","?","M","M","M"],"character_chosen":"DEFECT","items_purchased":["Chill","Blizzard","Hologram","Oddly Smooth Stone","PowerPotion"],"campfire_rested":3,"item_purchase_floors":[4,4,5,20,20],"current_hp_per_floor":[64,64,64,64,64,64,64,61,61,58,50,23,7,4,25,19,58,33,28,28,22,22,43,26,47,47,47,46,44,0],"gold":128,"neow_bonus":"THREE_ENEMY_KILL","is_prod":false,"is_daily":false,"chose_seed":false,"campfire_upgraded":1,"win_rate":0,"timestamp":1560597292,"path_taken":["M","?","M","?","$","R","E","M","T","M","M","E","M","M","R","BOSS","M","?","$","M","?","R","E","R","T","?","M","M","M"],"build_version":"2019-01-23","purchased_purges":0,"victory":false,"max_hp_per_floor":[71,71,71,71,71,71,71,71,71,71,71,71,71,71,71,71,71,71,71,71,71,71,71,71,71,71,71,71,71,71],"card_choices":[{"not_picked":["Turbo","Leap"],"picked":"Ball Lightning","floor":1},{"not_picked":["Lockon","Conserve Battery"],"picked":"Coolheaded","floor":3},{"not_picked":["Hello World","Storm"],"picked":"Capacitor","floor":7},{"not_picked":["Static Discharge","Hologram"],"picked":"Genetic Algorithm","floor":8},{"not_picked":["Rebound","Hello World"],"picked":"Consume","floor":10},{"not_picked":["BootSequence","Stack"],"picked":"Gash","floor":11},{"not_picked":["Double Energy","Turbo","Rip and Tear"],"picked":"SKIP","floor":12},{"not_picked":["Barrage","Chaos"],"picked":"Coolheaded","floor":13},{"not_picked":["Rebound","Skim"],"picked":"Glacier","floor":14},{"not_picked":["Fission","Meteor Strike"],"picked":"Seek","floor":16},{"not_picked":["Ball Lightning","Conserve Battery"],"picked":"Hologram+1","floor":18},{"not_picked":["Rip and Tear","Recycle","Leap"],"picked":"SKIP","floor":19},{"not_picked":["Steam","Stack+1","Sweeping Beam"],"picked":"SKIP","floor":21},{"not_picked":["Steam","Machine Learning"],"picked":"Skim","floor":24},{"not_picked":["Rebound","Tempest"],"picked":"Reinforced Body","floor":28},{"not_picked":["Rip and Tear","Go for the Eyes","Hello World"],"picked":"SKIP","floor":29}],"player_experience":696847,"relics_obtained":[{"floor":7,"key":"Mummified Hand"},{"floor":9,"key":"Calipers"},{"floor":12,"key":"Ancient Tea Set"},{"floor":24,"key":"War Paint"},{"floor":26,"key":"Blood Vial"}],"event_choices":[{"damage_healed":0,"gold_gain":50,"player_choice":"Pray","damage_taken":0,"max_hp_gain":0,"max_hp_loss":0,"event_name":"Golden Shrine","floor":2,"gold_loss":0},{"damage_healed":0,"gold_gain":0,"player_choice":"Upgraded","damage_taken":0,"max_hp_gain":0,"max_hp_loss":0,"event_name":"Upgrade Shrine","floor":27,"gold_loss":0,"cards_upgraded":["Glacier"]}],"is_beta":false,"boss_relics":[{"not_picked":["Tiny House","Cursed Key"],"picked":"Velvet Choker"}],"items_purged_floors":[],"is_endless":false,"potions_floor_spawned":[3,7,8,12,13,14,18,19,24,29],"killed_by":"Cultist and Chosen","ascension_level":19}