{"gold_per_floor":[112,112,124,135,153,153,171,171,171,202,202,215,290,309,309,405,405,421,421,435,93,108,108,134,134,207,207,222,232,283,283,283,386,386,401,420,720,4,18,18,44,44,44,69,69,69,89,101,101,101],"floor_reached":51,"playtime":12333,"items_purged":[],"score":1054,"play_id":"5a7582db-99b1-4248-a863-2b4c7363d08d","local_time":"20180715003916","is_ascension_mode":false,"campfire_choices":[{"data":"Inflame","floor":6,"key":"SMITH"},{"data":"Metallicize","floor":8,"key":"SMITH"},{"data":"Impervious","floor":15,"key":"SMITH"},{"data":"Feed","floor":23,"key":"SMITH"},{"floor":27,"key":"REST"},{"floor":32,"key":"REST"},{"floor":40,"key":"REST"},{"floor":42,"key":"REST"},{"floor":46,"key":"REST"},{"floor":49,"key":"REST"}],"neow_cost":"","seed_source_timestamp":97208853805711,"circlet_count":0,"master_deck":["Strike_R","Strike_R","Strike_R","Strike_R","Strike_R","Defend_R","Defend_R","Defend_R","Defend_R","Bash","Metallicize+1","Inflame+1","Cleave","Power Through","Burning Pact","Infernal Blade+1","Anger","Impervious+1","Feed+1","Metallicize+1","Uppercut","Infernal Blade","Clash","Clothesline+1","Sword Boomerang","RitualDagger","Hemokinesis+1","Spot Weakness","Demon Form","Flex+1","Metallicize","Warcry+1","Double Tap+1","Bludgeon","Battle Trance+1","Metallicize+1","Seeing Red+1","Bash","Hemokinesis+1","Disarm+1","Metallicize+1","Sever Soul"],"relics":["Burning Blood","Pantograph","Matryoshka","Mummified Hand","Runic Cube","Ornamental Fan","Bag of Preparation","Lantern","Question Card","Toxic Egg 2","Strawberry","Nilry\u0027s Codex","Runic Pyramid","Old Coin","HandDrill","Vajra","Orichalcum","Pen Nib","Dream Catcher","Blood Vial"],"potions_floor_usage":[10,16,16,20,22,28,44,50,50],"damage_taken":[{"damage":5,"enemies":"Small Slimes","floor":1,"turns":4},{"damage":3,"enemies":"Jaw Worm","floor":3,"turns":6},{"damage":0,"enemies":"Cultist","floor":4,"turns":4},{"damage":10,"enemies":"Looter","floor":5,"turns":4},{"damage":12,"enemies":"Exordium Thugs","floor":7,"turns":6},{"damage":18,"enemies":"Lagavulin","floor":10,"turns":7},{"damage":9,"enemies":"Red Slaver","floor":12,"turns":2},{"damage":4,"enemies":"2 Fungi Beasts","floor":14,"turns":3},{"damage":49,"enemies":"The Guardian","floor":16,"turns":10},{"damage":15,"enemies":"Shell Parasite","floor":18,"turns":8},{"damage":16,"enemies":"2 Thieves","floor":20,"turns":4},{"damage":8,"enemies":"Cultist and Chosen","floor":22,"turns":5},{"damage":21,"enemies":"Book of Stabbing","floor":24,"turns":6},{"damage":11,"enemies":"Snecko","floor":28,"turns":5},{"damage":8,"enemies":"Snake Plant","floor":29,"turns":4},{"damage":50,"enemies":"Champ","floor":33,"turns":11},{"damage":32,"enemies":"Flame Bruiser 1 Orb","floor":35,"turns":7},{"damage":28,"enemies":"3 Darklings","floor":36,"turns":6},{"damage":3,"floor":37,"turns":6},{"damage":59,"enemies":"Transient","floor":39,"turns":5},{"damage":23,"enemies":"2 Orb Walkers","floor":41,"turns":5},{"damage":31,"enemies":"Nemesis","floor":44,"turns":5},{"damage":25,"enemies":"Spire Growth","floor":47,"turns":4},{"damage":23,"enemies":"Sphere and 2 Shapes","floor":48,"turns":4},{"damage":67,"enemies":"Time Eater","floor":50,"turns":14}],"seed_played":"-8923516084898887116","potions_obtained":[{"floor":1,"key":"Fire Potion"},{"floor":5,"key":"SteroidPotion"},{"floor":7,"key":"Explosive Potion"},{"floor":14,"key":"GamblersBrew"},{"floor":20,"key":"Explosive Potion"},{"floor":24,"key":"FearPotion"},{"floor":28,"key":"SteroidPotion"},{"floor":39,"key":"SpeedPotion"},{"floor":44,"key":"LiquidBronze"},{"floor":48,"key":"Weak Potion"}],"is_trial":false,"path_per_floor":["M","?","M","M","M","R","M","R","T","E","?","M","?","M","R","B",null,"M","?","M","$","M","R","E","?","T","R","M","M","T","?","R","B",null,"M","M","?","$","M","R","E","R","T","E","?","R","M","M","R","B"],"character_chosen":"IRONCLAD","items_purchased":["Ornamental Fan","Infernal Blade","Clash","HandDrill","Vajra","Orichalcum","Double Tap+1","Bludgeon"],"campfire_rested":6,"item_purchase_floors":[21,21,21,38,38,38,38,38],"current_hp_per_floor":[80,77,80,80,76,76,70,70,70,58,58,55,47,49,49,31,80,71,63,53,53,54,54,39,33,33,57,52,50,57,41,68,46,90,68,50,82,82,29,59,46,77,77,52,52,83,70,55,88,49],"gold":101,"neow_bonus":"","is_prod":false,"is_daily":false,"chose_seed":false,"campfire_upgraded":4,"win_rate":0,"timestamp":1531629556,"path_taken":["M","?","M","M","M","R","M","R","T","E","?","M","?","M","R","BOSS","M","?","M","$","M","R","E","?","T","R","M","?","?","?","R","BOSS","M","?","?","$","M","R","E","R","T","E","?","R","?","M","R","BOSS"],"build_version":"2018-07-12","purchased_purges":0,"victory":true,"max_hp_per_floor":[80,80,80,80,80,80,80,80,80,80,80,80,80,80,80,80,80,80,80,80,80,83,83,83,83,83,83,83,83,90,90,90,90,90,94,98,102,102,102,102,106,106,106,106,106,106,110,110,110,110],"card_choices":[{"not_picked":["Feel No Pain","Clothesline"],"picked":"Metallicize","floor":1},{"not_picked":["Perfected Strike","Entrench"],"picked":"Inflame","floor":3},{"not_picked":["Evolve","Armaments"],"picked":"Cleave","floor":4},{"not_picked":["Headbutt","True Grit"],"picked":"Power Through","floor":5},{"not_picked":["Corruption","Flex"],"picked":"Burning Pact","floor":7},{"not_picked":["Armaments","Clothesline"],"picked":"Infernal Blade","floor":10},{"not_picked":["Body Slam","Pummel"],"picked":"Anger","floor":12},{"not_picked":["Headbutt","Flex"],"picked":"Impervious","floor":14},{"not_picked":["Reaper","Fiend Fire"],"picked":"Feed","floor":16},{"not_picked":["Shockwave","Wild Strike"],"picked":"Metallicize+1","floor":18},{"not_picked":["Headbutt+1","Twin Strike"],"picked":"Uppercut","floor":20},{"not_picked":["Cleave","Pommel Strike"],"picked":"Clothesline+1","floor":22},{"not_picked":["Heavy Blade","Searing Blow"],"picked":"Sword Boomerang","floor":24},{"not_picked":["Dual Wield+1","Clash","Rage"],"picked":"Hemokinesis+1","floor":28},{"not_picked":["Wild Strike+1","Pummel","Twin Strike"],"picked":"Spot Weakness","floor":29},{"not_picked":["Barricade","Fiend Fire","Dark Embrace"],"picked":"Demon Form","floor":33},{"not_picked":["Perfected Strike","Heavy Blade+1","Ghostly Armor+1"],"picked":"Flex+1","floor":35},{"not_picked":["Cleave+1","Body Slam","Thunderclap"],"picked":"Metallicize","floor":36},{"not_picked":["True Grit+1","Feel No Pain+1","Sword Boomerang+1"],"picked":"Warcry+1","floor":37},{"not_picked":["Entrench+1","Perfected Strike","Cleave"],"picked":"Battle Trance+1","floor":39},{"not_picked":["Combust","Anger","Inflame"],"picked":"Metallicize+1","floor":41},{"not_picked":["Sword Boomerang+1","Clothesline+1","Power Through+1"],"picked":"Seeing Red+1","floor":44},{"not_picked":["Twin Strike","Evolve","Rampage"],"picked":"Hemokinesis+1","floor":46},{"not_picked":["Searing Blow","Twin Strike","Iron Wave+1"],"picked":"Disarm+1","floor":47},{"not_picked":["Clash+1","Sword Boomerang+1","Blood for Blood+1"],"picked":"Metallicize+1","floor":48},{"not_picked":["Headbutt+1","Rampage","Warcry+1"],"picked":"Sever Soul","floor":49}],"player_experience":96622,"relics_obtained":[{"floor":9,"key":"Matryoshka"},{"floor":10,"key":"Mummified Hand"},{"floor":24,"key":"Bag of Preparation"},{"floor":26,"key":"Lantern"},{"floor":26,"key":"Question Card"},{"floor":30,"key":"Toxic Egg 2"},{"floor":30,"key":"Strawberry"},{"floor":31,"key":"Nilry\u0027s Codex"},{"floor":37,"key":"Old Coin"},{"floor":41,"key":"Pen Nib"},{"floor":43,"key":"Dream Catcher"},{"floor":44,"key":"Blood Vial"}],"event_choices":[{"event_name":"Scrap Ooze","player_choice":"success","floor":2,"damage_taken":3},{"event_name":"Upgrade Shrine","player_choice":"Upgraded","floor":11,"damage_taken":0},{"event_name":"FaceTrader","player_choice":"Touch","floor":13,"damage_taken":0},{"event_name":"Wheel of Change","player_choice":"Damage","floor":19,"damage_taken":0},{"event_name":"Nest","player_choice":"Joined the Cult","floor":25,"damage_taken":0},{"event_name":"Cursed Tome","player_choice":"Obtained Book","floor":31,"damage_taken":0},{"event_name":"MindBloom","player_choice":"Fight","floor":37,"damage_taken":0},{"event_name":"Match and Keep!","player_choice":"1 cards matched","floor":45,"damage_taken":0}],"boss_relics":[{"not_picked":["White Beast Statue","Busted Crown"],"picked":"Runic Cube"},{"not_picked":["Lizard Tail","Fusion Hammer"],"picked":"Runic Pyramid"}],"items_purged_floors":[],"is_endless":false,"potions_floor_spawned":[1,5,7,14,20,24,28,39,44,48],"ascension_level":0}