{"gold_per_floor":[114,133,158,158,176,204,204,220,220,250,250,276,299,299,299,375,375,355,355,355,355,365,365,400,400,424,424,31,46,61,73,73,73],"floor_reached":33,"playtime":1245,"items_purged":[],"score":577,"play_id":"7020ead5-368b-4761-b003-e26bf30e0eef","local_time":"20190615005030","is_ascension_mode":true,"campfire_choices":[{"floor":7,"key":"REST"},{"floor":11,"key":"REST"},{"floor":15,"key":"REST"},{"data":"Glacier","floor":23,"key":"SMITH"},{"floor":25,"key":"REST"},{"data":"Undo","floor":27,"key":"SMITH"},{"data":"Coolheaded","floor":32,"key":"SMITH"}],"neow_cost":"NONE","seed_source_timestamp":161719812463327,"circlet_count":0,"master_deck":["AscendersBane","Defend_B","Defend_B","Defend_B","Defend_B","Zap","Dualcast","Blizzard","Undo+1","Ball Lightning","Seek","Gash","Glacier+1","Rainbow","Hologram+1","Bite","Bite","Bite","Bite","Bite","Hologram+1","Coolheaded","Madness","White Noise","Coolheaded+1"],"relics":["Cracked Core","NeowsBlessing","Bag of Marbles","Gremlin Horn","Torii","Thread and Needle","Question Card","Odd Mushroom","Sozu","Blue Candle","Calipers","Anchor","Cables"],"potions_floor_usage":[6,6,13],"damage_taken":[{"damage":0,"enemies":"Cultist","floor":1,"turns":1},{"damage":0,"enemies":"2 Louse","floor":2,"turns":1},{"damage":0,"enemies":"Jaw Worm","floor":5,"turns":1},{"damage":43,"enemies":"Gremlin Nob","floor":6,"turns":5},{"damage":1,"enemies":"Looter","floor":8,"turns":3},{"damage":12,"enemies":"3 Sentries","floor":10,"turns":8},{"damage":24,"enemies":"Lagavulin","floor":12,"turns":6},{"damage":1,"enemies":"The Mushroom Lair","floor":13,"turns":3},{"damage":50,"enemies":"Slime Boss","floor":16,"turns":12},{"damage":20,"enemies":"2 Thieves","floor":18,"turns":4},{"damage":17,"enemies":"Shell Parasite","floor":22,"turns":7},{"damage":45,"enemies":"Slavers","floor":24,"turns":7},{"damage":7,"enemies":"Snecko","floor":29,"turns":5},{"damage":19,"enemies":"3 Cultists","floor":30,"turns":5},{"damage":1,"enemies":"Centurion and Healer","floor":31,"turns":11},{"damage":80,"enemies":"Automaton","floor":33,"turns":12}],"seed_played":"6064139816256398676","potions_obtained":[{"floor":1,"key":"FocusPotion"},{"floor":4,"key":"Weak Potion"},{"floor":8,"key":"SneckoOil"},{"floor":12,"key":"Swift Potion"}],"is_trial":false,"path_per_floor":["M","M","T","?","M","E","R","M","T","E","R","E","?","?","R","B",null,"M","?","T","?","M","R","E","R","T","R","$","M","M","M","R","B"],"character_chosen":"DEFECT","items_purchased":["Cables","Coolheaded","Madness"],"campfire_rested":4,"item_purchase_floors":[28,28,28],"current_hp_per_floor":[64,64,64,64,64,21,42,41,41,29,50,26,25,30,52,2,58,38,38,38,38,47,47,18,33,33,33,33,34,25,53,53,0],"gold":73,"neow_bonus":"THREE_ENEMY_KILL","is_prod":false,"is_daily":false,"chose_seed":false,"campfire_upgraded":3,"win_rate":0,"timestamp":1560531030,"path_taken":["M","M","?","?","M","E","R","?","T","E","R","E","?","?","R","BOSS","M","?","?","?","M","R","E","R","T","R","?","M","M","?","R","BOSS"],"build_version":"2019-01-23","purchased_purges":0,"victory":false,"max_hp_per_floor":[71,71,71,71,71,71,71,71,71,71,71,71,71,76,76,76,76,76,76,76,53,53,53,53,53,53,53,53,53,53,53,53,53],"card_choices":[{"not_picked":["Aggregate","Redo"],"picked":"Blizzard","floor":1},{"not_picked":["Sweeping Beam","Ball Lightning","Streamline"],"picked":"SKIP","floor":2},{"not_picked":["Beam Cell","Leap"],"picked":"Undo","floor":5},{"not_picked":["Melter","Steam"],"picked":"Ball Lightning","floor":6},{"not_picked":["Hello World","Steam"],"picked":"Seek","floor":8},{"not_picked":["Recycle","Hyperbeam"],"picked":"Gash","floor":10},{"not_picked":["Compile Driver","Rip and Tear","Beam Cell"],"picked":"SKIP","floor":12},{"not_picked":["Cold Snap","Reprogram","Rebound"],"picked":"Glacier","floor":13},{"not_picked":["Multi-Cast","Creative AI","Thunder Strike"],"picked":"Rainbow","floor":16},{"not_picked":["Stack+1","Aggregate","Coolheaded"],"picked":"Hologram+1","floor":18},{"not_picked":["FTL","Redo","Storm","Compile Driver"],"picked":"SKIP","floor":22},{"not_picked":["Leap","Thunder Strike","Streamline"],"picked":"Hologram+1","floor":24},{"not_picked":["Rebound","Turbo","Fusion"],"picked":"White Noise","floor":29},{"not_picked":["Turbo+1","Compile Driver","FTL"],"picked":"Coolheaded","floor":30},{"not_picked":["Reinforced Body","Coolheaded","Go for the Eyes","Beam Cell"],"picked":"SKIP","floor":31}],"player_experience":686835,"relics_obtained":[{"floor":3,"key":"Bag of Marbles"},{"floor":6,"key":"Gremlin Horn"},{"floor":9,"key":"Torii"},{"floor":10,"key":"Thread and Needle"},{"floor":12,"key":"Question Card"},{"floor":13,"key":"Odd Mushroom"},{"floor":20,"key":"Blue Candle"},{"floor":24,"key":"Calipers"},{"floor":26,"key":"Anchor"}],"event_choices":[{"damage_healed":0,"gold_gain":0,"player_choice":"Got Potions","damage_taken":0,"max_hp_gain":0,"max_hp_loss":0,"event_name":"Lab","floor":4,"gold_loss":0},{"damage_healed":0,"gold_gain":0,"player_choice":"Fought Mushrooms","damage_taken":0,"max_hp_gain":0,"max_hp_loss":0,"event_name":"Mushrooms","floor":13,"gold_loss":0},{"damage_healed":0,"gold_gain":0,"player_choice":"Donut","damage_taken":0,"max_hp_gain":5,"max_hp_loss":0,"event_name":"Big Fish","floor":14,"gold_loss":0},{"damage_healed":0,"gold_gain":0,"player_choice":"Ignored","damage_taken":0,"max_hp_gain":0,"max_hp_loss":0,"event_name":"Ghosts","floor":19,"gold_loss":0},{"damage_healed":0,"gold_gain":0,"player_choice":"Became a vampire","damage_taken":0,"max_hp_gain":0,"max_hp_loss":23,"event_name":"Vampires","floor":21,"gold_loss":0,"cards_obtained":["Bite","Bite","Bite","Bite","Bite"]}],"is_beta":false,"boss_relics":[{"not_picked":["Calling Bell","Orrery"],"picked":"Sozu"}],"items_purged_floors":[],"is_endless":false,"potions_floor_spawned":[1,8,12,22,24],"killed_by":"Automaton","ascension_level":19}