{"gold_per_floor":[140,160,176,191,207,207,234,234,234,254,288,288],"floor_reached":12,"playtime":784,"items_purged":[],"score":129,"play_id":"3d41431a-4e77-48ea-827e-95ac4c68eb4e","local_time":"20190221220606","is_ascension_mode":true,"campfire_choices":[{"data":"Wraith Form v2","floor":6,"key":"SMITH"},{"floor":8,"key":"REST"}],"neow_cost":"NONE","seed_source_timestamp":26821661504844,"circlet_count":0,"master_deck":["Defend_G","Defend_G","Defend_G","Defend_G","Defend_G","Strike_G","Strike_G","Strike_G","Strike_G","Strike_G","Survivor","Neutralize","Deadly Poison","Wraith Form v2+1","Poisoned Stab","Crippling Poison","Venomology","Accuracy","Backstab"],"relics":["Ring of the Snake","Tiny Chest","Shuriken","Ornamental Fan","The Courier"],"potions_floor_usage":[11],"damage_taken":[{"damage":4,"enemies":"Small Slimes","floor":1,"turns":4},{"damage":4,"enemies":"2 Louse","floor":2,"turns":3},{"damage":5,"enemies":"Cultist","floor":3,"turns":5},{"damage":2,"enemies":"2 Fungi Beasts","floor":4,"turns":4},{"damage":10,"enemies":"3 Louse","floor":5,"turns":4},{"damage":15,"enemies":"Gremlin Nob","floor":7,"turns":5},{"damage":10,"enemies":"Large Slime","floor":10,"turns":9},{"damage":32,"enemies":"3 Sentries","floor":11,"turns":13},{"damage":0,"enemies":"Exordium Thugs","floor":12,"turns":1}],"seed_played":"5292317211015734010","potions_obtained":[{"floor":1,"key":"EssenceOfSteel"},{"floor":7,"key":"AttackPotion"},{"floor":11,"key":"Block Potion"}],"is_trial":false,"path_per_floor":["M","M","M","M","M","R","E","R","T","M","E","M"],"character_chosen":"THE_SILENT","items_purchased":[],"campfire_rested":1,"item_purchase_floors":[],"current_hp_per_floor":[59,55,50,48,38,38,23,44,44,34,2,2],"gold":288,"neow_bonus":"RANDOM_COMMON_RELIC","is_prod":false,"is_daily":false,"chose_seed":false,"campfire_upgraded":1,"win_rate":0,"timestamp":1550804766,"path_taken":["M","M","M","M","M","R","E","R","T","M","E","M"],"build_version":"2019-01-23","purchased_purges":0,"victory":false,"max_hp_per_floor":[70,70,70,70,70,70,70,70,70,70,70,70],"card_choices":[{"not_picked":["Riddle With Holes","Underhanded Strike"],"picked":"Deadly Poison","floor":1},{"not_picked":["Outmaneuver","Underhanded Strike"],"picked":"Wraith Form v2","floor":2},{"not_picked":["Dagger Spray","Quick Slash"],"picked":"Poisoned Stab","floor":3},{"not_picked":["Flechettes","Bane"],"picked":"Crippling Poison","floor":4},{"not_picked":["Dagger Spray","Outmaneuver"],"picked":"Venomology","floor":5},{"not_picked":["Outmaneuver","Underhanded Strike"],"picked":"Accuracy","floor":7},{"not_picked":["Deadly Poison","Bane","Dagger Spray"],"picked":"SKIP","floor":10},{"not_picked":["All Out Attack","Quick Slash"],"picked":"Backstab","floor":11}],"player_experience":331476,"relics_obtained":[{"floor":7,"key":"Shuriken"},{"floor":9,"key":"Ornamental Fan"},{"floor":11,"key":"The Courier"}],"event_choices":[],"is_beta":false,"boss_relics":[],"items_purged_floors":[],"is_endless":false,"potions_floor_spawned":[1,7,11],"killed_by":"Exordium Thugs","ascension_level":8}