{"gold_per_floor":[119,119,138,157,157,157,177,247,270,270,270,98,117,117],"floor_reached":14,"playtime":325,"items_purged":[],"score":156,"play_id":"c4cc1deb-296d-486f-b810-335cd56b62c8","local_time":"20190615132100","is_ascension_mode":true,"campfire_choices":[{"floor":6.0,"key":"REST"},{"data":"Loop","floor":10,"key":"SMITH"}],"neow_cost":"NONE","seed_source_timestamp":207620993899034,"circlet_count":0,"master_deck":["AscendersBane","Strike_B","Strike_B","Strike_B","Defend_B+1","Defend_B","Defend_B+1","Zap","Dualcast","White Noise","Sweeping Beam","Loop+1","Gash","Hologram","Glacier"],"special_seed":0,"relics":["Cracked Core","Lantern","Golden Idol","War Paint","Ancient Tea Set","Anchor"],"potions_floor_usage":[],"damage_taken":[{"damage":7.0,"enemies":"Cultist","floor":1.0,"turns":4.0},{"damage":2.0,"enemies":"Jaw Worm","floor":3.0,"turns":3.0},{"damage":7.0,"enemies":"Small Slimes","floor":4.0,"turns":3.0},{"damage":6.0,"enemies":"2 Fungi Beasts","floor":7.0,"turns":3.0},{"damage":5.0,"enemies":"3 Sentries","floor":8.0,"turns":8.0},{"damage":19,"enemies":"Exordium Wildlife","floor":13,"turns":4},{"damage":18,"enemies":"Lots of Slimes","floor":14,"turns":2}],"seed_played":"8954435141572935475","potions_obtained":[{"floor":3.0,"key":"Block Potion"},{"floor":4.0,"key":"Fire Potion"},{"floor":7.0,"key":"Dexterity Potion"}],"is_trial":false,"path_per_floor":["M","?","M","M","?","R","M","?","T","R","?","$","M","M"],"character_chosen":"DEFECT","items_purchased":["Anchor"],"campfire_rested":1,"item_purchase_floors":[12],"current_hp_per_floor":[57,57,55,48,24,45,39,34,34,34,34,34,15,0],"gold":117,"neow_bonus":"RANDOM_COMMON_RELIC","is_prod":false,"is_daily":false,"chose_seed":false,"campfire_upgraded":1,"win_rate":0,"timestamp":1560576060,"path_taken":["M","?","?","M","?","R","M","?","T","R","?","$","M","?"],"build_version":"2019-01-23","purchased_purges":0,"victory":false,"max_hp_per_floor":[71,71,71,71,71,71,71,71,71,71,71,71,71,71],"card_choices":[{"not_picked":["Cold Snap","Doom and Gloom"],"picked":"White Noise","floor":1.0},{"not_picked":["Recycle","Leap"],"picked":"Loop","floor":3.0},{"not_picked":["Leap","Redo","Creative AI"],"picked":"SKIP","floor":4.0},{"not_picked":["Rip and Tear","Go for the Eyes"],"picked":"Gash","floor":7.0},{"not_picked":["Doom and Gloom","Redo"],"picked":"Hologram","floor":8.0},{"not_picked":["Leap","Hologram"],"picked":"Glacier","floor":13}],"player_experience":694783,"relics_obtained":[{"floor":9.0,"key":"Ancient Tea Set"}],"event_choices":[{"damage_healed":0.0,"max_hp_gain":0.0,"max_hp_loss":0.0,"gold_gain":0.0,"cards_transformed":["Defend_B"],"event_name":"Transmorgrifier","player_choice":"Transformed","floor":2.0,"gold_loss":0.0,"damage_taken":0.0,"cards_obtained":["Sweeping Beam"]},{"damage_healed":0.0,"max_hp_gain":0.0,"max_hp_loss":0.0,"gold_gain":0.0,"event_name":"Golden Idol","player_choice":"Take Damage","floor":5.0,"gold_loss":0.0,"damage_taken":24.0,"relics_obtained":["Golden Idol"]},{"damage_healed":0.0,"max_hp_gain":0.0,"max_hp_loss":0.0,"gold_gain":0.0,"event_name":"Dead Adventurer","player_choice":"Searched \u00272\u0027 times","floor":8.0,"gold_loss":0.0,"damage_taken":0.0,"relics_obtained":["War Paint"]},{"cards_removed":["Strike_B"],"damage_healed":0,"gold_gain":0,"player_choice":"Forget","damage_taken":0,"max_hp_gain":0,"max_hp_loss":0,"event_name":"Living Wall","floor":11,"gold_loss":0}],"is_beta":false,"boss_relics":[],"items_purged_floors":[],"is_endless":false,"potions_floor_spawned":[3,4,7],"killed_by":"Lots of Slimes","ascension_level":19}