{"gold_per_floor":[11,186,200,220,16,29,40,40,67,90,102,102,122,140,140,237,237,251,251,251,268,278,308,308,363,439,451,477,477,477],"floor_reached":30,"playtime":1844,"items_purged":["Doubt"],"score":329,"play_id":"f3e7bb36-9a90-48e7-98bc-7542c9ea6646","local_time":"20180827151146","is_ascension_mode":true,"campfire_choices":[{"floor":8,"key":"REST"},{"floor":12,"key":"REST"},{"data":"Noxious Fumes","floor":15,"key":"SMITH"},{"floor":24,"key":"REST"},{"floor":29,"key":"REST"}],"neow_cost":"NO_GOLD","seed_source_timestamp":1070894689733708,"circlet_count":0,"master_deck":["Defend_G","Defend_G","Defend_G","Defend_G","Defend_G","Survivor","Neutralize+1","Blade Dance","Predator","Deadly Poison","Noxious Fumes+1","Dark Shackles","Catalyst","Leg Sweep","Infinite Blades","Slice","Blade Dance","Adrenaline","Poisoned Stab+1","Backstab","Backstab","Poisoned Stab","Dagger Throw","Bite","Bite","Bite","Bite","Bite","PiercingWail","Dagger Spray+1","Dodge and Roll","Outmaneuver+1","Prepared"],"relics":["Ring of the Snake","Unceasing Top","Bronze Scales","Happy Flower","Orrery","Ancient Tea Set","Whetstone","Tiny Chest","Orichalcum"],"potions_floor_usage":[23,28,28,28],"damage_taken":[{"damage":6,"enemies":"Jaw Worm","floor":1,"turns":9},{"damage":0,"enemies":"Small Slimes","floor":3,"turns":4},{"damage":4,"enemies":"Cultist","floor":4,"turns":5},{"damage":0,"enemies":"Blue Slaver","floor":6,"turns":4},{"damage":18,"enemies":"Exordium Wildlife","floor":7,"turns":3},{"damage":5,"enemies":"3 Louse","floor":11,"turns":3},{"damage":0,"enemies":"Looter","floor":13,"turns":3},{"damage":13,"enemies":"Large Slime","floor":14,"turns":5},{"damage":13,"enemies":"Hexaghost","floor":16,"turns":7},{"damage":30,"enemies":"Shell Parasite","floor":18,"turns":4},{"damage":11,"enemies":"Spheric Guardian","floor":21,"turns":3},{"damage":28,"enemies":"Centurion and Healer","floor":22,"turns":5},{"damage":22,"enemies":"Book of Stabbing","floor":23,"turns":5},{"damage":38,"enemies":"Snake Plant","floor":27,"turns":2},{"damage":12,"enemies":"Slavers","floor":28,"turns":5},{"damage":33,"enemies":"3 Cultists","floor":30,"turns":5}],"seed_played":"-7182761471530261919","potions_obtained":[{"floor":3,"key":"Regen Potion"},{"floor":4,"key":"Swift Potion"},{"floor":13,"key":"GhostInAJar"},{"floor":27,"key":"Dexterity Potion"}],"is_trial":false,"path_per_floor":["M","?","M","M","$","M","M","R","T","T","M","R","M","M","R","B",null,"M","?","?","M","M","E","R","T","T","M","E","R"],"character_chosen":"THE_SILENT","items_purchased":["Noxious Fumes","Dark Shackles"],"campfire_rested":4,"item_purchase_floors":[5,5],"current_hp_per_floor":[64,64,64,60,60,60,42,63,63,63,58,70,70,57,57,44,70,40,40,59,48,28,23,40,40,40,8,4,21,0],"gold":477,"neow_bonus":"ONE_RARE_RELIC","is_prod":false,"is_daily":false,"chose_seed":false,"campfire_upgraded":1,"win_rate":0,"timestamp":1535397106,"path_taken":["M","?","M","M","?","M","M","R","T","?","M","R","?","M","R","BOSS","M","?","?","M","?","E","R","?","T","?","E","R","M"],"build_version":"2018-08-23v2","purchased_purges":1,"victory":false,"max_hp_per_floor":[70,70,70,70,70,70,70,70,70,70,70,70,70,70,70,70,70,70,49,59,59,59,59,59,59,59,59,59,59,59],"card_choices":[{"not_picked":["Deadly Poison","Escape Plan"],"picked":"Blade Dance","floor":1},{"not_picked":["Escape Plan","Underhanded Strike"],"picked":"Predator","floor":3},{"not_picked":["Concentrate","Escape Plan"],"picked":"Deadly Poison","floor":4},{"not_picked":["Slice","Dagger Throw"],"picked":"Catalyst","floor":6},{"not_picked":["Storm of Steel","Dagger Spray"],"picked":"Leg Sweep","floor":7},{"not_picked":["Blade Dance","All Out Attack"],"picked":"Infinite Blades","floor":11},{"not_picked":["Sucker Punch","Underhanded Strike"],"picked":"Slice","floor":13},{"not_picked":["Dagger Throw","Dagger Spray"],"picked":"Blade Dance","floor":14},{"not_picked":["Venomology","Storm of Steel"],"picked":"Adrenaline","floor":16},{"not_picked":["Dagger Spray","Quick Slash"],"picked":"Poisoned Stab","floor":17},{"not_picked":["Blade Dance","All Out Attack"],"picked":"Backstab","floor":17},{"not_picked":["Slice","Dagger Spray"],"picked":"Backstab","floor":17},{"not_picked":["Leg Sweep","Underhanded Strike"],"picked":"Poisoned Stab","floor":17},{"not_picked":["Setup","Well Laid Plans"],"picked":"Dagger Throw","floor":17},{"not_picked":["Masterful Stab","Blade Dance"],"picked":"Phantasmal Killer","floor":18},{"not_picked":["Masterful Stab","Calculated Gamble+1"],"picked":"PiercingWail","floor":21},{"not_picked":["Choke","Slice+1"],"picked":"Dagger Spray+1","floor":22},{"not_picked":["Underhanded Strike","Dagger Throw"],"picked":"Dodge and Roll","floor":23},{"not_picked":["Tactician+1","Blade Dance+1"],"picked":"Outmaneuver+1","floor":27},{"not_picked":["Setup","Underhanded Strike"],"picked":"Prepared","floor":28}],"player_experience":85556,"relics_obtained":[{"floor":9,"key":"Bronze Scales"},{"floor":10,"key":"Happy Flower"},{"floor":23,"key":"Ancient Tea Set"},{"floor":25,"key":"Whetstone"},{"floor":26,"key":"Tiny Chest"},{"floor":28,"key":"Orichalcum"}],"event_choices":[{"event_name":"Liars Game","player_choice":"agreed","floor":2,"damage_taken":0},{"event_name":"Vampires","player_choice":"Became a vampire","floor":19,"damage_taken":0},{"event_name":"Bonfire Elementals","player_choice":"RARE","floor":20,"damage_taken":0}],"is_beta":false,"boss_relics":[{"not_picked":["Velvet Choker","Tiny House"],"picked":"Orrery"}],"items_purged_floors":[5],"is_endless":false,"potions_floor_spawned":[3,4,13,16,27],"killed_by":"3 Cultists","ascension_level":3}