{"gold_per_floor":[118,118,134,134,48,48,76,76,76,76,89,89,124,136,148,160],"floor_reached":16,"playtime":406,"items_purged":[],"score":207,"play_id":"227cee93-5fb6-4929-9fba-2f1c56ebf319","local_time":"20190615185022","is_ascension_mode":true,"campfire_choices":[{"floor":6.0,"key":"REST"},{"floor":8.0,"key":"REST"},{"floor":10.0,"key":"REST"},{"floor":15.0,"key":"REST"}],"neow_cost":"NONE","seed_source_timestamp":227281610819312,"circlet_count":0,"master_deck":["AscendersBane","Strike_B+1","Strike_B","Strike_B","Strike_B","Defend_B","Defend_B","Defend_B+1","Zap","Dualcast","Skim","White Noise","Go for the Eyes+1","Chill+1"],"special_seed":0,"relics":["Cracked Core","Molten Egg 2","Toxic Egg 2","Singing Bowl","MawBank"],"potions_floor_usage":[16],"damage_taken":[{"damage":7.0,"enemies":"Jaw Worm","floor":1.0,"turns":4.0},{"damage":5.0,"enemies":"Small Slimes","floor":3.0,"turns":3.0},{"damage":40.0,"enemies":"Lagavulin","floor":7.0,"turns":5.0},{"damage":3.0,"enemies":"2 Louse","floor":11.0,"turns":2.0},{"damage":40.0,"enemies":"Gremlin Nob","floor":13.0,"turns":5.0},{"damage":38,"enemies":"Hexaghost","floor":16,"turns":10}],"seed_played":"2828886522308402732","potions_obtained":[{"floor":1.0,"key":"SkillPotion"},{"floor":13.0,"key":"Dexterity Potion"}],"is_trial":false,"path_per_floor":["M","?","M","?","$","R","E","R","T","R","M","?","E","?","R","B"],"character_chosen":"DEFECT","items_purchased":["White Noise"],"campfire_rested":4,"item_purchase_floors":[5],"current_hp_per_floor":[64,57,52,29,29,52,12,35,35,58,55,55,15,15,38,0],"gold":160,"neow_bonus":"TEN_PERCENT_HP_BONUS","is_prod":false,"is_daily":false,"chose_seed":false,"campfire_upgraded":0,"win_rate":0,"timestamp":1560595822,"path_taken":["M","?","M","?","$","R","E","R","T","R","M","?","E","?","R","BOSS"],"build_version":"2019-01-23","purchased_purges":0,"victory":false,"max_hp_per_floor":[78,78,78,78,78,78,78,78,78,78,78,78,78,78,78,78],"card_choices":[{"not_picked":["Storm","Beam Cell"],"picked":"Skim","floor":1.0},{"not_picked":["Stack","Redo","Turbo"],"picked":"SKIP","floor":3.0},{"not_picked":["Stack","Redo","Turbo"],"picked":"SKIP","floor":3.0},{"not_picked":["Reboot","Hello World"],"picked":"Go for the Eyes","floor":7.0},{"not_picked":["Compile Driver+1","Beam Cell+1","Leap+1"],"picked":"SKIP","floor":11.0},{"not_picked":["Coolheaded+1","Fusion+1"],"picked":"Chill+1","floor":13.0}],"player_experience":696254,"relics_obtained":[{"floor":7.0,"key":"Molten Egg 2"},{"floor":9.0,"key":"Toxic Egg 2"},{"floor":13.0,"key":"MawBank"}],"event_choices":[{"cards_removed":["Defend_B"],"damage_healed":0.0,"max_hp_gain":0.0,"max_hp_loss":0.0,"gold_gain":0.0,"event_name":"Golden Wing","player_choice":"Card Removal","floor":2.0,"gold_loss":0.0,"damage_taken":7.0},{"damage_healed":0.0,"max_hp_gain":0.0,"max_hp_loss":0.0,"gold_gain":0.0,"event_name":"Shining Light","player_choice":"Entered Light","floor":4.0,"gold_loss":0.0,"damage_taken":23.0,"cards_upgraded":["Strike_B","Defend_B"]},{"damage_healed":0.0,"max_hp_gain":0.0,"max_hp_loss":0.0,"gold_gain":0.0,"event_name":"Dead Adventurer","player_choice":"Searched \u00272\u0027 times","floor":12.0,"gold_loss":0.0,"damage_taken":0.0,"relics_obtained":["Singing Bowl"]},{"damage_healed":0.0,"max_hp_gain":0.0,"max_hp_loss":0.0,"gold_gain":0.0,"event_name":"Liars Game","player_choice":"Ignored","floor":14.0,"gold_loss":0.0,"damage_taken":0.0}],"is_beta":false,"boss_relics":[],"items_purged_floors":[],"is_endless":false,"potions_floor_spawned":[1,13],"killed_by":"Hexaghost","ascension_level":19}