{"path_per_floor":["M","M","$","?","M","E","R","E","T","E","M","E","M","M","R","B",null,"M","$","M","M","?","R","E","R","T","E","R","$","M","E","R","B",null,"M","M","?","M","$","R","E","R","T","M","E","M","R","M","R","B"],"character_chosen":"THE_SILENT","items_purchased":["Noxious Fumes","Dexterity Potion","Footwork","Blur"],"gold_per_floor":[116,136,7,7,21,54,54,79,79,107,117,148,160,174,174,271,271,271,78,78,78,3,3,3,3,3,3,3,3,3,3,3,3,3,3,3,3,3,3,3,3,3,3,3,3,3,3,3,3,3],"floor_reached":51,"campfire_rested":4,"playtime":3874,"item_purchase_floors":[3,3,19,19],"current_hp_per_floor":[63,63,63,63,63,53,53,29,29,31,35,24,26,24,42,18,63,63,63,57,63,63,63,34,34,34,28,46,46,35,34,55,47,70,44,53,53,58,58,58,16,37,37,41,59,70,70,70,70,67],"items_purged":["Strike_G"],"gold":3,"score":888,"play_id":"d34b3a7d-2495-4649-9572-5f5a2942bbe9","local_time":"20180614230352","is_prod":false,"is_daily":false,"chose_seed":false,"is_ascension_mode":true,"campfire_upgraded":6,"win_rate":0,"timestamp":1528988632,"campfire_choices":[{"data":"Noxious Fumes","floor":7,"key":"SMITH"},{"floor":15,"key":"REST"},{"data":"Footwork","floor":23,"key":"SMITH"},{"data":"Footwork","floor":25,"key":"SMITH"},{"floor":28,"key":"REST"},{"floor":32,"key":"REST"},{"data":"Backstab","floor":40,"key":"SMITH"},{"floor":42,"key":"REST"},{"data":"Adrenaline","floor":47,"key":"SMITH"},{"data":"Noxious Fumes","floor":49,"key":"SMITH"}],"path_taken":["M","?","?","?","M","E","R","E","T","E","?","E","M","M","R","BOSS","M","$","M","M","?","R","E","R","T","E","R","$","M","E","R","BOSS","M","M","?","?","$","R","E","R","T","M","E","M","R","M","R","BOSS"],"build_version":"2018-06-07v3","seed_source_timestamp":2279732809358764,"purchased_purges":1,"victory":true,"master_deck":["Defend_G","Defend_G","Defend_G","Defend_G","Survivor","Neutralize","Expertise","Slice","Backstab+1","Noxious Fumes+1","Adrenaline+1","Cloak And Dagger","Skewer","Slice","Caltrops","Terror","Well Laid Plans","Noxious Fumes+1","Deadly Poison","Tools of the Trade","Masterful Stab","Footwork+1","Blur","Footwork+1","Deflect","Unload","Catalyst+1","Burst","Masterful Stab+1","Infinite Blades+1","Burst+1","Backflip","Blur","Catalyst+1","Dodge and Roll+1","Backflip+1","Noxious Fumes+1"],"max_hp_per_floor":[63,63,63,63,63,63,63,63,63,63,63,63,63,63,63,63,63,63,63,63,63,63,63,63,63,63,63,63,63,63,70,70,70,70,70,70,70,70,70,70,70,70,70,70,70,70,70,70,70,70],"relics":["Ring of the Snake","Bird Faced Urn","Bottled Tornado","Ginger","Ninja Scroll","Bag of Preparation","Ectoplasm","Art of War","Anchor","Mummified Hand","Strawberry","Astrolabe","The Specimen","Blood Vial","Vajra"],"card_choices":[{"not_picked":["Prepared","Terror"],"picked":"Slice","floor":1},{"not_picked":["Underhanded Strike","Endless Agony"],"picked":"Backstab","floor":2},{"not_picked":["Sucker Punch","Infinite Blades"],"picked":"Cloak And Dagger","floor":5},{"not_picked":["Flying Knee","Calculated Gamble"],"picked":"Skewer","floor":6},{"not_picked":["Reflex","Poisoned Stab"],"picked":"Slice","floor":8},{"not_picked":["Distraction","Dagger Throw"],"picked":"Caltrops","floor":10},{"not_picked":["Blade Dance","Bullet Time"],"picked":"Terror","floor":11},{"not_picked":["Dash","Blade Dance"],"picked":"Well Laid Plans","floor":12},{"not_picked":["Dagger Throw","Terror"],"picked":"Noxious Fumes","floor":13},{"not_picked":["Dagger Throw","Prepared"],"picked":"Deadly Poison","floor":14},{"not_picked":["Unload","Doppelganger"],"picked":"Tools of the Trade","floor":16},{"not_picked":["Expertise","Well Laid Plans"],"picked":"Masterful Stab","floor":18},{"not_picked":["Quick Slash","Reflex"],"picked":"Footwork","floor":20},{"not_picked":["Prepared+1","Quick Slash+1"],"picked":"Deflect","floor":21},{"not_picked":["Caltrops+1","Flechettes"],"picked":"Unload","floor":24},{"not_picked":["Slice","Prepared"],"picked":"Catalyst+1","floor":27},{"not_picked":["Flechettes","Sucker Punch+1","Slice"],"picked":"SKIP","floor":30},{"not_picked":["PiercingWail","Flying Knee+1","Infinite Blades"],"picked":"SKIP","floor":31},{"not_picked":["Venomology","Night Terror"],"picked":"Burst","floor":33},{"not_picked":["Underhanded Strike+1","Dagger Throw","Slice"],"picked":"SKIP","floor":35},{"not_picked":["Flying Knee","Infinite Blades+1","Bane"],"picked":"SKIP","floor":36},{"not_picked":["All Out Attack+1","Calculated Gamble"],"picked":"Backflip","floor":38},{"not_picked":["Flying Knee+1","Quick Slash"],"picked":"Blur","floor":41},{"not_picked":["Deadly Poison","Unload"],"picked":"Catalyst+1","floor":44},{"not_picked":["Quick Slash","Acrobatics"],"picked":"Dodge and Roll+1","floor":45},{"not_picked":["Dagger Spray+1","Slice"],"picked":"Backflip+1","floor":46},{"not_picked":["Footwork","Dagger Throw+1"],"picked":"Noxious Fumes+1","floor":48}],"player_experience":120097,"potions_floor_usage":[33,50,50],"damage_taken":[{"damage":0,"enemies":"Cultist","floor":1,"turns":4},{"damage":0,"enemies":"2 Louse","floor":2,"turns":3},{"damage":0,"enemies":"Small Slimes","floor":5,"turns":3},{"damage":10,"enemies":"3 Sentries","floor":6,"turns":8},{"damage":26,"enemies":"Lagavulin","floor":8,"turns":5},{"damage":0,"enemies":"3 Sentries","floor":10,"turns":6},{"damage":0,"enemies":"Exordium Wildlife","floor":11,"turns":2},{"damage":15,"enemies":"Lagavulin","floor":12,"turns":4},{"damage":0,"enemies":"2 Fungi Beasts","floor":13,"turns":2},{"damage":6,"enemies":"Blue Slaver","floor":14,"turns":2},{"damage":32,"enemies":"The Guardian","floor":16,"turns":8},{"damage":0,"enemies":"Chosen","floor":18,"turns":3},{"damage":10,"enemies":"Shell Parasite","floor":20,"turns":3},{"damage":0,"enemies":"Snecko","floor":21,"turns":5},{"damage":31,"enemies":"Gremlin Leader","floor":24,"turns":7},{"damage":20,"enemies":"Slavers","floor":27,"turns":5},{"damage":23,"enemies":"Cultist and Chosen","floor":30,"turns":5},{"damage":20,"enemies":"Gremlin Leader","floor":31,"turns":6},{"damage":22,"enemies":"Collector","floor":33,"turns":8},{"damage":30,"enemies":"3 Darklings","floor":35,"turns":4},{"damage":1,"enemies":"Orb Walker","floor":36,"turns":3},{"damage":11,"enemies":"Maw","floor":38,"turns":8},{"damage":58,"enemies":"2 Orb Walkers","floor":41,"turns":5},{"damage":12,"enemies":"Sphere and 2 Shapes","floor":44,"turns":4},{"damage":0,"enemies":"Giant Head","floor":45,"turns":7},{"damage":0,"enemies":"3 Darklings","floor":46,"turns":4},{"damage":0,"enemies":"4 Shapes","floor":48,"turns":3},{"damage":16,"enemies":"Donu and Deca","floor":50,"turns":8}],"relics_obtained":[{"floor":6,"key":"Bird Faced Urn"},{"floor":8,"key":"Bottled Tornado"},{"floor":9,"key":"Ginger"},{"floor":10,"key":"Ninja Scroll"},{"floor":12,"key":"Bag of Preparation"},{"floor":24,"key":"Art of War"},{"floor":26,"key":"Anchor"},{"floor":27,"key":"Mummified Hand"},{"floor":31,"key":"Strawberry"},{"floor":41,"key":"The Specimen"},{"floor":43,"key":"Blood Vial"},{"floor":45,"key":"Vajra"}],"event_choices":[{"event_name":"Match and Keep!","player_choice":"1 cards matched","floor":4,"damage_taken":0},{"event_name":"Beggar","player_choice":"Gave Gold","floor":22,"damage_taken":0},{"event_name":"Mysterious Sphere","player_choice":"Ignore","floor":37,"damage_taken":0}],"boss_relics":[{"not_picked":["Runic Dome","Orrery"],"picked":"Ectoplasm"},{"not_picked":["Calling Bell","Pandora\u0027s Box"],"picked":"Astrolabe"}],"items_purged_floors":[19],"potions_floor_spawned":[6,8,11,12,16,20,24,27,30,35,36,38,41],"seed_played":"4287855138002945087","ascension_level":1,"potions_obtained":[{"floor":6,"key":"Dexterity Potion"},{"floor":8,"key":"Ancient Potion"},{"floor":11,"key":"Strength Potion"},{"floor":35,"key":"Energy Potion"}],"is_trial":false}