{"gold_per_floor":[109,125,125,136,136,136,163,175,175,189,3,3,3,13,13,110,110,126,126,126,145,157,182,182,208,234,234,234,2,19,19,19,119,119,131,131,150,150,168,168,200,200,200,200,200],"floor_reached":45,"playtime":14105,"items_purged":[],"score":506,"play_id":"1928d5cb-158c-4715-a8a3-5dcdc425c6ab","local_time":"20180705000534","is_ascension_mode":false,"campfire_choices":[{"data":"Thunder Strike","floor":6,"key":"SMITH"},{"floor":12,"key":"REST"},{"data":"Chaos","floor":15,"key":"SMITH"},{"floor":24,"key":"REST"},{"floor":27,"key":"REST"},{"data":"Biased Cognition","floor":32,"key":"SMITH"},{"floor":40,"key":"REST"},{"floor":42,"key":"REST"}],"neow_cost":"","seed_source_timestamp":73538935392764,"circlet_count":0,"master_deck":["Strike_B+1","Strike_B+1","Strike_B+1","Defend_B+1","Defend_B+1","Zap+1","Chill","Thunder Strike+1","Rip and Tear","Loop","Chill","Blizzard","Capacitor","Chaos+1","Melter","Biased Cognition+1","Rip and Tear","Streamline+1","Reboot","Barrage+1","Streamline+1","Fission","Ball Lightning+1","Rainbow","Gash+1","Machine Learning+1","Buffer+1","Double Energy","Madness","Madness","Defragment+1","Steam+1","Steam","Apotheosis"],"relics":["Cracked Core","Question Card","Pantograph","Black Star","Shuriken","Gremlin Horn","Torii","Calipers","Blood Vial","Happy Flower","Astrolabe","Meat on the Bone","Darkstone Periapt","Bag of Marbles"],"potions_floor_usage":[16,23,25,33,41],"damage_taken":[{"damage":0,"enemies":"2 Louse","floor":1,"turns":2},{"damage":0,"enemies":"Small Slimes","floor":2,"turns":3},{"damage":4,"enemies":"Cultist","floor":4,"turns":3},{"damage":15,"enemies":"3 Sentries","floor":7,"turns":5},{"damage":8,"enemies":"Looter","floor":8,"turns":2},{"damage":0,"enemies":"Blue Slaver","floor":10,"turns":2},{"damage":6,"enemies":"Exordium Wildlife","floor":14,"turns":2},{"damage":31,"enemies":"The Guardian","floor":16,"turns":10},{"damage":1,"enemies":"Chosen","floor":18,"turns":4},{"damage":16,"enemies":"2 Thieves","floor":21,"turns":4},{"damage":23,"enemies":"Centurion and Healer","floor":22,"turns":6},{"damage":12,"enemies":"Book of Stabbing","floor":23,"turns":7},{"damage":38,"enemies":"Gremlin Leader","floor":25,"turns":9},{"damage":8,"enemies":"Snake Plant","floor":30,"turns":3},{"damage":38,"enemies":"Automaton","floor":33,"turns":7},{"damage":8,"enemies":"3 Darklings","floor":35,"turns":5},{"damage":21,"enemies":"3 Shapes","floor":37,"turns":5},{"damage":30,"enemies":"Maw","floor":39,"turns":8},{"damage":27,"enemies":"2 Orb Walkers","floor":41,"turns":6},{"damage":61,"enemies":"Giant Head","floor":45,"turns":7}],"seed_played":"8549697756332419293","potions_obtained":[{"floor":4,"key":"SkillPotion"},{"floor":16,"key":"EssenceOfSteel"},{"floor":23,"key":"SkillPotion"},{"floor":30,"key":"FocusPotion"},{"floor":33,"key":"Ancient Potion"}],"is_trial":false,"path_per_floor":["M","M","?","M","?","R","E","M","T","M","$","R","$","M","R","B",null,"M","?","?","M","M","E","R","E","T","R","?","$","M","$","R","B",null,"M","?","M","?","M","R","E","R","T","?"],"character_chosen":"DEFECT","items_purchased":["Capacitor","Chaos","Melter","Fission","Happy Flower"],"campfire_rested":5,"item_purchase_floors":[11,11,11,29,29],"current_hp_per_floor":[75,75,80,76,60,60,45,37,37,37,37,61,61,55,55,49,80,79,79,79,63,40,28,52,14,14,38,90,90,82,82,82,52,90,82,71,52,52,24,51,26,53,53,53,0],"gold":200,"neow_bonus":"","is_prod":false,"is_daily":false,"chose_seed":false,"campfire_upgraded":3,"win_rate":0.0,"timestamp":1530763534,"path_taken":["M","M","?","M","?","R","E","M","T","M","$","R","?","?","R","BOSS","M","?","?","M","M","E","R","E","T","R","?","?","M","$","R","BOSS","M","?","M","?","M","R","E","R","T","?","E"],"build_version":"2018-06-28","purchased_purges":0,"victory":false,"max_hp_per_floor":[75,75,80,80,80,80,80,80,80,80,80,80,80,80,80,80,80,80,80,80,80,80,80,80,80,80,80,90,90,90,90,90,90,90,90,90,90,90,90,90,90,90,90,90,90],"card_choices":[{"not_picked":["Coolheaded","Steam"],"picked":"Chill","floor":1},{"not_picked":["Stack","Compile Driver"],"picked":"Thunder Strike","floor":2},{"not_picked":["Compile Driver","Ball Lightning"],"picked":"Rip and Tear","floor":4},{"not_picked":["Gash","Force Field"],"picked":"Loop","floor":7},{"not_picked":["Hologram","Redo","Streamline"],"picked":"Chill","floor":8},{"not_picked":["Coolheaded","Hologram","Skim"],"picked":"Blizzard","floor":10},{"not_picked":["Compile Driver","Self Repair","Sweeping Beam"],"picked":"Amplify","floor":14},{"not_picked":["Thunder Strike","Buffer","Creative AI"],"picked":"Biased Cognition","floor":16},{"not_picked":["Loop","Consume","Stack"],"picked":"Rip and Tear","floor":18},{"not_picked":["Stack","Gash","Hologram+1"],"picked":"Streamline+1","floor":21},{"not_picked":["Static Discharge","Barrage","Compile Driver"],"picked":"Reboot","floor":22},{"not_picked":["Beam Cell","Go for the Eyes+1","Genetic Algorithm"],"picked":"Barrage+1","floor":23},{"not_picked":["Amplify","Gash+1","Barrage"],"picked":"Streamline+1","floor":25},{"not_picked":["Hello World","Gash","Scrape+1"],"picked":"Ball Lightning+1","floor":30},{"not_picked":["Fission","Multi-Cast","Buffer"],"picked":"Rainbow","floor":33},{"not_picked":["Cold Snap","Steam Power+1","Compile Driver+1"],"picked":"Double Energy","floor":35},{"not_picked":["Auto Shields+1","White Noise+1","Rip and Tear"],"picked":"Defragment+1","floor":37},{"not_picked":["Reinforced Body","Compile Driver","Steam Power+1"],"picked":"Steam+1","floor":39},{"not_picked":["Go for the Eyes","Fission","Machine Learning"],"picked":"Steam","floor":41},{"not_picked":["Finesse","Secret Technique","Secret Weapon"],"picked":"Apotheosis","floor":44}],"player_experience":58493,"relics_obtained":[{"floor":7,"key":"Question Card"},{"floor":9,"key":"Pantograph"},{"floor":23,"key":"Shuriken"},{"floor":23,"key":"Gremlin Horn"},{"floor":25,"key":"Torii"},{"floor":25,"key":"Calipers"},{"floor":26,"key":"Blood Vial"},{"floor":41,"key":"Meat on the Bone"},{"floor":41,"key":"Darkstone Periapt"},{"floor":43,"key":"Bag of Marbles"}],"event_choices":[{"event_name":"Big Fish","player_choice":"Donut","floor":3,"damage_taken":0},{"event_name":"Shining Light","player_choice":"Entered Light","floor":5,"damage_taken":0},{"event_name":"Beggar","player_choice":"Ignored","floor":19,"damage_taken":0},{"event_name":"Back to Basics","player_choice":"Simplicity","floor":20,"damage_taken":0},{"event_name":"Bonfire Elementals","player_choice":"RARE","floor":28,"damage_taken":0},{"event_name":"Winding Halls","player_choice":"Embrace Madness","floor":36,"damage_taken":0},{"event_name":"Falling","player_choice":"Removed Skill","floor":38,"damage_taken":0},{"event_name":"SensoryStone","player_choice":"Memory 1","floor":44,"damage_taken":0}],"boss_relics":[{"not_picked":["Runic Dome","Velvet Choker"],"picked":"Black Star"},{"not_picked":["Busted Crown","Empty Cage"],"picked":"Astrolabe"}],"items_purged_floors":[],"is_endless":false,"potions_floor_spawned":[4,16,23,30,33],"killed_by":"Giant Head","ascension_level":0}