{"gold_per_floor":[117,42,52,63,73,106,106,118,118,118,130,130,95,127,127,226,226,239,439,455,478,178,203,203,235,235,235,235],"floor_reached":28,"playtime":2987,"items_purged":["Normality","Strike_R"],"score":399,"play_id":"84f2e066-4cf7-460d-9a0c-94532ab03ddf","local_time":"20190218224803","is_ascension_mode":true,"campfire_choices":[{"floor":7,"key":"REST"},{"floor":10,"key":"REST"},{"floor":12,"key":"REST"},{"floor":15,"key":"REST"},{"floor":24,"key":"REST"}],"neow_cost":"CURSE","seed_source_timestamp":279056309249099,"circlet_count":0,"master_deck":["AscendersBane","Strike_R","Strike_R","Strike_R+1","Strike_R","Defend_R","Defend_R","Defend_R","Defend_R","Bash","Demon Form","Evolve","Armaments+1","Shockwave","Offering","Havoc","Immolate+1","Wild Strike+1","Armaments","Armaments","Battle Trance"],"special_seed":0,"relics":["Burning Blood","Boot","Singing Bowl","Matryoshka","Mark of Pain","Anchor","Red Skull","Strawberry","Bottled Lightning","Whetstone","Lantern","Champion Belt"],"potions_floor_usage":[5,23,23],"damage_taken":[{"damage":3.0,"enemies":"Small Slimes","floor":1.0,"turns":5.0},{"damage":1.0,"enemies":"Cultist","floor":3.0,"turns":4.0},{"damage":7.0,"enemies":"2 Louse","floor":4.0,"turns":5.0},{"damage":24,"enemies":"Lots of Slimes","floor":5,"turns":5},{"damage":46,"enemies":"3 Sentries","floor":6,"turns":8},{"damage":23,"enemies":"3 Louse","floor":8,"turns":5},{"damage":25,"enemies":"Large Slime","floor":11,"turns":7},{"damage":42,"enemies":"Gremlin Nob","floor":14,"turns":5},{"damage":55,"enemies":"Hexaghost","floor":16,"turns":10},{"damage":18,"enemies":"Chosen","floor":18,"turns":3},{"damage":31,"enemies":"2 Thieves","floor":20,"turns":4},{"damage":31,"enemies":"Book of Stabbing","floor":23,"turns":7},{"damage":29,"enemies":"Gremlin Leader","floor":25,"turns":6},{"damage":19,"enemies":"Chosen and Byrds","floor":28,"turns":4}],"seed_played":"-7734525198486358061","potions_obtained":[{"floor":4.0,"key":"PowerPotion"},{"floor":5,"key":"LiquidBronze"},{"floor":6,"key":"Dexterity Potion"},{"floor":11,"key":"Weak Potion"},{"floor":23,"key":"SteroidPotion"}],"is_trial":false,"path_per_floor":["M","$","M","M","M","E","R","M","T","R","M","R","?","E","R","B",null,"M","?","M","T","$","E","R","E","T","?","M"],"character_chosen":"IRONCLAD","items_purchased":["Strawberry","Armaments"],"campfire_rested":5,"item_purchase_floors":[22,22],"current_hp_per_floor":[75,75,80,79,61,21,45,28,28,52,35,59,79,45,70,21,68,56,56,31,31,38,15,42,19,19,19,0],"gold":235,"neow_bonus":"THREE_RARE_CARDS","is_prod":false,"is_daily":false,"chose_seed":false,"campfire_upgraded":0,"win_rate":0,"timestamp":1550548083,"path_taken":["M","$","M","M","M","E","R","M","T","R","M","R","?","E","R","BOSS","M","?","?","?","$","E","R","E","T","?","M"],"build_version":"2019-01-23","purchased_purges":2,"victory":false,"max_hp_per_floor":[80,80,80,80,80,80,80,80,80,80,82,82,82,84,84,84,84,84,84,84,84,91,93,93,93,93,93,93],"card_choices":[{"not_picked":["Double Tap","Fiend Fire"],"picked":"Demon Form","floor":0.0},{"not_picked":["Searing Blow","Sword Boomerang"],"picked":"Evolve","floor":1.0},{"not_picked":["Burning Pact","Headbutt"],"picked":"Armaments","floor":3.0},{"not_picked":["Flex","Twin Strike"],"picked":"Shockwave","floor":4.0},{"not_picked":["Perfected Strike","Second Wind"],"picked":"Offering","floor":5},{"not_picked":["Seeing Red","Rupture"],"picked":"Havoc","floor":6},{"not_picked":["Anger","Headbutt","Twin Strike"],"picked":"SKIP","floor":8},{"not_picked":["Iron Wave","Body Slam","Flex"],"picked":"Singing Bowl","floor":11},{"not_picked":["Second Wind","Twin Strike","Thunderclap"],"picked":"Singing Bowl","floor":14},{"not_picked":["Double Tap","Exhume"],"picked":"Immolate","floor":16},{"not_picked":["Power Through","Rupture"],"picked":"Wild Strike+1","floor":18},{"not_picked":["Sever Soul","Sword Boomerang+1"],"picked":"Armaments","floor":20},{"not_picked":["Thunderclap","Offering","Sword Boomerang+1"],"picked":"Singing Bowl","floor":23},{"not_picked":["Headbutt+1","Armaments"],"picked":"Battle Trance","floor":25}],"player_experience":902154,"relics_obtained":[{"floor":6,"key":"Boot"},{"floor":9,"key":"Singing Bowl"},{"floor":14,"key":"Matryoshka"},{"floor":21,"key":"Anchor"},{"floor":21,"key":"Red Skull"},{"floor":23,"key":"Bottled Lightning"},{"floor":25,"key":"Whetstone"},{"floor":26,"key":"Lantern"},{"floor":26,"key":"Champion Belt"}],"event_choices":[{"damage_healed":20,"gold_gain":0,"player_choice":"Healed","damage_taken":0,"max_hp_gain":0,"max_hp_loss":0,"event_name":"The Cleric","floor":13,"gold_loss":35},{"damage_healed":0,"gold_gain":200,"player_choice":"Gold","damage_taken":0,"max_hp_gain":0,"max_hp_loss":0,"event_name":"Wheel of Change","floor":19,"gold_loss":0},{"damage_healed":0,"gold_gain":0,"player_choice":"Forge","damage_taken":0,"max_hp_gain":0,"max_hp_loss":0,"event_name":"Accursed Blacksmith","floor":27,"gold_loss":0,"cards_upgraded":["Armaments"]}],"is_beta":false,"boss_relics":[{"not_picked":["Black Blood","Coffee Dripper"],"picked":"Mark of Pain"}],"items_purged_floors":[2,22],"is_endless":false,"potions_floor_spawned":[4,5,6,11,14,20,23],"killed_by":"Chosen and Byrds","ascension_level":10}