{"gold_per_floor":[112,125,143,158,18,18,32,59,59,79,79,92,92,102,102,206,256,274,261,3,20,20,20,20],"floor_reached":24,"playtime":1183,"items_purged":[],"score":300,"play_id":"a6ac4450-8ee7-45ac-be44-b1d5d55b0749","local_time":"20190221233534","is_ascension_mode":true,"campfire_choices":[{"data":"Perfected Strike","floor":6,"key":"SMITH"},{"floor":13,"key":"REST"},{"data":"Armaments","floor":15,"key":"SMITH"},{"floor":23,"key":"REST"}],"neow_cost":"NONE","seed_source_timestamp":31790649045067,"circlet_count":0,"master_deck":["AscendersBane","Strike_R","Strike_R","Strike_R","Strike_R","Strike_R","Defend_R","Defend_R","Defend_R","Defend_R","Bash","Metallicize","Seeing Red","Headbutt+1","Armaments+1","Perfected Strike+1","Deep Breath","Metallicize","Offering","Pommel Strike","Pommel Strike","Feed","Headbutt","Iron Wave+1","Pommel Strike"],"relics":["Burning Blood","NeowsBlessing","Frozen Egg 2","Bottled Lightning","Odd Mushroom","Tiny House","Mummified Hand"],"potions_floor_usage":[8,16,21,24],"damage_taken":[{"damage":0,"enemies":"Small Slimes","floor":1,"turns":1},{"damage":0,"enemies":"Jaw Worm","floor":2,"turns":1},{"damage":0,"enemies":"2 Louse","floor":3,"turns":1},{"damage":18,"enemies":"Red Slaver","floor":4,"turns":6},{"damage":23,"enemies":"Exordium Wildlife","floor":7,"turns":7},{"damage":23,"enemies":"Gremlin Nob","floor":8,"turns":4},{"damage":15,"enemies":"The Mushroom Lair","floor":10,"turns":4},{"damage":6,"enemies":"Large Slime","floor":12,"turns":5},{"damage":3,"enemies":"Looter","floor":14,"turns":4},{"damage":10,"enemies":"The Guardian","floor":16,"turns":13},{"damage":12,"enemies":"Shell Parasite","floor":18,"turns":8},{"damage":16,"enemies":"2 Thieves","floor":19,"turns":4},{"damage":28,"enemies":"Shelled Parasite and Fungi","floor":21,"turns":5},{"damage":76,"enemies":"Gremlin Leader","floor":24,"turns":7}],"seed_played":"-4523755511496474089","potions_obtained":[{"floor":1,"key":"Weak Potion"},{"floor":2,"key":"SkillPotion"},{"floor":4,"key":"Fire Potion"},{"floor":17,"key":"Explosive Potion"}],"is_trial":false,"path_per_floor":["M","M","M","M","$","R","M","E","T","?","?","M","R","M","R","B",null,"M","M","$","M","?","R","E"],"character_chosen":"IRONCLAD","items_purchased":["Perfected Strike","Deep Breath","Mummified Hand"],"campfire_rested":2,"item_purchase_floors":[5,5,20],"current_hp_per_floor":[78,80,80,68,68,68,51,34,34,25,25,25,49,52,52,48,77,71,61,61,39,39,64,0],"gold":20,"neow_bonus":"THREE_ENEMY_KILL","is_prod":false,"is_daily":false,"chose_seed":false,"campfire_upgraded":2,"win_rate":0,"timestamp":1550810134,"path_taken":["M","M","M","M","$","R","M","E","T","?","?","M","R","M","R","BOSS","M","M","$","M","?","R","E"],"build_version":"2019-01-23","purchased_purges":0,"victory":false,"max_hp_per_floor":[80,80,80,80,80,80,80,80,80,80,80,80,80,80,80,80,85,85,85,85,85,85,85,85],"card_choices":[{"not_picked":["Armaments","Pommel Strike"],"picked":"Metallicize","floor":1},{"not_picked":["Shrug It Off","Iron Wave"],"picked":"Seeing Red","floor":2},{"not_picked":["Pommel Strike","Blood for Blood"],"picked":"Headbutt","floor":3},{"not_picked":["Corruption","Perfected Strike"],"picked":"Armaments","floor":4},{"not_picked":["Body Slam","Dual Wield"],"picked":"Metallicize","floor":7},{"not_picked":["Perfected Strike","Feel No Pain"],"picked":"Offering","floor":8},{"not_picked":["True Grit","Second Wind"],"picked":"Pommel Strike","floor":10},{"not_picked":["Flex","Headbutt","Heavy Blade"],"picked":"SKIP","floor":12},{"not_picked":["Clash","Demon Form+1"],"picked":"Pommel Strike","floor":14},{"not_picked":["Juggernaut+1","Dark Embrace+1"],"picked":"Feed","floor":16},{"not_picked":["Spot Weakness","Uppercut"],"picked":"Headbutt","floor":17},{"not_picked":["Armaments","Clothesline"],"picked":"Iron Wave+1","floor":18},{"not_picked":["Twin Strike","Anger"],"picked":"Pommel Strike","floor":19},{"not_picked":["Headbutt","Power Through","Whirlwind"],"picked":"SKIP","floor":21}],"player_experience":336306,"relics_obtained":[{"floor":8,"key":"Frozen Egg 2"},{"floor":9,"key":"Bottled Lightning"},{"floor":10,"key":"Odd Mushroom"}],"event_choices":[{"damage_healed":0,"gold_gain":0,"player_choice":"Fought Mushrooms","damage_taken":0,"max_hp_gain":0,"max_hp_loss":0,"event_name":"Mushrooms","floor":10,"gold_loss":0},{"damage_healed":0,"gold_gain":0,"player_choice":"Ignored","damage_taken":0,"max_hp_gain":0,"max_hp_loss":0,"event_name":"Golden Idol","floor":11,"gold_loss":0},{"damage_healed":0,"gold_gain":0,"player_choice":"Ignored","damage_taken":0,"max_hp_gain":0,"max_hp_loss":0,"event_name":"Vampires","floor":22,"gold_loss":0}],"is_beta":false,"boss_relics":[{"not_picked":["Ectoplasm","Calling Bell"],"picked":"Tiny House"}],"items_purged_floors":[],"is_endless":false,"potions_floor_spawned":[1,2,4,7],"killed_by":"Gremlin Leader","ascension_level":10}