{"gold_per_floor":[13,33,49,49,61,61,90,90,90,125,38,38,50,50,50,127,127,139,8,24,24],"floor_reached":21,"playtime":621,"items_purged":[],"score":350,"play_id":"a5a7e23d-fdc4-41a9-ace0-5315cbf3e3d1","local_time":"20190508025355","is_ascension_mode":true,"campfire_choices":[{"data":"Bash","floor":6,"key":"SMITH"},{"data":"Combust","floor":8,"key":"SMITH"},{"floor":12,"key":"REST"},{"data":"Thunderclap","floor":15,"key":"SMITH"}],"neow_cost":"NO_GOLD","seed_source_timestamp":336787873825100,"circlet_count":0,"master_deck":["AscendersBane","Strike_R","Strike_R","Strike_R","Strike_R","Strike_R","Defend_R","Defend_R","Defend_R","Defend_R","Bash+1","Sword Boomerang","Dropkick","Thunderclap+1","Combust+1","Intimidate","Carnage+1","Immolate+1","Clothesline+1","Rupture","Whirlwind+1"],"relics":["Burning Blood","Darkstone Periapt","Molten Egg 2","Bottled Lightning","White Beast Statue"],"potions_floor_usage":[7,16,20,21],"damage_taken":[{"damage":13,"enemies":"Small Slimes","floor":1,"turns":6},{"damage":1,"enemies":"2 Louse","floor":2,"turns":3},{"damage":2,"enemies":"Jaw Worm","floor":3,"turns":3},{"damage":21,"enemies":"Blue Slaver","floor":5,"turns":3},{"damage":17,"enemies":"Lagavulin","floor":7,"turns":5},{"damage":48,"enemies":"Gremlin Nob","floor":10,"turns":5},{"damage":10,"enemies":"2 Fungi Beasts","floor":13,"turns":3},{"damage":31,"enemies":"Slime Boss","floor":16,"turns":5},{"damage":40,"enemies":"Shell Parasite","floor":18,"turns":4},{"damage":30,"enemies":"Spheric Guardian","floor":20,"turns":4},{"damage":18,"enemies":"Cultist and Chosen","floor":21,"turns":3}],"seed_played":"-8267012205673990417","potions_obtained":[{"floor":1,"key":"Block Potion"},{"floor":10,"key":"Fire Potion"},{"floor":18,"key":"PowerPotion"},{"floor":20,"key":"Dexterity Potion"}],"is_trial":false,"path_per_floor":["M","M","M","?","M","R","E","R","T","E","$","R","M","?","R","B",null,"M","$","M","M"],"character_chosen":"IRONCLAD","items_purchased":["Carnage+1","Rupture","Whirlwind+1"],"campfire_rested":1,"item_purchase_floors":[11,19,19],"current_hp_per_floor":[75,80,84,84,69,69,58,58,58,16,16,42,38,38,38,13,70,36,36,12,0],"gold":24,"neow_bonus":"TWENTY_PERCENT_HP_BONUS","is_prod":false,"is_daily":false,"chose_seed":false,"campfire_upgraded":3,"win_rate":0,"timestamp":1557298435,"path_taken":["M","M","M","?","M","R","E","R","T","E","$","R","M","?","R","BOSS","M","$","M","M"],"build_version":"2019-01-23","purchased_purges":0,"victory":false,"max_hp_per_floor":[89,89,89,89,89,89,89,89,89,89,89,89,89,89,89,89,89,89,89,89,89],"card_choices":[{"not_picked":["Burning Pact","Headbutt"],"picked":"Sword Boomerang","floor":1},{"not_picked":["Body Slam","Second Wind"],"picked":"Dropkick","floor":2},{"not_picked":["Havoc","Body Slam"],"picked":"Thunderclap","floor":3},{"not_picked":["Clothesline","Blood for Blood"],"picked":"Combust","floor":5},{"not_picked":["Warcry","Burning Pact","Wild Strike"],"picked":"SKIP","floor":7},{"not_picked":["Wild Strike+1","Clash+1"],"picked":"Intimidate","floor":10},{"not_picked":["Power Through","Rampage+1","Uppercut+1"],"picked":"SKIP","floor":13},{"not_picked":["Barricade","Limit Break"],"picked":"Immolate+1","floor":16},{"not_picked":["Armaments","Iron Wave+1"],"picked":"Clothesline+1","floor":18},{"not_picked":["Warcry","Rage","Clothesline+1"],"picked":"SKIP","floor":20}],"player_experience":429559,"relics_obtained":[{"floor":7,"key":"Darkstone Periapt"},{"floor":9,"key":"Molten Egg 2"},{"floor":10,"key":"Bottled Lightning"}],"event_choices":[{"damage_healed":0,"gold_gain":0,"player_choice":"Leave","damage_taken":0,"max_hp_gain":0,"max_hp_loss":0,"event_name":"The Cleric","floor":4,"gold_loss":0},{"damage_healed":0,"gold_gain":0,"player_choice":"Ignored","damage_taken":0,"max_hp_gain":0,"max_hp_loss":0,"event_name":"Liars Game","floor":14,"gold_loss":0}],"is_beta":false,"boss_relics":[{"not_picked":["Black Star","Lizard Tail"],"picked":"White Beast Statue"}],"items_purged_floors":[],"is_endless":false,"potions_floor_spawned":[1,10,18,20],"killed_by":"Cultist and Chosen","ascension_level":17}