{"path_per_floor":["M","M","$","M","M","R","M","M","T","R","M","E","R","E","R","B",null,"M","?","$","?","M","R","E","R","T","R","?","E","$","?","R","B",null,"M","?","$","M","?","E","$","M","T","R","M","M","$","M","R","B"],"character_chosen":"IRONCLAD","items_purchased":["Inflame","Spot Weakness","Mango","Lantern","True Grit","Ancient Tea Set","Regal Pillow","Bag of Marbles","Disarm","Shrug It Off","Bottled Flame"],"gold_per_floor":[116,136,24,41,54,54,74,84,108,108,127,162,162,188,188,283,283,297,297,8,8,24,24,50,50,50,50,50,83,83,83,83,188,188,201,1200,624,644,644,708,96,108,108,108,118,135,10,30,30,30],"floor_reached":51,"campfire_rested":1,"playtime":2951,"item_purchase_floors":[3,3,20,37,37,37,37,41,41,41,41],"current_hp_per_floor":[87,88,88,88,88,88,83,82,82,82,74,61,61,58,58,54,90,89,89,103,103,82,82,66,66,66,66,66,48,48,48,48,14,108,93,93,93,84,84,36,36,34,34,34,37,45,45,37,87,55],"items_purged":["Normality","Normality","Anger"],"gold":30,"score":940,"play_id":"bb6b61fe-c895-4d63-874e-d49e2191aa77","local_time":"20180609235955","is_prod":false,"is_daily":false,"chose_seed":false,"is_ascension_mode":true,"campfire_upgraded":8,"win_rate":0,"timestamp":1528559995,"campfire_choices":[{"data":"Inflame","floor":6,"key":"SMITH"},{"data":"Disarm","floor":10,"key":"SMITH"},{"data":"Clothesline","floor":13,"key":"SMITH"},{"data":"Shockwave","floor":15,"key":"SMITH"},{"data":"Inflame","floor":23,"key":"SMITH"},{"data":"Warcry","floor":25,"key":"SMITH"},{"data":"Spot Weakness","floor":27,"key":"SMITH"},{"data":"1","floor":32,"key":"LIFT"},{"data":"Limit Break","floor":44,"key":"SMITH"},{"floor":49,"key":"REST"}],"path_taken":["M","M","$","M","M","R","M","M","T","R","M","E","R","E","R","BOSS","M","?","$","?","?","R","E","R","T","R","?","E","?","?","R","BOSS","M","?","$","M","?","E","?","?","T","R","M","M","?","M","R","BOSS"],"build_version":"2018-06-07v3","seed_source_timestamp":1852030629375863,"purchased_purges":3,"victory":true,"master_deck":["Strike_R+1","Strike_R+1","Strike_R+1","Strike_R+1","Strike_R+1","Defend_R+1","Defend_R+1","Defend_R+1","Defend_R+1","Bash","Clothesline+1","Shrug It Off","Inflame+1","Spot Weakness+1","Juggernaut+1","Disarm+1","Twin Strike","Shrug It Off","Shockwave+1","Immolate+1","Inflame+1","Warcry+1","Limit Break+1","True Grit","True Grit+1","Disarm","Shrug It Off","Offering"],"max_hp_per_floor":[88,88,88,88,88,88,88,88,88,88,90,90,90,90,90,90,90,90,90,104,104,106,106,106,106,106,106,106,108,108,108,108,108,108,110,110,110,112,112,112,112,112,112,112,114,116,116,118,118,118],"relics":["Burning Blood","Singing Bowl","Molten Egg 2","War Paint","Sozu","Mango","Happy Flower","Matryoshka","Girya","Runic Pyramid","Lantern","Ancient Tea Set","Regal Pillow","Tiny Chest","Bag of Marbles","Bottled Flame","Oddly Smooth Stone","Shuriken"],"card_choices":[{"not_picked":["Whirlwind","Armaments"],"picked":"Clothesline","floor":1},{"not_picked":["Rupture","Combust"],"picked":"Shrug It Off","floor":2},{"not_picked":["Bloodletting","Pommel Strike"],"picked":"Anger","floor":4},{"not_picked":["Anger","True Grit"],"picked":"Juggernaut","floor":5},{"not_picked":["Inflame","Corruption"],"picked":"Disarm","floor":7},{"not_picked":["Blood for Blood","Havoc"],"picked":"Twin Strike","floor":8},{"not_picked":["Armaments","Rupture","Clash"],"picked":"Singing Bowl","floor":11},{"not_picked":["Body Slam","Iron Wave"],"picked":"Shrug It Off","floor":12},{"not_picked":["Searing Blow+1","Headbutt+1"],"picked":"Shockwave","floor":14},{"not_picked":["Limit Break","Fiend Fire+1"],"picked":"Immolate+1","floor":16},{"not_picked":["Anger+1","Perfected Strike+1"],"picked":"Inflame","floor":18},{"not_picked":["Cleave+1","Heavy Blade+1","Body Slam+1"],"picked":"Singing Bowl","floor":22},{"not_picked":["Fiend Fire+1","Havoc+1"],"picked":"Warcry","floor":24},{"not_picked":["Dual Wield+1","Dropkick+1","Headbutt+1"],"picked":"Singing Bowl","floor":29},{"not_picked":["Brutality","Juggernaut"],"picked":"Limit Break","floor":33},{"not_picked":["Perfected Strike+1","Uppercut+1","Rage"],"picked":"Singing Bowl","floor":35},{"not_picked":["Twin Strike+1","Headbutt+1","Warcry"],"picked":"Singing Bowl","floor":38},{"not_picked":["Pummel+1","Pommel Strike+1"],"picked":"True Grit+1","floor":40},{"not_picked":["Spot Weakness","Shrug It Off"],"picked":"Offering","floor":42},{"not_picked":["Pommel Strike+1","Pummel+1","Cleave+1"],"picked":"Singing Bowl","floor":45},{"not_picked":["Entrench+1","Anger+1","Headbutt+1"],"picked":"Singing Bowl","floor":46},{"not_picked":["Whirlwind+1","Shrug It Off","Warcry"],"picked":"Singing Bowl","floor":48}],"player_experience":107097,"potions_floor_usage":[16,35,50],"damage_taken":[{"damage":7,"enemies":"2 Louse","floor":1,"turns":4},{"damage":2,"enemies":"Jaw Worm","floor":2,"turns":5},{"damage":2,"enemies":"Cultist","floor":4,"turns":4},{"damage":3,"enemies":"Blue Slaver","floor":5,"turns":4},{"damage":11,"enemies":"Exordium Wildlife","floor":7,"turns":4},{"damage":7,"enemies":"Large Slime","floor":8,"turns":5},{"damage":16,"enemies":"Blue Slaver","floor":11,"turns":5},{"damage":19,"enemies":"Gremlin Nob","floor":12,"turns":4},{"damage":9,"enemies":"Lagavulin","floor":14,"turns":7},{"damage":10,"enemies":"Hexaghost","floor":16,"turns":9},{"damage":7,"enemies":"Chosen","floor":18,"turns":4},{"damage":29,"enemies":"2 Thieves","floor":22,"turns":4},{"damage":22,"enemies":"Slavers","floor":24,"turns":5},{"damage":26,"enemies":"Gremlin Leader","floor":29,"turns":5},{"damage":40,"enemies":"Collector","floor":33,"turns":8},{"damage":23,"enemies":"3 Shapes","floor":35,"turns":4},{"damage":17,"enemies":"3 Darklings","floor":38,"turns":2},{"damage":54,"enemies":"2 Orb Walkers","floor":40,"turns":5},{"damage":8,"enemies":"4 Shapes","floor":42,"turns":1},{"damage":5,"enemies":"Sphere and 2 Shapes","floor":45,"turns":3},{"damage":0,"enemies":"3 Darklings","floor":46,"turns":1},{"damage":16,"enemies":"Maw","floor":48,"turns":7},{"damage":38,"enemies":"Time Eater","floor":50,"turns":9}],"relics_obtained":[{"floor":9,"key":"Singing Bowl"},{"floor":12,"key":"Molten Egg 2"},{"floor":14,"key":"War Paint"},{"floor":24,"key":"Happy Flower"},{"floor":26,"key":"Matryoshka"},{"floor":29,"key":"Girya"},{"floor":40,"key":"Tiny Chest"},{"floor":43,"key":"Oddly Smooth Stone"},{"floor":43,"key":"Shuriken"}],"event_choices":[{"event_name":"Back to Basics","player_choice":"Simplicity","floor":19,"damage_taken":0},{"event_name":"Addict","player_choice":"Ignored","floor":21,"damage_taken":0},{"event_name":"Beggar","player_choice":"Ignored","floor":28,"damage_taken":0},{"event_name":"Upgrade Shrine","player_choice":"Upgraded","floor":31,"damage_taken":0},{"event_name":"MindBloom","player_choice":"Gold","floor":36,"damage_taken":0},{"event_name":"SecretPortal","player_choice":"Rejected Portal.","floor":39,"damage_taken":0}],"boss_relics":[{"not_picked":["Snecko Eye","Ectoplasm"],"picked":"Sozu"},{"not_picked":["Orrery","Black Star"],"picked":"Runic Pyramid"}],"items_purged_floors":[37,41,47],"potions_floor_spawned":[2,4,7,11,18,33,38,42,45],"seed_played":"-5562782222002575226","ascension_level":4,"potions_obtained":[{"floor":2,"key":"PowerPotion"},{"floor":4,"key":"EntropicBrew"},{"floor":7,"key":"Fire Potion"},{"floor":11,"key":"Dexterity Potion"}],"is_trial":false}