{"gold_per_floor":[116,126,136,148,148,148,176,196,277,277,291,310,322,32,32,133,133,153,428,445,6,24,24,57,57,57,67,80,93,128,47,47,144,144,164,216,216,2,2,2,17,17,17,29,49,49,64,64,64,64],"floor_reached":51,"playtime":4477,"items_purged":["Regret","Regret"],"score":950,"play_id":"692062e9-e946-4848-a475-1fe748b28679","local_time":"20180914021238","is_ascension_mode":true,"campfire_choices":[{"floor":6,"key":"REST"},{"data":"Neutralize","floor":10,"key":"SMITH"},{"floor":15,"key":"REST"},{"floor":23,"key":"REST"},{"floor":25,"key":"REST"},{"floor":32,"key":"REST"},{"floor":40,"key":"REST"},{"floor":42,"key":"REST"},{"floor":46,"key":"REST"},{"floor":49,"key":"REST"}],"neow_cost":"PERCENT_DAMAGE","seed_source_timestamp":107522969749072,"circlet_count":0,"master_deck":["Defend_G","Defend_G","Defend_G","Defend_G","Defend_G","Strike_G","Strike_G","Strike_G","Strike_G","Survivor","Neutralize+1","Adrenaline","Dash","Predator","Deflect","Leg Sweep","Caltrops","Dagger Spray","Poisoned Stab","Backstab","Backflip","Noxious Fumes","Burst","All Out Attack","Terror","Blur","Infinite Blades","Deadly Poison+1","Deflect","Sucker Punch","Infinite Blades+1","Cloak And Dagger","Noxious Fumes","Die Die Die","Dodge and Roll","Dagger Throw+1","Apotheosis","Footwork","Madness","Madness","Blur","Caltrops","Backstab","PiercingWail+1"],"relics":["Ring of the Snake","Letter Opener","WingedGreaves","Mercury Hourglass","Regal Pillow","Fusion Hammer","Kunai","Centennial Puzzle","Pear","Bag of Preparation","Lizard Tail","Unceasing Top","Toxic Egg 2"],"potions_floor_usage":[7,16,24,30,30,33,36,41,45],"damage_taken":[{"damage":0,"enemies":"Cultist","floor":1,"turns":5},{"damage":0,"enemies":"Small Slimes","floor":2,"turns":2},{"damage":0,"enemies":"Jaw Worm","floor":3,"turns":2},{"damage":0,"enemies":"Gremlin Gang","floor":4,"turns":6},{"damage":15,"enemies":"3 Sentries","floor":7,"turns":10},{"damage":9,"enemies":"Exordium Wildlife","floor":8,"turns":7},{"damage":8,"enemies":"Red Slaver","floor":11,"turns":3},{"damage":2,"enemies":"2 Fungi Beasts","floor":12,"turns":2},{"damage":0,"enemies":"Lots of Slimes","floor":13,"turns":2},{"damage":21,"enemies":"Slime Boss","floor":16,"turns":10},{"damage":1,"enemies":"2 Thieves","floor":18,"turns":4},{"damage":4,"enemies":"Chosen","floor":20,"turns":4},{"damage":23,"enemies":"Sentry and Sphere","floor":22,"turns":5},{"damage":4,"enemies":"Gremlin Leader","floor":24,"turns":5},{"damage":9,"enemies":"Shelled Parasite and Fungi","floor":27,"turns":5},{"damage":5,"enemies":"Snake Plant","floor":28,"turns":4},{"damage":9,"enemies":"Centurion and Healer","floor":29,"turns":7},{"damage":22,"enemies":"Slavers","floor":30,"turns":4},{"damage":61,"enemies":"Automaton","floor":33,"turns":10},{"damage":1,"enemies":"Orb Walker","floor":35,"turns":3},{"damage":17,"enemies":"Mysterious Sphere","floor":36,"turns":5},{"damage":28,"enemies":"3 Darklings","floor":41,"turns":4},{"damage":18,"enemies":"4 Shapes","floor":44,"turns":3},{"damage":27,"enemies":"Transient","floor":45,"turns":5},{"damage":4,"enemies":"Reptomancer","floor":47,"turns":5},{"damage":83,"enemies":"Donu and Deca","floor":50,"turns":12}],"seed_played":"3355870042587692312","potions_obtained":[{"floor":1,"key":"Dexterity Potion"},{"floor":2,"key":"FearPotion"},{"floor":3,"key":"Regen Potion"},{"floor":16,"key":"SpeedPotion"},{"floor":22,"key":"Block Potion"},{"floor":27,"key":"Weak Potion"},{"floor":29,"key":"PowerPotion"},{"floor":35,"key":"SkillPotion"},{"floor":36,"key":"Dexterity Potion"},{"floor":41,"key":"Regen Potion"}],"is_trial":false,"path_per_floor":["M","M","M","M","?","R","E","M","T","R","M","M","M","$","R","B",null,"M","?","M","$","M","R","E","R","T","M","M","M","E","$","R","B",null,"M","?","?","$","?","R","M","R","T","M","M","R","M","?","R","B"],"character_chosen":"THE_SILENT","items_purchased":["Noxious Fumes","Regal Pillow","Blur","Kunai","Noxious Fumes","Apotheosis","Footwork"],"campfire_rested":9,"item_purchase_floors":[14,14,21,21,31,38,38],"current_hp_per_floor":[45,45,45,45,45,66,66,57,57,57,49,47,47,47,70,49,65,64,64,60,60,37,70,66,70,80,71,66,57,35,35,74,13,63,62,45,45,45,35,74,46,80,80,62,50,80,76,76,80,40],"gold":64,"neow_bonus":"THREE_RARE_CARDS","is_prod":false,"is_daily":false,"chose_seed":false,"campfire_upgraded":1,"win_rate":0,"timestamp":1536905558,"path_taken":["M","M","?","?","?","R","E","M","T","R","M","M","?","$","R","BOSS","M","?","M","$","M","R","E","R","T","?","M","M","E","$","R","BOSS","M","?","?","$","?","R","M","R","T","M","?","R","M","?","R","BOSS"],"build_version":"2018-09-06","purchased_purges":2,"victory":true,"max_hp_per_floor":[70,70,70,70,70,70,70,70,70,70,70,70,70,70,70,70,70,70,70,70,70,70,70,70,70,80,80,80,80,80,80,80,80,80,80,80,80,80,80,80,80,80,80,80,80,80,80,80,80,80],"card_choices":[{"not_picked":["Burst","Night Terror"],"picked":"Adrenaline","floor":0},{"not_picked":["Catalyst","Riddle With Holes"],"picked":"Dash","floor":1},{"not_picked":["Dagger Throw","Slice"],"picked":"Predator","floor":2},{"not_picked":["Eviscerate","Outmaneuver"],"picked":"Deflect","floor":3},{"not_picked":["Dagger Spray","Slice"],"picked":"Leg Sweep","floor":4},{"not_picked":["Concentrate","Deadly Poison"],"picked":"Caltrops","floor":7},{"not_picked":["Deadly Poison","Reflex"],"picked":"Dagger Spray","floor":8},{"not_picked":["Distraction","Prepared"],"picked":"Poisoned Stab","floor":11},{"not_picked":["Outmaneuver","All Out Attack"],"picked":"Backstab","floor":12},{"not_picked":["Deflect","Dodge and Roll"],"picked":"Backflip","floor":13},{"not_picked":["Tools of the Trade","Phantasmal Killer"],"picked":"Burst","floor":16},{"not_picked":["Predator","Underhanded Strike"],"picked":"All Out Attack","floor":18},{"not_picked":["Setup","Concentrate"],"picked":"Terror","floor":20},{"not_picked":["Choke","Heel Hook"],"picked":"Infinite Blades","floor":22},{"not_picked":["Slice","Prepared"],"picked":"Deadly Poison+1","floor":24},{"not_picked":["Flying Knee+1","Deadly Poison+1"],"picked":"Deflect","floor":27},{"not_picked":["Flechettes","Dagger Spray"],"picked":"Sucker Punch","floor":28},{"not_picked":["Masterful Stab","Blade Dance"],"picked":"Infinite Blades+1","floor":29},{"not_picked":["Accuracy","Slice"],"picked":"Cloak And Dagger","floor":30},{"not_picked":["Night Terror","Venomology"],"picked":"Die Die Die","floor":33},{"not_picked":["Deadly Poison","Well Laid Plans+1"],"picked":"Dodge and Roll","floor":35},{"not_picked":["Calculated Gamble+1","Blade Dance"],"picked":"Dagger Throw+1","floor":36},{"not_picked":["Dagger Spray","Slice"],"picked":"Blur","floor":41},{"not_picked":["Poisoned Stab","Flying Knee"],"picked":"Caltrops","floor":44},{"not_picked":["Prepared+1","Calculated Gamble+1"],"picked":"Backstab","floor":45},{"not_picked":["All Out Attack+1","Deflect+1"],"picked":"PiercingWail+1","floor":47}],"player_experience":182981,"relics_obtained":[{"floor":7,"key":"WingedGreaves"},{"floor":9,"key":"Mercury Hourglass"},{"floor":24,"key":"Centennial Puzzle"},{"floor":26,"key":"Pear"},{"floor":30,"key":"Bag of Preparation"},{"floor":36,"key":"Unceasing Top"},{"floor":43,"key":"Toxic Egg 2"}],"event_choices":[{"event_name":"Big Fish","player_choice":"Box","floor":5,"damage_taken":0},{"event_name":"Golden Shrine","player_choice":"Desecrate","floor":19,"damage_taken":0},{"event_name":"Mysterious Sphere","player_choice":"Fight","floor":36,"damage_taken":0},{"event_name":"Tomb of Lord Red Mask","player_choice":"Ignored","floor":37,"damage_taken":0},{"event_name":"Winding Halls","player_choice":"Embrace Madness","floor":39,"damage_taken":0},{"event_name":"Falling","player_choice":"Removed Attack","floor":48,"damage_taken":0}],"is_beta":false,"boss_relics":[{"not_picked":["Empty Cage","Snecko Eye"],"picked":"Fusion Hammer"},{"not_picked":["White Beast Statue","Sozu"],"picked":"Lizard Tail"}],"items_purged_floors":[14,21],"is_endless":false,"potions_floor_spawned":[1,2,3,16,22,27,29,35,36,41],"ascension_level":8}