{"gold_per_floor":[218,238,238,1,13,45,57,57,80,145,145,158,158,213,213,314,314,325,325,344,359,28,28,58,77,77,90,105,116,116,145,145,245,245,257,275,255,268,281,308,8,23,23,42,69,86,86,97,97,97,97,97,37,65,65],"floor_reached":55,"playtime":12707,"items_purged":["Pain","Strike_R","Parasite"],"score":994,"play_id":"116ad76c-d662-4e39-b7af-bff73e61f040","local_time":"20190112102013","is_ascension_mode":true,"campfire_choices":[{"data":"True Grit","floor":8.0,"key":"SMITH"},{"data":"Armaments","floor":11.0,"key":"SMITH"},{"data":"Uppercut","floor":15.0,"key":"SMITH"},{"data":"Metallicize","floor":23.0,"key":"SMITH"},{"floor":30.0,"key":"REST"},{"data":"Flame Barrier","floor":32.0,"key":"SMITH"},{"floor":47.0,"key":"RECALL"},{"data":"Juggernaut","floor":49.0,"key":"SMITH"},{"floor":52.0,"key":"REST"}],"neow_cost":"NONE","seed_source_timestamp":0,"circlet_count":0,"master_deck":["Strike_R+1","Strike_R","Defend_R","Defend_R","Defend_R","Bash","True Grit+1","Uppercut+1","Metallicize+1","Finesse","Havoc+1","Armaments+1","Carnage","Battle Trance","Shrug It Off","Barricade","Clothesline+1","Warcry","Offering","Uppercut","Shockwave","Whirlwind","Shrug It Off","Flame Barrier+1","Feed+1","Rage+1","Seeing Red+1","Flame Barrier+1","Juggernaut+1","Infernal Blade+1","Shrug It Off","Body Slam","Power Through+1","Disarm"],"special_seed":0,"relics":["Burning Blood","WarpedTongs","Blood Vial","Vajra","Bag of Preparation","Dream Catcher","Snecko Eye","Regal Pillow","Gremlin Horn","The Courier","Astrolabe","Bottled Lightning","Whetstone","Art of War","Pantograph"],"potions_floor_usage":[55,55,55],"damage_taken":[{"damage":3.0,"enemies":"Jaw Worm","floor":1.0,"turns":5.0},{"damage":1.0,"enemies":"Cultist","floor":2.0,"turns":3.0},{"damage":7.0,"enemies":"2 Louse","floor":5.0,"turns":2.0},{"damage":7.0,"enemies":"Lagavulin","floor":6.0,"turns":7.0},{"damage":14.0,"enemies":"Large Slime","floor":7.0,"turns":5.0},{"damage":24.0,"enemies":"Gremlin Nob","floor":10.0,"turns":5.0},{"damage":5.0,"enemies":"Blue Slaver","floor":12.0,"turns":3.0},{"damage":25.0,"enemies":"Hexaghost","floor":16.0,"turns":9.0},{"damage":4.0,"enemies":"Spheric Guardian","floor":18.0,"turns":3.0},{"damage":2.0,"enemies":"2 Thieves","floor":20.0,"turns":3.0},{"damage":12.0,"enemies":"Snake Plant","floor":21.0,"turns":4.0},{"damage":21.0,"enemies":"Book of Stabbing","floor":24.0,"turns":5.0},{"damage":6.0,"enemies":"Shelled Parasite and Fungi","floor":25.0,"turns":4.0},{"damage":17.0,"enemies":"Centurion and Healer","floor":27.0,"turns":5.0},{"damage":12.0,"enemies":"Snake Plant","floor":28.0,"turns":3.0},{"damage":6.0,"enemies":"Cultist and Chosen","floor":29.0,"turns":4.0},{"damage":19.0,"enemies":"Gremlin Leader","floor":31.0,"turns":2.0},{"damage":17.0,"enemies":"Collector","floor":33.0,"turns":13.0},{"damage":0.0,"enemies":"3 Shapes","floor":35.0,"turns":6.0},{"damage":9.0,"enemies":"Orb Walker","floor":36.0,"turns":3.0},{"damage":6.0,"enemies":"4 Shapes","floor":38.0,"turns":6.0},{"damage":6.0,"enemies":"Writhing Mass","floor":39.0,"turns":10.0},{"damage":6.0,"enemies":"Reptomancer","floor":40.0,"turns":8.0},{"damage":15.0,"enemies":"Maw","floor":42.0,"turns":8.0},{"damage":25.0,"enemies":"Sphere and 2 Shapes","floor":44.0,"turns":6.0},{"damage":17.0,"enemies":"Giant Head","floor":45.0,"turns":9.0},{"damage":0.0,"enemies":"3 Darklings","floor":46.0,"turns":3.0},{"damage":0.0,"enemies":"Maw","floor":48.0,"turns":5.0},{"damage":90.0,"enemies":"Donu and Deca","floor":50.0,"turns":14.0},{"damage":89.0,"enemies":"Shield and Spear","floor":54.0,"turns":7.0},{"damage":45,"enemies":"The Heart","floor":55,"turns":5}],"seed_played":"6326517886321985465","potions_obtained":[{"floor":5.0,"key":"Poison Potion"},{"floor":6.0,"key":"SteroidPotion"},{"floor":12.0,"key":"SkillPotion"},{"floor":20.0,"key":"Fire Potion"},{"floor":21.0,"key":"Weak Potion"},{"floor":27.0,"key":"Weak Potion"},{"floor":36.0,"key":"Strength Potion"},{"floor":37.0,"key":"Explosive Potion"},{"floor":40.0,"key":"Block Potion"},{"floor":44.0,"key":"Regen Potion"},{"floor":48.0,"key":"Explosive Potion"}],"is_trial":false,"path_per_floor":["M","M","?","$","M","E","M","R","T","?","R","M","?","T","R","B",null,"M","?","M","M","$","R","E","M","T","M","M","M","R","E","R","B",null,"M","M","?","M","M","E","$","M","T","M","E","M","R","M","R","B",null,"R","$","E","B"],"character_chosen":"IRONCLAD","items_purchased":["Metallicize","Finesse","Offering","Uppercut","Shrug It Off","Whetstone","Swift Potion","Disarm"],"campfire_rested":2,"item_purchase_floors":[4,4,22,22,41,41,41,53],"current_hp_per_floor":[80,80,80,80,79,78,72,72,72,56,56,59,59,59,59,42,71,75,75,80,74,74,74,61,63,63,54,50,52,80,67,67,58,75,84,81,81,87,92,96,93,84,84,71,62,70,70,96,96,14,79,101,101,18,0],"gold":65,"neow_bonus":"HUNDRED_GOLD","is_prod":false,"is_daily":false,"chose_seed":false,"campfire_upgraded":6,"win_rate":0,"timestamp":1547306413,"path_taken":["M","M","?","$","?","E","M","R","T","?","R","M","?","?","R","BOSS","M","?","M","M","$","R","E","M","T","?","?","M","R","E","R","BOSS","M","M","?","M","?","E","$","M","T","M","E","M","R","M","R","BOSS","R","$","E","BOSS"],"build_version":"2019-01-10","purchased_purges":3,"victory":false,"max_hp_per_floor":[80,80,80,80,80,80,80,80,80,80,80,80,80,80,80,80,80,80,80,80,80,80,80,80,80,80,80,80,80,80,80,80,80,80,84,84,84,88,92,96,93,93,93,97,97,97,97,101,101,101,101,101,101,101,101],"card_choices":[{"not_picked":["Sword Boomerang","Iron Wave"],"picked":"True Grit","floor":1.0},{"not_picked":["Thunderclap","Anger"],"picked":"Uppercut","floor":2.0},{"not_picked":["Heavy Blade","Reckless Charge"],"picked":"Havoc","floor":5.0},{"not_picked":["Burning Pact","Thunderclap"],"picked":"Armaments","floor":6.0},{"not_picked":["Flex","Clash"],"picked":"Carnage","floor":7.0},{"not_picked":["Sword Boomerang","Anger"],"picked":"Battle Trance","floor":10.0},{"not_picked":["Clothesline","Perfected Strike"],"picked":"Shrug It Off","floor":12.0},{"not_picked":["Double Tap","Limit Break"],"picked":"Barricade","floor":16.0},{"not_picked":["True Grit+1","Flex","Bloodletting"],"picked":"SKIP","floor":18.0},{"not_picked":["Headbutt","Heavy Blade"],"picked":"Clothesline","floor":20.0},{"not_picked":["Twin Strike","Combust"],"picked":"Warcry","floor":21.0},{"not_picked":["Sword Boomerang","Heavy Blade"],"picked":"Shockwave","floor":24.0},{"not_picked":["Fire Breathing","Pommel Strike+1"],"picked":"Whirlwind","floor":25.0},{"not_picked":["Twin Strike","Sword Boomerang","Clash"],"picked":"SKIP","floor":27.0},{"not_picked":["Exhume","Second Wind"],"picked":"Shrug It Off","floor":28.0},{"not_picked":["Iron Wave","Warcry","Anger"],"picked":"SKIP","floor":29.0},{"not_picked":["Heavy Blade+1","Armaments"],"picked":"Flame Barrier","floor":31.0},{"not_picked":["Bloodletting+1","True Grit","Dual Wield"],"picked":"SKIP","floor":35.0},{"not_picked":["Sentinel","Battle Trance","Hemokinesis"],"picked":"SKIP","floor":36.0},{"not_picked":["Headbutt+1","Anger+1"],"picked":"Flame Barrier+1","floor":38.0},{"not_picked":["Flex","Perfected Strike"],"picked":"Juggernaut","floor":39.0},{"not_picked":["Cleave+1","Limit Break"],"picked":"Infernal Blade+1","floor":40.0},{"not_picked":["Pommel Strike+1","Hemokinesis"],"picked":"Body Slam","floor":42.0},{"not_picked":["Blood for Blood+1","Headbutt+1","Heavy Blade+1"],"picked":"SKIP","floor":44.0},{"not_picked":["Cleave","Warcry"],"picked":"Power Through+1","floor":45.0},{"not_picked":["Bloodletting+1","Twin Strike","Thunderclap+1"],"picked":"SKIP","floor":46.0},{"not_picked":["True Grit","Thunderclap+1","Feel No Pain"],"picked":"SKIP","floor":48.0},{"not_picked":["Wild Strike+1","Sentinel","True Grit+1"],"picked":"SKIP","floor":54.0}],"player_experience":617111,"relics_obtained":[{"floor":6.0,"key":"Blood Vial"},{"floor":9.0,"key":"Vajra"},{"floor":10.0,"key":"Bag of Preparation"},{"floor":14.0,"key":"Dream Catcher"},{"floor":24.0,"key":"Regal Pillow"},{"floor":26.0,"key":"Gremlin Horn"},{"floor":31.0,"key":"The Courier"},{"floor":40.0,"key":"Bottled Lightning"},{"floor":45.0,"key":"Art of War"},{"floor":54.0,"key":"Pantograph"}],"event_choices":[{"damage_healed":0.0,"max_hp_gain":0.0,"max_hp_loss":0.0,"gold_gain":0.0,"event_name":"Accursed Blacksmith","player_choice":"Rummage","floor":3.0,"gold_loss":0.0,"damage_taken":0.0,"relics_obtained":["WarpedTongs"],"cards_obtained":["Pain"]},{"damage_healed":0.0,"max_hp_gain":0.0,"max_hp_loss":0.0,"gold_gain":30.0,"event_name":"Dead Adventurer","player_choice":"Searched \u00272\u0027 times","floor":10.0,"gold_loss":0.0,"damage_taken":0.0},{"damage_healed":0.0,"max_hp_gain":0.0,"max_hp_loss":0.0,"gold_gain":0.0,"event_name":"Living Wall","player_choice":"Grow","floor":13.0,"gold_loss":0.0,"damage_taken":0.0,"cards_upgraded":["Havoc"]},{"damage_healed":0.0,"max_hp_gain":0.0,"max_hp_loss":0.0,"gold_gain":0.0,"event_name":"Transmorgrifier","player_choice":"Ignored","floor":19.0,"gold_loss":0.0,"damage_taken":0.0},{"damage_healed":0.0,"max_hp_gain":0.0,"max_hp_loss":0.0,"gold_gain":0.0,"event_name":"The Woman in Blue","player_choice":"Bought 1 Potion","floor":37.0,"gold_loss":0.0,"damage_taken":0.0}],"is_beta":false,"boss_relics":[{"not_picked":["Lizard Tail","Coffee Dripper"],"picked":"Snecko Eye"},{"not_picked":["Empty Cage","Orrery"],"picked":"Astrolabe"}],"items_purged_floors":[4,22,41],"is_endless":false,"potions_floor_spawned":[5,6,12,20,21,27,29,36,40,44,46,48],"killed_by":"The Heart","ascension_level":5}