{"gold_per_floor":[119,131,206,224,32,32,58,58,114,114,140,90,90,110,110,183,183,203,203,203,215,39,39,39],"floor_reached":24,"playtime":907,"items_purged":[],"score":343,"play_id":"aacc5a6b-887a-40a4-99a2-1b74ab49b24e","local_time":"20190429180953","is_ascension_mode":true,"campfire_choices":[{"data":"Searing Blow","floor":6,"key":"SMITH"},{"data":"Searing Blow+1","floor":8,"key":"SMITH"},{"data":"Searing Blow+2","floor":13,"key":"SMITH"},{"data":"Searing Blow+3","floor":15,"key":"SMITH"},{"floor":23,"key":"REST"}],"neow_cost":"NONE","seed_source_timestamp":459190118255600,"circlet_count":0,"master_deck":["AscendersBane","Strike_R","Strike_R","Defend_R","Defend_R","Defend_R","Bash","Cleave","Twin Strike","Searing Blow+4","Flame Barrier","True Grit","Fiend Fire","Heavy Blade+1","True Grit+1","Battle Trance+1","Ghostly Armor","Second Wind","Purity","Battle Trance"],"relics":["White Beast Statue","PreservedInsect","Omamori","Tiny Chest","Dead Branch","Astrolabe"],"potions_floor_usage":[4,7,7,11,16],"damage_taken":[{"damage":11,"enemies":"Cultist","floor":1,"turns":4},{"damage":6,"enemies":"Jaw Worm","floor":2,"turns":5},{"damage":0,"enemies":"2 Louse","floor":4,"turns":8},{"damage":5,"enemies":"3 Sentries","floor":7,"turns":3},{"damage":22,"enemies":"Lagavulin","floor":11,"turns":4},{"damage":8,"enemies":"Blue Slaver","floor":14,"turns":2},{"damage":33,"enemies":"The Guardian","floor":16,"turns":13},{"damage":4,"enemies":"Spheric Guardian","floor":18,"turns":3},{"damage":38,"enemies":"3 Byrds","floor":21,"turns":4},{"damage":25,"enemies":"Cultist and Chosen","floor":24,"turns":7}],"seed_played":"30303328181427719","potions_obtained":[{"floor":1,"key":"Explosive Potion"},{"floor":2,"key":"Regen Potion"},{"floor":4,"key":"Energy Potion"},{"floor":7,"key":"Fire Potion"},{"floor":11,"key":"Strength Potion"},{"floor":14,"key":"Fire Potion"},{"floor":16,"key":"EntropicBrew"},{"floor":18,"key":"Dexterity Potion"}],"is_trial":false,"path_per_floor":["M","M","?","M","$","R","E","R","T","?","E","?","R","M","R","B",null,"M","?","?","M","$","R","M"],"character_chosen":"IRONCLAD","items_purchased":["PreservedInsect","Searing Blow","Purity","Battle Trance"],"campfire_rested":1,"item_purchase_floors":[5,5,22,22],"current_hp_per_floor":[57,51,40,55,55,55,50,50,50,75,53,53,53,45,45,12,59,55,41,41,3,3,27,2],"gold":39,"neow_bonus":"BOSS_RELIC","is_prod":false,"is_daily":false,"chose_seed":false,"campfire_upgraded":4,"win_rate":0,"timestamp":1556575793,"path_taken":["M","M","?","M","$","R","E","R","T","?","E","?","R","M","R","BOSS","M","?","?","M","$","R","M"],"build_version":"2019-01-23","purchased_purges":0,"victory":false,"max_hp_per_floor":[75,75,75,75,75,75,75,75,75,75,75,75,75,75,75,75,75,75,80,80,80,80,80,80],"card_choices":[{"not_picked":["Combust","Pommel Strike"],"picked":"Cleave","floor":1},{"not_picked":["Seeing Red","Headbutt"],"picked":"Twin Strike","floor":2},{"not_picked":["Wild Strike","Havoc","Hemokinesis"],"picked":"SKIP","floor":4},{"not_picked":["Barricade","Thunderclap","Hemokinesis"],"picked":"SKIP","floor":7},{"not_picked":["Infernal Blade","Body Slam"],"picked":"Flame Barrier","floor":11},{"not_picked":["Shockwave","Iron Wave"],"picked":"True Grit","floor":14},{"not_picked":["Limit Break","Immolate"],"picked":"Fiend Fire","floor":16},{"not_picked":["Clothesline","Perfected Strike"],"picked":"Ghostly Armor","floor":18},{"not_picked":["Iron Wave","Flex"],"picked":"Second Wind","floor":21}],"player_experience":408804,"relics_obtained":[{"floor":7,"key":"Omamori"},{"floor":9,"key":"Tiny Chest"},{"floor":11,"key":"Dead Branch"}],"event_choices":[{"damage_healed":0,"gold_gain":75,"player_choice":"Gather Gold","damage_taken":11,"max_hp_gain":0,"max_hp_loss":0,"event_name":"World of Goop","floor":3,"gold_loss":0},{"damage_healed":25,"gold_gain":0,"player_choice":"Banana","damage_taken":0,"max_hp_gain":0,"max_hp_loss":0,"event_name":"Big Fish","floor":10,"gold_loss":0},{"cards_removed":["Defend_R"],"damage_healed":0,"gold_gain":0,"player_choice":"Card Removal","damage_taken":0,"max_hp_gain":0,"max_hp_loss":0,"event_name":"The Cleric","floor":12,"gold_loss":50},{"damage_healed":0,"gold_gain":0,"player_choice":"Shed Blood","damage_taken":19,"max_hp_gain":5,"max_hp_loss":0,"event_name":"Forgotten Altar","floor":19,"gold_loss":0},{"damage_healed":0,"gold_gain":0,"player_choice":"Ignored","damage_taken":0,"max_hp_gain":0,"max_hp_loss":0,"event_name":"Vampires","floor":20,"gold_loss":0}],"is_beta":false,"boss_relics":[{"not_picked":["Black Star","Sozu"],"picked":"Astrolabe"}],"items_purged_floors":[],"is_endless":false,"potions_floor_spawned":[1,2,4,7,11,14,16,18,21],"killed_by":"Cultist and Chosen","ascension_level":14}