{"gold_per_floor":[114,114,124,142,142,142,173,185,243,255,267,293,336,365,377,494,506,529,557,454,379,379,379,389,389,468,468,497,43,43,70,70,166,166,186,186,31,50,50,50,80,80,80,80,112,112,112,129,129,129],"floor_reached":51,"playtime":2434,"items_purged":["Strike_R","Defend_R"],"score":886,"play_id":"97d9ae1c-3ef8-44b4-ac0d-59a55f0073a7","local_time":"20190608155929","is_ascension_mode":true,"campfire_choices":[{"data":"Bash","floor":6,"key":"SMITH"},{"data":"Cleave","floor":8,"key":"SMITH"},{"data":"Heavy Blade","floor":11,"key":"SMITH"},{"floor":15,"key":"REST"},{"data":"Shrug It Off","floor":23,"key":"SMITH"},{"data":"Iron Wave","floor":25,"key":"SMITH"},{"data":"Offering","floor":27,"key":"SMITH"},{"data":"Offering","floor":30,"key":"SMITH"},{"data":"1","floor":32,"key":"LIFT"},{"data":"Double Tap","floor":40,"key":"SMITH"},{"data":"2","floor":42,"key":"LIFT"},{"data":"3","floor":44,"key":"LIFT"},{"data":"Inflame","floor":46,"key":"SMITH"},{"floor":49,"key":"REST"}],"neow_cost":"NONE","seed_source_timestamp":2117711627714302,"circlet_count":0,"master_deck":["Defend_R+1","Bash+1","Heavy Blade+1","Cleave+1","Iron Wave+1","Offering+1","Offering+1","Shrug It Off+1","Rupture","Double Tap+1","Bludgeon+1","Demon Form+1","Offering+1","Shrug It Off+1","Inflame+1"],"relics":["Burning Blood","Dream Catcher","MawBank","Bronze Scales","Pocketwatch","Meat on the Bone","Snecko Eye","Pantograph","Mango","Happy Flower","Toolbox","Girya","Astrolabe","Lantern","Anchor","Shuriken","Bag of Marbles"],"potions_floor_usage":[16,18,33,50,50],"damage_taken":[{"damage":1,"enemies":"Jaw Worm","floor":1,"turns":5},{"damage":0,"enemies":"2 Louse","floor":3,"turns":2},{"damage":6,"enemies":"Cultist","floor":4,"turns":3},{"damage":36,"enemies":"3 Sentries","floor":7,"turns":7},{"damage":6,"enemies":"3 Louse","floor":12,"turns":2},{"damage":36,"enemies":"Lagavulin","floor":13,"turns":5},{"damage":13,"enemies":"Blue Slaver","floor":14,"turns":3},{"damage":58,"enemies":"Hexaghost","floor":16,"turns":9},{"damage":22,"enemies":"Spheric Guardian","floor":18,"turns":3},{"damage":12,"enemies":"2 Thieves","floor":19,"turns":3},{"damage":12,"enemies":"3 Cultists","floor":24,"turns":4},{"damage":15,"enemies":"Book of Stabbing","floor":28,"turns":3},{"damage":34,"enemies":"Slavers","floor":31,"turns":3},{"damage":79,"enemies":"Collector","floor":33,"turns":8},{"damage":12,"enemies":"3 Shapes","floor":35,"turns":2},{"damage":12,"enemies":"3 Darklings","floor":38,"turns":2},{"damage":12,"enemies":"Nemesis","floor":41,"turns":3},{"damage":6,"enemies":"Reptomancer","floor":45,"turns":2},{"damage":0,"enemies":"Transient","floor":48,"turns":4},{"damage":19,"enemies":"Awakened One","floor":50,"turns":4}],"seed_played":"2706215895973810153","potions_obtained":[{"floor":4,"key":"EssenceOfSteel"},{"floor":7,"key":"BloodPotion"},{"floor":13,"key":"PowerPotion"},{"floor":14,"key":"BloodPotion"},{"floor":16,"key":"SpeedPotion"},{"floor":18,"key":"Poison Potion"},{"floor":28,"key":"Explosive Potion"},{"floor":33,"key":"Energy Potion"}],"is_trial":false,"path_per_floor":["M","?","M","M","?","R","E","R","T","?","R","M","E","M","R","B",null,"M","M","$","?","?","R","M","R","T","R","E","$","R","E","R","B",null,"M","$","$","M","$","R","E","R","T","R","E","R","?","M","R","B",null],"character_chosen":"IRONCLAD","items_purchased":["Rupture","Happy Flower","Toolbox","Lantern"],"campfire_rested":2,"item_purchase_floors":[20,29,29,37],"current_hp_per_floor":[88,88,88,88,85,85,55,55,55,55,55,55,25,30,56,24,88,80,74,74,74,74,74,68,68,68,68,73,73,73,57,57,21,102,96,96,96,90,90,90,84,84,84,84,84,84,84,90,102,89],"gold":129,"neow_bonus":"TEN_PERCENT_HP_BONUS","is_prod":false,"is_daily":false,"chose_seed":false,"campfire_upgraded":9,"win_rate":0,"timestamp":1559980769,"path_taken":["M","?","M","M","?","R","E","R","T","?","R","M","E","?","R","BOSS","M","M","$","?","?","R","M","R","T","R","E","$","R","E","R","BOSS","M","?","$","M","$","R","E","R","T","R","E","R","?","?","R","BOSS"],"build_version":"2019-01-23","purchased_purges":2,"victory":true,"max_hp_per_floor":[88,88,88,88,88,88,88,88,88,88,88,88,88,88,88,88,88,88,88,88,88,88,88,88,88,88,88,102,102,102,102,102,102,102,102,102,102,102,102,102,102,102,102,102,102,102,102,102,102,102],"card_choices":[{"not_picked":["Searing Blow","Havoc"],"picked":"Heavy Blade","floor":1},{"not_picked":["Clothesline","Carnage","Armaments"],"picked":"SKIP","floor":3},{"not_picked":["Disarm","Warcry"],"picked":"Cleave","floor":4},{"not_picked":["Blood for Blood","Rage","Clothesline"],"picked":"SKIP","floor":7},{"not_picked":["Warcry","Clash"],"picked":"Iron Wave","floor":12},{"not_picked":["Second Wind","Reckless Charge"],"picked":"Offering","floor":13},{"not_picked":["Iron Wave","Rupture","Cleave"],"picked":"SKIP","floor":14},{"not_picked":["Feed","Berserk"],"picked":"Offering","floor":16},{"not_picked":["Body Slam","Armaments+1","True Grit"],"picked":"SKIP","floor":18},{"not_picked":["Body Slam","Dual Wield"],"picked":"Shrug It Off","floor":19},{"not_picked":["Perfected Strike","Dual Wield","Clash"],"picked":"SKIP","floor":24},{"not_picked":["Dark Embrace","Body Slam","Rage"],"picked":"SKIP","floor":28},{"not_picked":["Armaments","Whirlwind","Heavy Blade"],"picked":"SKIP","floor":31},{"not_picked":["Reaper","Brutality"],"picked":"Double Tap","floor":33},{"not_picked":["Wild Strike","Seeing Red+1"],"picked":"Shrug It Off+1","floor":35},{"not_picked":["Body Slam+1","Entrench+1"],"picked":"Inflame","floor":38},{"not_picked":["Perfected Strike+1","Searing Blow","Clothesline"],"picked":"SKIP","floor":41},{"not_picked":["Flex","Bloodletting","Searing Blow"],"picked":"SKIP","floor":45},{"not_picked":["Clash+1","Rage+1","Seeing Red"],"picked":"SKIP","floor":48}],"player_experience":163460,"relics_obtained":[{"floor":7,"key":"MawBank"},{"floor":9,"key":"Bronze Scales"},{"floor":13,"key":"Meat on the Bone"},{"floor":26,"key":"Pantograph"},{"floor":28,"key":"Mango"},{"floor":31,"key":"Girya"},{"floor":41,"key":"Anchor"},{"floor":43,"key":"Shuriken"},{"floor":45,"key":"Bag of Marbles"}],"event_choices":[{"cards_removed":["Strike_R"],"damage_healed":0,"gold_gain":0,"player_choice":"Forget","damage_taken":0,"max_hp_gain":0,"max_hp_loss":0,"event_name":"Living Wall","floor":2,"gold_loss":0},{"damage_healed":0,"gold_gain":0,"player_choice":"Success","damage_taken":3,"relics_obtained":["Dream Catcher"],"max_hp_gain":0,"max_hp_loss":0,"event_name":"Scrap Ooze","floor":5,"gold_loss":0},{"damage_healed":0,"gold_gain":0,"player_choice":"Gave Potion","damage_taken":0,"relics_obtained":["Pocketwatch"],"max_hp_gain":0,"max_hp_loss":0,"event_name":"WeMeetAgain","floor":10,"gold_loss":0},{"cards_removed":["Strike_R"],"damage_healed":0,"gold_gain":0,"player_choice":"Gave Gold","damage_taken":0,"max_hp_gain":0,"max_hp_loss":0,"event_name":"Beggar","floor":21,"gold_loss":75},{"cards_removed":["Strike_R"],"damage_healed":0,"gold_gain":0,"player_choice":"Offered Basic","damage_taken":0,"max_hp_gain":0,"max_hp_loss":0,"event_name":"Bonfire Elementals","floor":22,"gold_loss":0},{"damage_healed":0,"gold_gain":0,"player_choice":"Forge","damage_taken":0,"max_hp_gain":0,"max_hp_loss":0,"event_name":"Accursed Blacksmith","floor":47,"gold_loss":0,"cards_upgraded":["Defend_R"]}],"is_beta":false,"boss_relics":[{"not_picked":["Black Blood","Philosopher\u0027s Stone"],"picked":"Snecko Eye"},{"not_picked":["Calling Bell","Eternal Feather"],"picked":"Astrolabe"}],"items_purged_floors":[20,29],"is_endless":false,"potions_floor_spawned":[4,7,13,14,16,18,28,33,38,45,48],"ascension_level":1}