{"gold_per_floor":[109,184,184,202,53,88,88,120,120,85,85,116,133,143,143,240,240,259,259,279,61,85,85,113,133,133,162,172,172,32,32],"floor_reached":31,"playtime":5171,"items_purged":["Strike_R"],"score":345,"play_id":"cfa218d7-b0db-4c2e-a4dd-a365f17ff373","local_time":"20181223154907","is_ascension_mode":true,"campfire_choices":[{"data":"Flame Barrier","floor":7,"key":"SMITH"},{"data":"Uppercut","floor":11,"key":"SMITH"},{"data":"Uppercut","floor":15,"key":"SMITH"},{"data":"Feed","floor":23,"key":"SMITH"},{"floor":29,"key":"REST"}],"neow_cost":"NONE","seed_source_timestamp":929519580800229,"circlet_count":0,"master_deck":["Strike_R","Strike_R","Strike_R","Defend_R","Defend_R","Defend_R","Defend_R","Bash","Pommel Strike+1","Headbutt","Flame Barrier+1","Uppercut+1","Pommel Strike","Uppercut+1","Shrug It Off","Offering","Clothesline","Disarm","Feed+1","Armaments","Shrug It Off","Shrug It Off","Shockwave","Double Tap"],"relics":["Burning Blood","Blue Candle","Pen Nib","Juzu Bracelet","Sundial","Eternal Feather","Bag of Marbles","Bird Faced Urn","Nunchaku","Matryoshka"],"potions_floor_usage":[6,6,6,16,24,25,27,27,27,27,31],"damage_taken":[{"damage":5,"enemies":"2 Louse","floor":1,"turns":3},{"damage":3,"enemies":"Small Slimes","floor":4,"turns":4},{"damage":23,"enemies":"3 Sentries","floor":6,"turns":14},{"damage":18,"enemies":"Gremlin Nob","floor":8,"turns":4},{"damage":26,"enemies":"Lagavulin","floor":12,"turns":6},{"damage":1,"enemies":"Cultist","floor":13,"turns":3},{"damage":1,"enemies":"Exordium Wildlife","floor":14,"turns":4},{"damage":20,"enemies":"The Guardian","floor":16,"turns":8},{"damage":23,"enemies":"Spheric Guardian","floor":18,"turns":4},{"damage":14,"enemies":"Chosen","floor":20,"turns":3},{"damage":46,"enemies":"Gremlin Leader","floor":24,"turns":9},{"damage":17,"enemies":"Snake Plant","floor":25,"turns":4},{"damage":9,"enemies":"Book of Stabbing","floor":27,"turns":5},{"damage":6,"enemies":"Chosen and Byrds","floor":28,"turns":2},{"damage":66,"enemies":"Centurion and Healer","floor":31,"turns":15}],"seed_played":"-365412366978957055","potions_obtained":[{"floor":0,"key":"LiquidBronze"},{"floor":0,"key":"SkillPotion"},{"floor":0,"key":"EntropicBrew"},{"floor":1,"key":"SkillPotion"},{"floor":18,"key":"SpeedPotion"},{"floor":24,"key":"Dexterity Potion"},{"floor":28,"key":"EssenceOfSteel"}],"is_trial":false,"path_per_floor":["M","?","?","M","$","E","R","E","T","?","R","E","M","M","R","B",null,"M","?","M","$","T","R","E","M","T","E","M","R","$","M"],"character_chosen":"IRONCLAD","items_purchased":["Flame Barrier","Uppercut","Feed","Shockwave","Double Tap"],"campfire_rested":1,"item_purchase_floors":[5,5,21,30,30],"current_hp_per_floor":[80,69,69,72,72,55,55,43,43,63,63,43,48,53,53,39,80,63,63,55,55,55,64,28,21,21,18,22,61,61,0],"gold":32,"neow_bonus":"THREE_SMALL_POTIONS","is_prod":false,"is_daily":false,"chose_seed":false,"campfire_upgraded":4,"win_rate":0,"timestamp":1545598147,"path_taken":["M","?","?","M","$","E","R","E","T","?","R","E","M","M","R","BOSS","M","?","M","$","?","R","E","M","T","E","M","R","$","M"],"build_version":"2018-12-20","purchased_purges":1,"victory":false,"max_hp_per_floor":[80,80,80,80,80,80,80,80,80,80,80,80,80,80,80,80,80,80,80,80,80,80,80,84,88,88,88,92,92,92,96],"card_choices":[{"not_picked":["Reckless Charge","Bloodletting"],"picked":"Pommel Strike","floor":1},{"not_picked":["Perfected Strike","Cleave"],"picked":"Headbutt","floor":4},{"not_picked":["Perfected Strike","Thunderclap"],"picked":"Pommel Strike","floor":6},{"not_picked":["Rupture","Heavy Blade","Infernal Blade"],"picked":"SKIP","floor":8},{"not_picked":["Heavy Blade","Clothesline"],"picked":"Uppercut","floor":12},{"not_picked":["Bludgeon","Cleave"],"picked":"Shrug It Off","floor":13},{"not_picked":["Anger","Headbutt","Thunderclap"],"picked":"SKIP","floor":14},{"not_picked":["Reaper","Limit Break"],"picked":"Offering","floor":16},{"not_picked":["Havoc+1","Wild Strike"],"picked":"Clothesline","floor":18},{"not_picked":["Reckless Charge","True Grit"],"picked":"Disarm","floor":20},{"not_picked":["Cleave","Heavy Blade"],"picked":"Armaments","floor":24},{"not_picked":["Double Tap","Headbutt"],"picked":"Shrug It Off","floor":25},{"not_picked":["Armaments+1","Warcry+1"],"picked":"Shrug It Off","floor":27},{"not_picked":["Clash","Sentinel","Iron Wave"],"picked":"SKIP","floor":28}],"player_experience":417985,"relics_obtained":[{"floor":6,"key":"Blue Candle"},{"floor":8,"key":"Pen Nib"},{"floor":9,"key":"Juzu Bracelet"},{"floor":12,"key":"Sundial"},{"floor":22,"key":"Bag of Marbles"},{"floor":24,"key":"Bird Faced Urn"},{"floor":26,"key":"Nunchaku"},{"floor":27,"key":"Matryoshka"}],"event_choices":[{"damage_healed":0,"gold_gain":75,"player_choice":"Gather Gold","damage_taken":11,"max_hp_gain":0,"max_hp_loss":0,"event_name":"World of Goop","floor":2,"gold_loss":0},{"damage_healed":0,"gold_gain":0,"player_choice":"Upgraded","damage_taken":0,"max_hp_gain":0,"max_hp_loss":0,"event_name":"Upgrade Shrine","floor":3,"gold_loss":0,"cards_upgraded":["Pommel Strike"]},{"damage_healed":20,"gold_gain":0,"player_choice":"Healed","damage_taken":0,"max_hp_gain":0,"max_hp_loss":0,"event_name":"The Cleric","floor":10,"gold_loss":35},{"cards_removed":["Strike_R"],"damage_healed":0,"gold_gain":0,"player_choice":"Purged","damage_taken":0,"max_hp_gain":0,"max_hp_loss":0,"event_name":"Purifier","floor":19,"gold_loss":0}],"is_beta":false,"boss_relics":[{"not_picked":["Calling Bell","White Beast Statue"],"picked":"Eternal Feather"}],"items_purged_floors":[21],"is_endless":false,"potions_floor_spawned":[1,6,14,18,24,28],"killed_by":"Centurion and Healer","ascension_level":2}