{"gold_per_floor":[117,117,117,132,62,62,72,104,186,205,232,232,250,269,269,371,371,384,400,400,411,54,79,79,98,146,146,160,177,177,177,177,282,282,298,278,291,302,302,319,319],"floor_reached":41,"playtime":7357,"items_purged":[],"score":598,"play_id":"b4902e7a-6412-4565-8879-801dd89d4450","local_time":"20190102193727","is_ascension_mode":true,"campfire_choices":[{"data":"Footwork","floor":6,"key":"SMITH"},{"floor":12,"key":"REST"},{"floor":15,"key":"REST"},{"floor":24,"key":"REST"},{"floor":27,"key":"REST"},{"floor":30,"key":"REST"},{"floor":32,"key":"REST"}],"neow_cost":"NONE","seed_source_timestamp":1805182316729804,"circlet_count":0,"master_deck":["Defend_G+1","Defend_G+1","Defend_G+1","Defend_G+1","Defend_G+1","Strike_G+1","Strike_G+1","Strike_G+1","Survivor+1","Neutralize","Calculated Gamble","Terror","Crippling Poison","Footwork+1","Well Laid Plans","Bullet Time","All Out Attack+1","Bouncing Flask","Glass Knife+1","Backstab+1","Noxious Fumes","Backstab+1","PiercingWail","Backstab+1","Panache","Dash+1","Cloak And Dagger","Adrenaline","Cloak And Dagger+1","Escape Plan","Adrenaline"],"relics":["Ring of the Snake","PreservedInsect","Molten Egg 2","Ornamental Fan","Ancient Tea Set","Orrery","Membership Card","Art of War","Gremlin Horn","Dream Catcher","Busted Crown"],"potions_floor_usage":[8,11,33,37,37,38,38],"damage_taken":[{"damage":8,"enemies":"Jaw Worm","floor":1,"turns":8},{"damage":1,"enemies":"Cultist","floor":4,"turns":4},{"damage":0,"enemies":"Small Slimes","floor":7,"turns":5},{"damage":4,"enemies":"Lagavulin","floor":8,"turns":15},{"damage":4,"enemies":"2 Fungi Beasts","floor":10,"turns":4},{"damage":13,"enemies":"Gremlin Nob","floor":11,"turns":4},{"damage":6,"enemies":"Red Slaver","floor":13,"turns":2},{"damage":10,"enemies":"Looter","floor":14,"turns":5},{"damage":6,"enemies":"The Guardian","floor":16,"turns":13},{"damage":5,"enemies":"Shell Parasite","floor":18,"turns":2},{"damage":21,"enemies":"Spheric Guardian","floor":19,"turns":5},{"damage":18,"enemies":"Snake Plant","floor":21,"turns":4},{"damage":3,"enemies":"Slavers","floor":23,"turns":3},{"damage":21,"enemies":"Shelled Parasite and Fungi","floor":25,"turns":3},{"damage":3,"enemies":"Centurion and Healer","floor":28,"turns":4},{"damage":10,"enemies":"Snake Plant","floor":29,"turns":4},{"damage":47,"enemies":"Automaton","floor":33,"turns":12},{"damage":0,"enemies":"3 Shapes","floor":35,"turns":3},{"damage":6,"enemies":"3 Darklings","floor":37,"turns":8},{"damage":25,"enemies":"Transient","floor":38,"turns":5},{"damage":5,"enemies":"Maw","floor":40,"turns":8},{"damage":25,"enemies":"Sphere and 2 Shapes","floor":41,"turns":5}],"seed_played":"884452004152441905","potions_obtained":[{"floor":1,"key":"Dexterity Potion"},{"floor":4,"key":"Block Potion"},{"floor":8,"key":"Strength Potion"},{"floor":16,"key":"Poison Potion"},{"floor":18,"key":"Weak Potion"},{"floor":25,"key":"Swift Potion"},{"floor":29,"key":"SneckoOil"},{"floor":36,"key":"PowerPotion"},{"floor":37,"key":"Dexterity Potion"},{"floor":40,"key":"Strength Potion"}],"is_trial":false,"path_per_floor":["M","?","?","M","$","R","M","E","T","M","E","R","M","M","R","B",null,"M","M","?","M","$","E","R","M","T","R","M","M","R","?","R","B",null,"M","?","M","M","?","M","M"],"character_chosen":"THE_SILENT","items_purchased":["Footwork","Membership Card","Art of War","Panache"],"campfire_rested":6,"item_purchase_floors":[5,22,22,22],"current_hp_per_floor":[55,41,41,40,40,40,40,36,36,32,19,40,34,24,45,39,62,57,36,36,18,18,15,36,15,15,36,33,23,44,44,65,18,57,57,57,51,26,26,21,0],"gold":319,"neow_bonus":"TRANSFORM_CARD","is_prod":false,"is_daily":false,"chose_seed":false,"campfire_upgraded":1,"win_rate":0,"timestamp":1546475847,"path_taken":["M","?","?","M","$","R","M","E","T","M","E","R","?","M","R","BOSS","M","M","?","M","?","E","R","M","T","R","M","M","R","?","R","BOSS","M","?","M","?","?","M","M"],"build_version":"2018-12-20","purchased_purges":0,"victory":false,"max_hp_per_floor":[70,70,70,70,70,70,70,70,70,70,70,70,70,70,70,70,70,70,70,70,70,70,70,70,70,70,70,70,70,70,70,70,70,70,70,70,70,70,70,70,70],"card_choices":[{"not_picked":["Dodge and Roll","Outmaneuver"],"picked":"Terror","floor":1},{"not_picked":["Endless Agony","Flying Knee"],"picked":"Crippling Poison","floor":4},{"not_picked":["Finisher","Slice","Dagger Throw"],"picked":"SKIP","floor":7},{"not_picked":["Bane","Tactician"],"picked":"Well Laid Plans","floor":8},{"not_picked":["Reflex","Deadly Poison"],"picked":"Bullet Time","floor":10},{"not_picked":["Blade Dance","Poisoned Stab+1"],"picked":"All Out Attack+1","floor":11},{"not_picked":["Skewer+1","Deflect"],"picked":"Bouncing Flask","floor":13},{"not_picked":["Reflex","Prepared","Riddle With Holes+1"],"picked":"SKIP","floor":14},{"not_picked":["Night Terror","Burst"],"picked":"Glass Knife+1","floor":16},{"not_picked":["Dash+1","Calculated Gamble"],"picked":"Backstab+1","floor":17},{"not_picked":["Slice+1","Sucker Punch+1"],"picked":"Noxious Fumes","floor":17},{"not_picked":["Backflip","Prepared"],"picked":"Backstab+1","floor":17},{"not_picked":["Bouncing Flask","Dagger Spray+1"],"picked":"PiercingWail","floor":18},{"not_picked":["Deflect","Dodge and Roll","Poisoned Stab+1"],"picked":"SKIP","floor":19},{"not_picked":["Dagger Throw+1","Flechettes+1"],"picked":"Backstab+1","floor":21},{"not_picked":["Reflex","Poisoned Stab+1"],"picked":"Dash+1","floor":23},{"not_picked":["Reflex","Underhanded Strike+1"],"picked":"Cloak And Dagger","floor":25},{"not_picked":["Quick Slash+1","Eviscerate+1"],"picked":"Adrenaline","floor":27},{"not_picked":["Blade Dance","Predator+1"],"picked":"Cloak And Dagger+1","floor":28},{"not_picked":["Outmaneuver","Prepared","PiercingWail"],"picked":"SKIP","floor":29},{"not_picked":["Sucker Punch+1","Dagger Throw+1"],"picked":"Escape Plan","floor":30},{"not_picked":["Glass Knife+1","Die Die Die+1"],"picked":"Adrenaline","floor":33},{"not_picked":["Bane+1"],"picked":"SKIP","floor":35},{"not_picked":["Slice+1"],"picked":"SKIP","floor":37},{"not_picked":["Blade Dance"],"picked":"SKIP","floor":38},{"not_picked":["Bane+1"],"picked":"SKIP","floor":40}],"player_experience":520396,"relics_obtained":[{"floor":8,"key":"Molten Egg 2"},{"floor":9,"key":"Ornamental Fan"},{"floor":11,"key":"Ancient Tea Set"},{"floor":23,"key":"Gremlin Horn"},{"floor":26,"key":"Dream Catcher"}],"event_choices":[{"damage_healed":0,"gold_gain":0,"player_choice":"Entered Light","damage_taken":14,"max_hp_gain":0,"max_hp_loss":0,"event_name":"Shining Light","floor":2,"gold_loss":0,"cards_upgraded":["Survivor","Strike_G"]},{"damage_healed":0,"gold_gain":0,"player_choice":"Gave Potion","damage_taken":0,"relics_obtained":["PreservedInsect"],"max_hp_gain":0,"max_hp_loss":0,"event_name":"WeMeetAgain","floor":3,"gold_loss":0},{"damage_healed":0,"gold_gain":0,"player_choice":"Ignored","damage_taken":0,"max_hp_gain":0,"max_hp_loss":0,"event_name":"N\u0027loth","floor":20,"gold_loss":0},{"damage_healed":0,"gold_gain":0,"player_choice":"Simplicity","damage_taken":0,"max_hp_gain":0,"max_hp_loss":0,"event_name":"Back to Basics","floor":31,"gold_loss":0,"cards_upgraded":["Defend_G","Defend_G","Defend_G","Defend_G","Defend_G","Strike_G","Strike_G","Strike_G"]},{"damage_healed":0,"gold_gain":0,"player_choice":"Bought 1 Potion","damage_taken":0,"max_hp_gain":0,"max_hp_loss":0,"event_name":"The Woman in Blue","floor":36,"gold_loss":0},{"cards_removed":["Strike_G"],"damage_healed":0,"gold_gain":0,"player_choice":"Removed Attack","damage_taken":0,"max_hp_gain":0,"max_hp_loss":0,"event_name":"Falling","floor":39,"gold_loss":0}],"is_beta":false,"boss_relics":[{"not_picked":["White Beast Statue","Lizard Tail"],"picked":"Orrery"},{"not_picked":["Philosopher\u0027s Stone","Empty Cage"],"picked":"Busted Crown"}],"items_purged_floors":[],"is_endless":false,"potions_floor_spawned":[1,4,8,16,18,25,28,29,37,40],"killed_by":"Sphere and 2 Shapes","ascension_level":8}