{"gold_per_floor":[111,36,55,75,89,89,123,123,123,123,142,198,198,214,214,289,289,300,320,320,320,83,83,103,103,103,118,118,136,161,61,61,138,138,152,162,37,50,0,0,28,28,28,59,72,72,72,83,83,83,83],"floor_reached":52,"playtime":3043,"items_purged":["Regret","Pain","Strike_B"],"score":1889,"play_id":"102ee5d7-0eae-4c9c-b2a0-379d25db9bc1","local_time":"20180922205718","is_ascension_mode":true,"campfire_choices":[{"data":"Chaos","floor":6.0,"key":"SMITH"},{"data":"Zap","floor":10.0,"key":"SMITH"},{"data":"Lockon","floor":13.0,"key":"SMITH"},{"data":"Dualcast","floor":15.0,"key":"SMITH"},{"data":"Defragment","floor":23.0,"key":"SMITH"},{"data":"Thunder Strike","floor":25.0,"key":"SMITH"},{"data":"Sunder","floor":28.0,"key":"SMITH"},{"data":"Hologram","floor":32.0,"key":"SMITH"},{"data":"Go for the Eyes","floor":40.0,"key":"SMITH"},{"data":"Reinforced Body","floor":42.0,"key":"SMITH"},{"data":"Electrodynamics","floor":46.0,"key":"SMITH"},{"floor":49.0,"key":"REST"}],"neow_cost":"CURSE","seed_source_timestamp":0,"circlet_count":0,"master_deck":["Defend_B","Defend_B","Defend_B","Defend_B","Zap+1","Dualcast+1","AscendersBane","Chill","Chaos+1","Go for the Eyes+1","Self Repair","Lockon+1","Conserve Battery","Echo Form","Chill","Conserve Battery","Ball Lightning+1","Conserve Battery","Thunder Strike+1","Defragment+1","Echo Form","Hologram+1","Sunder+1","Reinforced Body+1","Go for the Eyes+1","Electrodynamics+1","Hologram+1","Echo Form"],"special_seed":0,"relics":["Cracked Core","Bag of Preparation","Ancient Tea Set","Mummified Hand","Cursed Key","WarpedTongs","MutagenicStrength","DollysMirror","DataDisk","Philosopher\u0027s Stone","Red Mask","Whetstone","Lantern"],"potions_floor_usage":[],"damage_taken":[{"damage":9.0,"enemies":"Jaw Worm","floor":1.0,"turns":3.0},{"damage":0.0,"enemies":"Cultist","floor":3.0,"turns":5.0},{"damage":0.0,"enemies":"Small Slimes","floor":4.0,"turns":4.0},{"damage":4.0,"enemies":"Blue Slaver","floor":5.0,"turns":4.0},{"damage":18.0,"enemies":"3 Sentries","floor":7.0,"turns":8.0},{"damage":0.0,"enemies":"Looter","floor":11.0,"turns":5.0},{"damage":16.0,"enemies":"Lagavulin Event","floor":12.0,"turns":5.0},{"damage":1.0,"enemies":"3 Louse","floor":14.0,"turns":3.0},{"damage":1.0,"enemies":"The Guardian","floor":16.0,"turns":10.0},{"damage":0.0,"enemies":"Spheric Guardian","floor":18.0,"turns":5.0},{"damage":13.0,"enemies":"2 Thieves","floor":19.0,"turns":4.0},{"damage":5.0,"enemies":"Snake Plant","floor":24.0,"turns":4.0},{"damage":7.0,"enemies":"Centurion and Healer","floor":27.0,"turns":5.0},{"damage":15.0,"enemies":"Cultist and Chosen","floor":29.0,"turns":7.0},{"damage":29.0,"enemies":"Book of Stabbing","floor":30.0,"turns":4.0},{"damage":50.0,"enemies":"Collector","floor":33.0,"turns":12.0},{"damage":4.0,"enemies":"3 Shapes","floor":35.0,"turns":4.0},{"damage":0.0,"enemies":"3 Darklings","floor":36.0,"turns":5.0},{"damage":6.0,"enemies":"Spire Growth","floor":38.0,"turns":4.0},{"damage":0.0,"enemies":"Nemesis","floor":41.0,"turns":5.0},{"damage":0.0,"enemies":"Giant Head","floor":44.0,"turns":5.0},{"damage":0.0,"enemies":"Jaw Worm Horde","floor":45.0,"turns":4.0},{"damage":18.0,"enemies":"Sphere and 2 Shapes","floor":48.0,"turns":4.0},{"damage":61.0,"enemies":"Time Eater","floor":50.0,"turns":9.0},{"damage":23,"enemies":"Donu and Deca","floor":51,"turns":7}],"seed_played":"8905448969373118097","potions_obtained":[{"floor":4.0,"key":"AttackPotion"},{"floor":5.0,"key":"Swift Potion"},{"floor":7.0,"key":"Swift Potion"},{"floor":12.0,"key":"Fire Potion"},{"floor":27.0,"key":"LiquidBronze"},{"floor":30.0,"key":"Energy Potion"},{"floor":33.0,"key":"LiquidBronze"},{"floor":36.0,"key":"Strength Potion"}],"is_trial":false,"path_per_floor":["M","$","M","M","M","R","E","?","T","R","M","?","R","M","R","B",null,"M","M","?","?","$","R","M","R","T","M","R","M","E","$","R","B",null,"M","M","$","M","?","R","E","R","T","E","M","R","$","M","R","B","B"],"character_chosen":"DEFECT","items_purchased":["DollysMirror"],"campfire_rested":1,"item_purchase_floors":[22],"current_hp_per_floor":[55,55,55,62,65,65,54,54,54,54,68,66,66,71,71,71,71,71,71,71,71,71,71,71,71,71,71,71,71,56,56,56,16,57,53,67,67,71,71,71,71,71,71,71,71,71,71,63,71,24,8],"gold":83,"neow_bonus":"TRANSFORM_TWO_CARDS","is_prod":false,"is_daily":false,"chose_seed":false,"campfire_upgraded":11,"win_rate":0,"timestamp":1537642638,"path_taken":["M","$","M","M","M","R","E","?","T","R","M","?","R","M","R","BOSS","M","M","?","?","$","R","M","R","T","M","R","M","E","$","R","BOSS","M","M","$","M","?","R","E","R","T","E","M","R","$","M","R","BOSS","BOSS"],"build_version":"2018-09-20","purchased_purges":3,"victory":true,"max_hp_per_floor":[71,71,71,71,71,71,71,71,71,71,71,71,71,71,71,71,71,71,71,71,71,71,71,71,71,71,71,71,71,71,71,71,71,71,71,71,71,71,71,71,71,71,71,71,71,71,71,71,71,71,71],"card_choices":[{"not_picked":["Barrage","Reprogram"],"picked":"Go for the Eyes","floor":1.0},{"not_picked":["Redo","Go for the Eyes"],"picked":"Self Repair","floor":3.0},{"not_picked":["Fusion","Streamline"],"picked":"Lockon","floor":4.0},{"not_picked":["Stack","Gash"],"picked":"Conserve Battery","floor":5.0},{"not_picked":["Static Discharge","Undo"],"picked":"Echo Form","floor":7.0},{"not_picked":["Sweeping Beam","Recycle"],"picked":"Conserve Battery","floor":11.0},{"not_picked":["Streamline","Reprogram"],"picked":"Ball Lightning","floor":12.0},{"not_picked":["Doom and Gloom","Rip and Tear"],"picked":"Conserve Battery","floor":14.0},{"not_picked":["Meteor Strike","Core Surge"],"picked":"Thunder Strike","floor":16.0},{"not_picked":["Auto Shields","Turbo"],"picked":"Defragment","floor":18.0},{"not_picked":["Barrage","Recycle","Cold Snap"],"picked":"SKIP","floor":19.0},{"not_picked":["Coolheaded","Redo+1"],"picked":"Hologram","floor":24.0},{"not_picked":["Stack+1","Hologram"],"picked":"Sunder","floor":27.0},{"not_picked":["Loop","Steam"],"picked":"Reinforced Body","floor":29.0},{"not_picked":["Stack","Steam"],"picked":"Go for the Eyes","floor":30.0},{"not_picked":["Meteor Strike","All For One"],"picked":"Electrodynamics","floor":33.0},{"not_picked":["Turbo","Leap"],"picked":"Hologram+1","floor":35.0},{"not_picked":["Coolheaded","Skim"],"picked":"Echo Form","floor":36.0},{"not_picked":["Reprogram+1","Turbo","Stack"],"picked":"SKIP","floor":38.0},{"not_picked":["Chill","Blizzard","Cold Snap"],"picked":"SKIP","floor":41.0},{"not_picked":["Stack","Undo","Conserve Battery+1"],"picked":"SKIP","floor":44.0},{"not_picked":["Genetic Algorithm","Doom and Gloom","Rebound"],"picked":"SKIP","floor":45.0},{"not_picked":["Self Repair","Barrage","Cold Snap"],"picked":"SKIP","floor":48.0}],"player_experience":967058,"relics_obtained":[{"floor":7.0,"key":"Bag of Preparation"},{"floor":9.0,"key":"Ancient Tea Set"},{"floor":12.0,"key":"Mummified Hand"},{"floor":30.0,"key":"DataDisk"},{"floor":41.0,"key":"Whetstone"},{"floor":44.0,"key":"Lantern"}],"event_choices":[{"event_name":"Transmorgrifier","player_choice":"Transform","floor":8.0,"damage_taken":0.0},{"event_name":"Dead Adventurer","player_choice":"Searched \u00272\u0027 times","floor":12.0,"damage_taken":0.0},{"event_name":"Accursed Blacksmith","player_choice":"Rummage","floor":20.0,"damage_taken":0.0},{"event_name":"Drug Dealer","player_choice":"Inject Mutagens","floor":21.0,"damage_taken":0.0},{"event_name":"Tomb of Lord Red Mask","player_choice":"Paid","floor":39.0,"damage_taken":0.0}],"is_beta":true,"boss_relics":[{"not_picked":["Ectoplasm","Lizard Tail"],"picked":"Cursed Key"},{"not_picked":["White Beast Statue","FrozenCore"],"picked":"Philosopher\u0027s Stone"}],"items_purged_floors":[2,31,37],"is_endless":false,"potions_floor_spawned":[4,5,7,12,18,27,30,33,36,38,44,45],"ascension_level":20}