{"gold_per_floor":[20,20,34,53,53,80,80,115,183,183],"floor_reached":10,"playtime":822,"items_purged":[],"score":84,"play_id":"9d82790b-d3bd-40d2-92f2-93d7c006d483","local_time":"20181223160303","is_ascension_mode":true,"campfire_choices":[{"floor":7,"key":"REST"}],"neow_cost":"NO_GOLD","seed_source_timestamp":934706762658276,"circlet_count":0,"master_deck":["Strike_R","Strike_R","Strike_R","Strike_R","Strike_R","Defend_R","Defend_R","Defend_R","Defend_R","Bash","Barricade","Corruption","Iron Wave","Iron Wave","Headbutt","Seeing Red"],"relics":["Burning Blood","Prayer Wheel","Omamori","Ornamental Fan","Letter Opener"],"potions_floor_usage":[6,6],"damage_taken":[{"damage":3,"enemies":"2 Louse","floor":1,"turns":4},{"damage":12,"enemies":"Jaw Worm","floor":3,"turns":8},{"damage":10,"enemies":"Small Slimes","floor":4,"turns":5},{"damage":42,"enemies":"Lagavulin","floor":6,"turns":16},{"damage":37,"enemies":"3 Sentries","floor":8,"turns":12},{"damage":32,"enemies":"Gremlin Nob","floor":10,"turns":4}],"seed_played":"-7565275766119056946","potions_obtained":[{"floor":1,"key":"LiquidBronze"},{"floor":4,"key":"Block Potion"}],"is_trial":false,"path_per_floor":["M","?","M","M","?","E","R","E","T","E"],"character_chosen":"IRONCLAD","items_purchased":[],"campfire_rested":1,"item_purchase_floors":[],"current_hp_per_floor":[80,85,79,75,72,36,61,30,30,0],"gold":183,"neow_bonus":"THREE_RARE_CARDS","is_prod":false,"is_daily":false,"chose_seed":false,"campfire_upgraded":0,"win_rate":0,"timestamp":1545598983,"path_taken":["M","?","M","M","?","E","R","E","T","E"],"build_version":"2018-12-20","purchased_purges":0,"victory":false,"max_hp_per_floor":[80,85,85,85,85,85,85,85,85,85],"card_choices":[{"not_picked":["Impervious","Berserk"],"picked":"Barricade","floor":0},{"not_picked":["Fire Breathing","Rampage"],"picked":"Corruption","floor":1},{"not_picked":["Sword Boomerang","Infernal Blade"],"picked":"Iron Wave","floor":3},{"not_picked":["Headbutt","Thunderclap"],"picked":"Iron Wave","floor":4},{"not_picked":["Rupture","Thunderclap"],"picked":"Headbutt","floor":6},{"not_picked":["Anger","Blood for Blood"],"picked":"Seeing Red","floor":8}],"player_experience":423156,"relics_obtained":[{"floor":6,"key":"Omamori"},{"floor":8,"key":"Ornamental Fan"},{"floor":9,"key":"Letter Opener"}],"event_choices":[{"damage_healed":0,"gold_gain":0,"player_choice":"Donut","damage_taken":0,"max_hp_gain":5,"max_hp_loss":0,"event_name":"Big Fish","floor":2,"gold_loss":0},{"damage_healed":0,"gold_gain":0,"player_choice":"Success","damage_taken":3,"relics_obtained":["Prayer Wheel"],"max_hp_gain":0,"max_hp_loss":0,"event_name":"Scrap Ooze","floor":5,"gold_loss":0}],"is_beta":false,"boss_relics":[],"items_purged_floors":[],"is_endless":false,"potions_floor_spawned":[1,4],"killed_by":"Gremlin Nob","ascension_level":2}