{"gold_per_floor":[118,118,129,129,148,178,20,47,47,47,59,72,35,64,64,141,141,158,0,0,0,10,10,10,10,33,33],"floor_reached":27,"playtime":2166,"items_purged":["Strike_G","Strike_G"],"score":424,"play_id":"4bfbe6a6-fd27-4b16-9657-35aa6dc45023","local_time":"20190528023910","is_ascension_mode":true,"campfire_choices":[{"data":"Poisoned Stab","floor":10,"key":"SMITH"},{"floor":15,"key":"REST"},{"data":"Night Terror","floor":23,"key":"SMITH"}],"neow_cost":"NONE","seed_source_timestamp":1062272110175736,"circlet_count":0,"master_deck":["AscendersBane","Defend_G","Defend_G","Defend_G+1","Defend_G+1","Defend_G","Strike_G","Strike_G","Survivor","Neutralize+1","Masterful Stab","Cloak And Dagger","Adrenaline","Footwork","Poisoned Stab","Caltrops","Poisoned Stab+1","Backflip","Footwork","Dash","Night Terror+1","Deadly Poison","Deadly Poison","Pain","Writhe","Parasite"],"relics":["Ring of the Snake","NeowsBlessing","Meat on the Bone","War Paint","Pantograph","Ancient Tea Set","Cursed Key","Blue Candle","Bronze Scales","Bag of Marbles"],"potions_floor_usage":[8,16,16],"damage_taken":[{"damage":0,"enemies":"2 Louse","floor":1,"turns":1},{"damage":0,"enemies":"Cultist","floor":3,"turns":1},{"damage":0,"enemies":"Small Slimes","floor":5,"turns":1},{"damage":19,"enemies":"3 Sentries","floor":6,"turns":15},{"damage":15,"enemies":"Gremlin Nob","floor":8,"turns":4},{"damage":0,"enemies":"Looter","floor":11,"turns":3},{"damage":0,"enemies":"Exordium Wildlife","floor":12,"turns":6},{"damage":1,"enemies":"3 Sentries","floor":14,"turns":8},{"damage":62,"enemies":"Slime Boss","floor":16,"turns":17},{"damage":11,"enemies":"Spheric Guardian","floor":18,"turns":5},{"damage":6,"enemies":"2 Thieves","floor":22,"turns":4},{"damage":66,"enemies":"Gremlin Leader","floor":27,"turns":5}],"seed_played":"817291367039177619","potions_obtained":[{"floor":3,"key":"Swift Potion"},{"floor":5,"key":"SpeedPotion"},{"floor":6,"key":"Energy Potion"},{"floor":14,"key":"Poison Potion"},{"floor":18,"key":"Dexterity Potion"}],"is_trial":false,"path_per_floor":["M","?","M","?","M","E","$","E","T","R","M","M","$","E","R","B",null,"M","$","?","T","M","R","?","?","T","E"],"character_chosen":"THE_SILENT","items_purchased":["Caltrops","Dash","Deadly Poison"],"campfire_rested":1,"item_purchase_floors":[7,13,19],"current_hp_per_floor":[59,59,59,59,59,40,40,37,37,37,37,37,37,36,55,16,54,43,43,43,43,37,37,37,66,66,0],"gold":33,"neow_bonus":"THREE_ENEMY_KILL","is_prod":false,"is_daily":false,"chose_seed":false,"campfire_upgraded":2,"win_rate":0,"timestamp":1559003950,"path_taken":["M","?","?","?","?","E","$","E","T","R","M","M","$","E","R","BOSS","M","$","?","?","M","R","?","?","T","E"],"build_version":"2019-01-23","purchased_purges":2,"victory":false,"max_hp_per_floor":[66,66,66,66,66,66,66,66,66,66,66,66,66,66,66,66,66,66,66,66,66,66,66,66,66,66,66],"card_choices":[{"not_picked":["Dodge and Roll","Flechettes"],"picked":"Masterful Stab","floor":1},{"not_picked":["Blur","Endless Agony"],"picked":"Cloak And Dagger","floor":3},{"not_picked":["Poisoned Stab","PiercingWail"],"picked":"Footwork","floor":5},{"not_picked":["Backflip","Flying Knee"],"picked":"Poisoned Stab","floor":6},{"not_picked":["Caltrops","All Out Attack"],"picked":"Poisoned Stab","floor":8},{"not_picked":["Riddle With Holes","Blade Dance"],"picked":"Backflip","floor":11},{"not_picked":["Backflip","Glass Knife"],"picked":"Footwork","floor":12},{"not_picked":["Finisher","Infinite Blades","Blade Dance"],"picked":"SKIP","floor":14},{"not_picked":["Grand Finale","Tools of the Trade"],"picked":"Night Terror","floor":16},{"not_picked":["Outmaneuver","Dodge and Roll"],"picked":"Deadly Poison","floor":18},{"not_picked":["Slice","Expertise","Infinite Blades"],"picked":"SKIP","floor":22}],"player_experience":671709,"relics_obtained":[{"floor":6,"key":"Meat on the Bone"},{"floor":8,"key":"War Paint"},{"floor":9,"key":"Pantograph"},{"floor":14,"key":"Ancient Tea Set"},{"floor":21,"key":"Blue Candle"},{"floor":26,"key":"Bag of Marbles"}],"event_choices":[{"damage_healed":0,"gold_gain":0,"player_choice":"Forge","damage_taken":0,"max_hp_gain":0,"max_hp_loss":0,"event_name":"Accursed Blacksmith","floor":2,"gold_loss":0,"cards_upgraded":["Neutralize"]},{"damage_healed":0,"gold_gain":0,"cards_transformed":["Strike_G"],"player_choice":"Transformed","damage_taken":0,"max_hp_gain":0,"max_hp_loss":0,"event_name":"Transmorgrifier","floor":4,"gold_loss":0,"cards_obtained":["Adrenaline"]},{"damage_healed":0,"gold_gain":0,"player_choice":"Opened","damage_taken":0,"relics_obtained":["Bronze Scales"],"max_hp_gain":0,"max_hp_loss":0,"event_name":"The Mausoleum","floor":24,"gold_loss":0,"cards_obtained":["Writhe"]},{"damage_healed":29,"gold_gain":0,"player_choice":"Full Heal","damage_taken":0,"max_hp_gain":0,"max_hp_loss":0,"event_name":"Wheel of Change","floor":25,"gold_loss":0}],"is_beta":false,"boss_relics":[{"not_picked":["Empty Cage","Black Star"],"picked":"Cursed Key"}],"items_purged_floors":[7,19],"is_endless":false,"potions_floor_spawned":[3,5,6,14,18],"killed_by":"Gremlin Leader","ascension_level":17}