{"gold_per_floor":[119,51,51,51,70,70,86,86,109,134,134,148,148,160,160,265,265,245,258,271,288,162,162],"floor_reached":23,"playtime":1041,"items_purged":[],"score":251,"play_id":"9f1483a2-c372-4dd6-87ef-c19b6d6a0ff6","local_time":"20180828140028","is_ascension_mode":true,"campfire_choices":[{"data":"Catalyst","floor":6,"key":"SMITH"},{"floor":8,"key":"REST"},{"floor":13,"key":"REST"},{"data":"Catalyst","floor":15,"key":"SMITH"}],"neow_cost":"CURSE","seed_source_timestamp":1153824966215818,"circlet_count":0,"master_deck":["Defend_G","Defend_G","Defend_G","Defend_G","Defend_G","Strike_G","Strike_G","Strike_G","Strike_G","Strike_G","Survivor","Neutralize","Bouncing Flask+1","Catalyst+1","Blur","PiercingWail","Blur","Catalyst+1","After Image","Deadly Poison","Concentrate","Deflect+1","Caltrops","Noxious Fumes","Deadly Poison"],"relics":["Ring of the Snake","Du-Vu Doll","Kunai","Bag of Marbles","Pen Nib","Velvet Choker"],"potions_floor_usage":[10,16,16,21,23,23,23,23],"damage_taken":[{"damage":2,"enemies":"Small Slimes","floor":1,"turns":4},{"damage":0,"enemies":"Cultist","floor":5,"turns":4},{"damage":2,"enemies":"Jaw Worm","floor":7,"turns":3},{"damage":20,"enemies":"Gremlin Nob","floor":10,"turns":5},{"damage":1,"enemies":"Looter","floor":12,"turns":4},{"damage":0,"enemies":"Large Slime","floor":14,"turns":3},{"damage":6,"enemies":"Hexaghost","floor":16,"turns":6},{"damage":9,"enemies":"2 Thieves","floor":18,"turns":4},{"damage":0,"enemies":"Spheric Guardian","floor":19,"turns":2},{"damage":19,"enemies":"Snake Plant","floor":20,"turns":4},{"damage":35,"enemies":"Snecko","floor":21,"turns":7},{"damage":7,"enemies":"Gremlin Leader","floor":23,"turns":2}],"seed_played":"-2978294636940733279","potions_obtained":[{"floor":7,"key":"PowerPotion"},{"floor":12,"key":"SkillPotion"},{"floor":14,"key":"Dexterity Potion"},{"floor":16,"key":"Energy Potion"},{"floor":18,"key":"LiquidBronze"},{"floor":21,"key":"EntropicBrew"}],"is_trial":false,"path_per_floor":["M","?","?","?","M","R","M","R","T","E","?","M","R","M","R","B",null,"M","M","M","M","$"],"character_chosen":"THE_SILENT","items_purchased":["Noxious Fumes","Deadly Poison"],"campfire_rested":2,"item_purchase_floors":[22,22],"current_hp_per_floor":[68,68,68,68,68,68,66,70,70,50,50,49,70,70,70,64,70,61,61,42,7,7,0],"gold":162,"neow_bonus":"ONE_RARE_RELIC","is_prod":false,"is_daily":false,"chose_seed":false,"campfire_upgraded":2,"win_rate":0,"timestamp":1535479228,"path_taken":["M","?","?","?","M","R","M","R","T","E","?","M","R","M","R","BOSS","M","?","M","M","?","E"],"build_version":"2018-08-23v2","purchased_purges":0,"victory":false,"max_hp_per_floor":[70,70,70,70,70,70,70,70,70,70,70,70,70,70,70,70,70,70,70,70,70,70,70],"card_choices":[{"not_picked":["Bane","Expertise"],"picked":"Bouncing Flask","floor":1},{"not_picked":["Footwork","Choke"],"picked":"Catalyst","floor":5},{"not_picked":["Blade Dance","Acrobatics"],"picked":"Blur","floor":7},{"not_picked":["Bullet Time","Infinite Blades"],"picked":"PiercingWail","floor":10},{"not_picked":["Underhanded Strike","Deflect"],"picked":"Blur","floor":12},{"not_picked":["Poisoned Stab","Slice"],"picked":"Catalyst","floor":14},{"not_picked":["Phantasmal Killer","Die Die Die"],"picked":"After Image","floor":16},{"not_picked":["Underhanded Strike","Terror"],"picked":"Deadly Poison","floor":18},{"not_picked":["Underhanded Strike+1","Dodge and Roll"],"picked":"Concentrate","floor":19},{"not_picked":["Backflip","Underhanded Strike"],"picked":"Deflect+1","floor":20},{"not_picked":["Glass Knife","Heel Hook+1"],"picked":"Caltrops","floor":21}],"player_experience":89299,"relics_obtained":[{"floor":9,"key":"Bag of Marbles"},{"floor":10,"key":"Pen Nib"}],"event_choices":[{"event_name":"WeMeetAgain","player_choice":"Gold","floor":2,"damage_taken":0},{"event_name":"Golden Wing","player_choice":"Ignored","floor":3,"damage_taken":0},{"event_name":"Purifier","player_choice":"One Purge","floor":4,"damage_taken":0},{"event_name":"Living Wall","player_choice":"Grow","floor":11,"damage_taken":0}],"is_beta":false,"boss_relics":[{"not_picked":["Snecko Eye","Runic Pyramid"],"picked":"Velvet Choker"}],"items_purged_floors":[],"is_endless":false,"potions_floor_spawned":[7,12,14,16,18,21],"killed_by":"Gremlin Leader","ascension_level":3}