{"gold_per_floor":[118,138,138,138,158,170,170,199,237,249,290,314,326,363,375,489,501,524,556,580,592,618,630,642],"floor_reached":24,"playtime":887,"items_purged":[],"score":327,"play_id":"44dc1847-a23e-4965-9384-9caf542c742c","local_time":"20190404220300","is_ascension_mode":true,"campfire_choices":[{"data":"Flame Barrier","floor":7,"key":"SMITH"},{"data":"Rampage","floor":10,"key":"SMITH"},{"floor":13,"key":"REST"},{"floor":15,"key":"REST"},{"floor":23,"key":"REST"}],"neow_cost":"NONE","seed_source_timestamp":1296972295489400,"circlet_count":0,"master_deck":["AscendersBane","Strike_R","Strike_R","Strike_R","Defend_R","Defend_R","Defend_R","Defend_R","Bash","Rampage","Flame Barrier+1","Rampage+1","Spot Weakness","Infernal Blade","Flame Barrier","Sword Boomerang+1","Cleave+1","Shrug It Off+1"],"relics":["Burning Blood","Bag of Marbles","MawBank","Strawberry","Molten Egg 2","Bronze Scales","Empty Cage"],"potions_floor_usage":[8,11,16,19,19],"damage_taken":[{"damage":0,"enemies":"Small Slimes","floor":1,"turns":3},{"damage":7,"enemies":"Jaw Worm","floor":2,"turns":4},{"damage":6,"enemies":"Cultist","floor":5,"turns":3},{"damage":8,"enemies":"3 Louse","floor":6,"turns":4},{"damage":25,"enemies":"Lagavulin","floor":8,"turns":6},{"damage":26,"enemies":"Gremlin Nob","floor":11,"turns":5},{"damage":11,"enemies":"Blue Slaver","floor":12,"turns":4},{"damage":30,"enemies":"3 Sentries","floor":14,"turns":7},{"damage":49,"enemies":"The Guardian","floor":16,"turns":10},{"damage":8,"enemies":"3 Byrds","floor":18,"turns":3},{"damage":19,"enemies":"Chosen","floor":19,"turns":4},{"damage":13,"enemies":"Snecko","floor":20,"turns":5},{"damage":40,"enemies":"Colosseum Slavers","floor":21,"turns":5},{"damage":14,"enemies":"Centurion and Healer","floor":22,"turns":6},{"damage":45,"enemies":"3 Cultists","floor":24,"turns":4}],"seed_played":"3753202109656123809","potions_obtained":[{"floor":1,"key":"AttackPotion"},{"floor":2,"key":"SteroidPotion"},{"floor":6,"key":"Weak Potion"},{"floor":16,"key":"Weak Potion"},{"floor":18,"key":"BloodPotion"}],"is_trial":false,"path_per_floor":["M","M","?","?","M","M","R","E","T","R","E","M","R","E","R","B",null,"M","M","M","?","M","R","M"],"character_chosen":"IRONCLAD","items_purchased":[],"campfire_rested":3,"item_purchase_floors":[],"current_hp_per_floor":[78,77,82,64,64,62,62,43,50,50,30,25,52,28,55,12,72,70,66,59,25,17,44,0],"gold":642,"neow_bonus":"THREE_CARDS","is_prod":false,"is_daily":false,"chose_seed":false,"campfire_upgraded":2,"win_rate":0,"timestamp":1554429780,"path_taken":["M","M","?","?","M","M","R","E","T","R","E","M","R","E","R","BOSS","M","M","M","?","M","R","M"],"build_version":"2019-01-23","purchased_purges":0,"victory":false,"max_hp_per_floor":[80,80,85,85,85,85,85,85,92,92,92,92,92,92,92,92,92,92,92,92,92,92,92,92],"card_choices":[{"not_picked":["Warcry","Flex"],"picked":"Rampage","floor":0},{"not_picked":["Inflame","Warcry"],"picked":"Flame Barrier","floor":1},{"not_picked":["Sword Boomerang","Pommel Strike"],"picked":"Rampage","floor":2},{"not_picked":["Reckless Charge","Havoc","Pommel Strike"],"picked":"SKIP","floor":5},{"not_picked":["Perfected Strike","Iron Wave"],"picked":"Spot Weakness","floor":6},{"not_picked":["Sword Boomerang","Shrug It Off","Brutality"],"picked":"SKIP","floor":8},{"not_picked":["Uppercut","Flex","Pommel Strike"],"picked":"SKIP","floor":11},{"not_picked":["Rage","Clash+1"],"picked":"Infernal Blade","floor":12},{"not_picked":["Exhume","Offering"],"picked":"Flame Barrier","floor":14},{"not_picked":["Clothesline+1","Body Slam+1"],"picked":"Sword Boomerang+1","floor":18},{"not_picked":["Clothesline+1","Sword Boomerang+1","Uppercut+1"],"picked":"SKIP","floor":19},{"not_picked":["Body Slam+1","Shrug It Off"],"picked":"Cleave+1","floor":20},{"not_picked":["Thunderclap+1","Anger+1"],"picked":"Shrug It Off+1","floor":22}],"player_experience":363933,"relics_obtained":[{"floor":8,"key":"MawBank"},{"floor":9,"key":"Strawberry"},{"floor":11,"key":"Molten Egg 2"},{"floor":14,"key":"Bronze Scales"}],"event_choices":[{"damage_healed":0,"gold_gain":0,"player_choice":"Donut","damage_taken":0,"max_hp_gain":5,"max_hp_loss":0,"event_name":"Big Fish","floor":3,"gold_loss":0},{"damage_healed":0,"gold_gain":0,"player_choice":"Success","damage_taken":18,"relics_obtained":["Bag of Marbles"],"max_hp_gain":0,"max_hp_loss":0,"event_name":"Scrap Ooze","floor":4,"gold_loss":0},{"damage_healed":0,"gold_gain":0,"player_choice":"Fight","damage_taken":0,"max_hp_gain":0,"max_hp_loss":0,"event_name":"Colosseum","floor":21,"gold_loss":0},{"damage_healed":0,"gold_gain":0,"player_choice":"Fled From Nobs","damage_taken":0,"max_hp_gain":0,"max_hp_loss":0,"event_name":"Colosseum","floor":21,"gold_loss":0}],"is_beta":false,"boss_relics":[{"not_picked":["Runic Pyramid","Snecko Eye"],"picked":"Empty Cage"}],"items_purged_floors":[],"is_endless":false,"potions_floor_spawned":[1,2,6,16,18],"killed_by":"3 Cultists","ascension_level":10}