{"gold_per_floor":[115,132,132,150,170,170,188,201,201,218,245,256,164,239,239,335,335,354,364,378,397,397,397,428,428,428,303,303,318,336,251,251,251],"floor_reached":33,"playtime":3251,"items_purged":[],"score":448,"play_id":"452ec903-fe14-460d-8b8b-a20534e32521","local_time":"20190421005615","is_ascension_mode":true,"campfire_choices":[{"floor":6,"key":"REST"},{"data":"Footwork","floor":15,"key":"SMITH"},{"floor":23,"key":"REST"},{"floor":25,"key":"REST"},{"floor":28,"key":"REST"},{"floor":32,"key":"REST"}],"neow_cost":"NONE","seed_source_timestamp":863165521189900,"circlet_count":0,"master_deck":["AscendersBane","Defend_G","Defend_G","Defend_G","Defend_G","Defend_G","Strike_G","Strike_G","Strike_G","Strike_G","Strike_G","Survivor","Neutralize","Adrenaline","Outmaneuver","All Out Attack","Discovery","Quick Slash","Die Die Die","Deflect","Backflip","Bouncing Flask","Burst","Footwork+1","Leg Sweep","Acrobatics","Enlightenment","Burst","All Out Attack","Caltrops","Backflip","Leg Sweep+1","Crippling Poison","Dash","Poisoned Stab+1"],"relics":["Ring of the Snake","Pantograph","Bottled Tornado","Lizard Tail","MutagenicStrength","Gremlin Horn","Shuriken","Orichalcum","Toxic Egg 2"],"potions_floor_usage":[21,21],"damage_taken":[{"damage":0,"enemies":"Small Slimes","floor":1,"turns":6},{"damage":0,"enemies":"Cultist","floor":2,"turns":4},{"damage":0,"enemies":"2 Louse","floor":4,"turns":1},{"damage":17,"enemies":"Large Slime","floor":5,"turns":10},{"damage":0,"enemies":"2 Fungi Beasts","floor":7,"turns":2},{"damage":0,"enemies":"Gremlin Gang","floor":8,"turns":1},{"damage":3,"enemies":"Looter","floor":10,"turns":4},{"damage":7,"enemies":"Lagavulin","floor":11,"turns":5},{"damage":0,"enemies":"2 Fungi Beasts","floor":12,"turns":3},{"damage":28,"enemies":"Hexaghost","floor":16,"turns":13},{"damage":16,"enemies":"Shell Parasite","floor":18,"turns":7},{"damage":10,"enemies":"Chosen","floor":19,"turns":6},{"damage":26,"enemies":"Snake Plant","floor":20,"turns":6},{"damage":19,"enemies":"Centurion and Healer","floor":21,"turns":10},{"damage":32,"enemies":"Book of Stabbing","floor":24,"turns":9},{"damage":12,"enemies":"Shelled Parasite and Fungi","floor":29,"turns":9},{"damage":35,"enemies":"3 Cultists","floor":30,"turns":6},{"damage":68,"enemies":"Collector","floor":33,"turns":7}],"seed_played":"2065744566986043636","potions_obtained":[{"floor":5,"key":"EssenceOfSteel"},{"floor":8,"key":"Poison Potion"},{"floor":16,"key":"Poison Potion"},{"floor":29,"key":"Weak Potion"},{"floor":30,"key":"SmokeBomb"}],"is_trial":false,"path_per_floor":["M","M","?","M","M","R","M","M","T","M","E","M","$","?","R","B",null,"M","M","M","M","?","R","E","R","T","?","R","M","M","?","R","B"],"character_chosen":"THE_SILENT","items_purchased":["Enlightenment"],"campfire_rested":5,"item_purchase_floors":[13],"current_hp_per_floor":[63,63,63,63,46,67,67,67,67,64,57,57,57,46,46,42,63,47,37,11,30,30,51,19,40,40,40,61,49,14,14,35,0],"gold":251,"neow_bonus":"ONE_RANDOM_RARE_CARD","is_prod":false,"is_daily":false,"chose_seed":false,"campfire_upgraded":1,"win_rate":0,"timestamp":1555822575,"path_taken":["M","M","?","M","?","R","M","M","T","?","E","M","?","?","R","BOSS","M","M","M","M","?","R","E","R","T","?","R","?","M","?","R","BOSS"],"build_version":"2019-01-23","purchased_purges":0,"victory":false,"max_hp_per_floor":[70,70,70,70,70,70,70,70,70,70,70,70,70,70,70,70,70,70,70,70,70,70,70,70,70,70,70,70,70,70,70,70,70],"card_choices":[{"not_picked":["Bane","Blade Dance"],"picked":"Outmaneuver","floor":1},{"not_picked":["Slice","Deflect"],"picked":"All Out Attack","floor":2},{"not_picked":["Underhanded Strike","Flying Knee"],"picked":"Deflect","floor":4},{"not_picked":["Bane","Quick Slash"],"picked":"Backflip","floor":5},{"not_picked":["Acrobatics","Bane"],"picked":"Bouncing Flask","floor":7},{"not_picked":["Quick Slash","Deflect"],"picked":"Burst","floor":8},{"not_picked":["Prepared","Choke"],"picked":"Footwork","floor":10},{"not_picked":["Prepared","Acrobatics"],"picked":"Leg Sweep","floor":11},{"not_picked":["Quick Slash","Calculated Gamble"],"picked":"Acrobatics","floor":12},{"not_picked":["Grand Finale","Night Terror"],"picked":"Burst","floor":16},{"not_picked":["Riddle With Holes","Dagger Throw"],"picked":"All Out Attack","floor":18},{"not_picked":["Prepared+1","Quick Slash"],"picked":"Caltrops","floor":19},{"not_picked":["Endless Agony","Flechettes+1"],"picked":"Backflip","floor":20},{"not_picked":["Setup","Deadly Poison"],"picked":"Leg Sweep+1","floor":21},{"not_picked":["Dagger Throw+1","Expertise+1"],"picked":"Crippling Poison","floor":24},{"not_picked":["Slice","Dodge and Roll"],"picked":"Dash","floor":29},{"not_picked":["Reflex","Acrobatics+1"],"picked":"Poisoned Stab+1","floor":30}],"player_experience":290456,"relics_obtained":[{"floor":9,"key":"Pantograph"},{"floor":11,"key":"Bottled Tornado"},{"floor":24,"key":"Gremlin Horn"},{"floor":26,"key":"Shuriken"}],"event_choices":[{"damage_healed":0,"gold_gain":0,"player_choice":"3 cards matched","damage_taken":0,"max_hp_gain":0,"max_hp_loss":0,"event_name":"Match and Keep!","floor":3,"gold_loss":0,"cards_obtained":["Discovery","Quick Slash","Die Die Die"]},{"damage_healed":0,"gold_gain":75,"player_choice":"Gather Gold","damage_taken":11,"max_hp_gain":0,"max_hp_loss":0,"event_name":"World of Goop","floor":14,"gold_loss":0},{"damage_healed":0,"gold_gain":0,"player_choice":"Inject Mutagens","damage_taken":0,"relics_obtained":["MutagenicStrength"],"max_hp_gain":0,"max_hp_loss":0,"event_name":"Drug Dealer","floor":22,"gold_loss":0},{"damage_healed":0,"gold_gain":0,"player_choice":"Paid Gold","damage_taken":0,"relics_obtained":["Orichalcum"],"max_hp_gain":0,"max_hp_loss":0,"event_name":"WeMeetAgain","floor":27,"gold_loss":125},{"damage_healed":0,"gold_gain":0,"player_choice":"Obtained Relic","damage_taken":0,"relics_obtained":["Toxic Egg 2"],"max_hp_gain":0,"max_hp_loss":0,"event_name":"Addict","floor":31,"gold_loss":85}],"is_beta":false,"boss_relics":[{"not_picked":["White Beast Statue","Ring of the Serpent"],"picked":"Lizard Tail"}],"items_purged_floors":[],"is_endless":false,"potions_floor_spawned":[5,8,12,16,18,29,30],"killed_by":"Collector","ascension_level":11}