{"gold_per_floor":[115,115,134,150,29,29,55,71,71,71,81,92,8,18,18,122,122,122,62,62,62],"floor_reached":21,"playtime":1127,"items_purged":["Strike_R"],"score":293,"play_id":"0e694a95-d41f-4871-b905-38e638dc88df","local_time":"20190425175022","is_ascension_mode":true,"campfire_choices":[{"data":"Flame Barrier","floor":6,"key":"SMITH"},{"data":"Searing Blow","floor":10,"key":"SMITH"},{"floor":15,"key":"REST"}],"neow_cost":"NONE","seed_source_timestamp":112183481310700,"circlet_count":0,"master_deck":["AscendersBane","Strike_R","Strike_R","Strike_R","Strike_R","Defend_R","Defend_R","Defend_R","Defend_R","Bash","Flame Barrier+1","Combust","Searing Blow+1","Cleave","Sword Boomerang","Headbutt","Evolve","Ghostly Armor","Dual Wield","Demon Form","Armaments","Whirlwind"],"relics":["Burning Blood","Bag of Preparation","Centennial Puzzle","Bottled Flame","The Courier","Ectoplasm"],"potions_floor_usage":[7,8,11,16,16],"damage_taken":[{"damage":1,"enemies":"Cultist","floor":1,"turns":5},{"damage":1,"enemies":"2 Louse","floor":3,"turns":4},{"damage":7,"enemies":"Jaw Worm","floor":4,"turns":5},{"damage":46,"enemies":"Gremlin Nob","floor":7,"turns":5},{"damage":10,"enemies":"Large Slime","floor":8,"turns":4},{"damage":15,"enemies":"3 Louse","floor":11,"turns":2},{"damage":11,"enemies":"Exordium Thugs","floor":12,"turns":4},{"damage":13,"enemies":"Blue Slaver","floor":14,"turns":4},{"damage":51,"enemies":"Slime Boss","floor":16,"turns":10},{"damage":32,"enemies":"Shell Parasite","floor":18,"turns":6},{"damage":15,"enemies":"2 Thieves","floor":19,"turns":4},{"damage":29,"enemies":"Colosseum Slavers","floor":21,"turns":4}],"seed_played":"3198435349735489329","potions_obtained":[{"floor":1,"key":"FearPotion"},{"floor":3,"key":"BloodPotion"},{"floor":7,"key":"Energy Potion"},{"floor":12,"key":"Dexterity Potion"}],"is_trial":false,"path_per_floor":["M","T","M","M","$","R","E","M","T","R","M","M","$","M","R","B",null,"M","M","$","?"],"character_chosen":"IRONCLAD","items_purchased":["Cleave","Regen Potion","Dual Wield"],"campfire_rested":1,"item_purchase_floors":[5,13,13],"current_hp_per_floor":[77,77,80,79,79,79,39,43,43,43,34,29,29,22,46,16,64,38,29,29,0],"gold":62,"neow_bonus":"RANDOM_COMMON_RELIC","is_prod":false,"is_daily":false,"chose_seed":false,"campfire_upgraded":2,"win_rate":0,"timestamp":1556229022,"path_taken":["M","?","M","M","$","R","E","M","T","R","M","?","$","M","R","BOSS","M","M","$","?"],"build_version":"2019-01-23","purchased_purges":1,"victory":false,"max_hp_per_floor":[80,80,80,80,80,80,80,80,80,80,80,80,80,80,80,80,80,80,80,80,80],"card_choices":[{"not_picked":["Anger","Sentinel"],"picked":"Flame Barrier","floor":1},{"not_picked":["Flame Barrier","Clash"],"picked":"Combust","floor":3},{"not_picked":["Clash","Anger"],"picked":"Searing Blow","floor":4},{"not_picked":["Limit Break","Warcry"],"picked":"Sword Boomerang","floor":7},{"not_picked":["Heavy Blade","Shockwave"],"picked":"Headbutt","floor":8},{"not_picked":["Iron Wave","Havoc"],"picked":"Evolve","floor":11},{"not_picked":["Havoc","Perfected Strike"],"picked":"Ghostly Armor","floor":12},{"not_picked":["Sword Boomerang","Rupture","Anger"],"picked":"SKIP","floor":14},{"not_picked":["Double Tap","Fiend Fire"],"picked":"Demon Form","floor":16},{"not_picked":["Havoc","Shrug It Off"],"picked":"Armaments","floor":18},{"not_picked":["Twin Strike","Pommel Strike"],"picked":"Whirlwind","floor":19}],"player_experience":384521,"relics_obtained":[{"floor":2,"key":"Centennial Puzzle"},{"floor":7,"key":"Bottled Flame"},{"floor":9,"key":"The Courier"}],"event_choices":[{"damage_healed":0,"gold_gain":0,"player_choice":"Fight","damage_taken":0,"max_hp_gain":0,"max_hp_loss":0,"event_name":"Colosseum","floor":21,"gold_loss":0}],"is_beta":false,"boss_relics":[{"not_picked":["Calling Bell","Orrery"],"picked":"Ectoplasm"}],"items_purged_floors":[5],"is_endless":false,"potions_floor_spawned":[1,3,7,12,14],"killed_by":"Colosseum Slavers","ascension_level":12}