{"gold_per_floor":[119,135,34,51,51,51,77,77,150,150,185,185,200,215,215,287,287,301,313,313],"floor_reached":20,"playtime":892,"items_purged":[],"score":350,"play_id":"02507fe2-f27c-42b5-8ff1-43aa325ab8e2","local_time":"20190528162323","is_ascension_mode":true,"campfire_choices":[{"data":"Clothesline","floor":6,"key":"SMITH"},{"data":"Bash","floor":8,"key":"SMITH"},{"data":"Disarm","floor":10,"key":"SMITH"},{"floor":15,"key":"REST"}],"neow_cost":"NONE","seed_source_timestamp":160768065741000,"circlet_count":0,"master_deck":["AscendersBane","Strike_R","Strike_R","Strike_R","Defend_R","Defend_R","Bash+1","Clothesline+1","Battle Trance","Disarm+1","Cleave","Ghostly Armor","Twin Strike","Cleave","Feed","Battle Trance+1","Brutality+1","Clothesline+1","Spot Weakness","Metallicize"],"relics":["Burning Blood","NeowsBlessing","Art of War","Question Card","Blue Candle","Astrolabe"],"potions_floor_usage":[11,16,19],"damage_taken":[{"damage":0,"enemies":"Cultist","floor":1,"turns":1},{"damage":0,"enemies":"Small Slimes","floor":2,"turns":1},{"damage":0,"enemies":"Jaw Worm","floor":4,"turns":1},{"damage":29,"enemies":"Gremlin Nob","floor":7,"turns":4},{"damage":24,"enemies":"Lagavulin","floor":11,"turns":6},{"damage":15,"enemies":"Large Slime","floor":13,"turns":5},{"damage":13,"enemies":"Exordium Wildlife","floor":14,"turns":3},{"damage":26,"enemies":"The Guardian","floor":16,"turns":16},{"damage":61,"enemies":"Spheric Guardian","floor":18,"turns":6},{"damage":15,"enemies":"3 Byrds","floor":19,"turns":6},{"damage":15,"enemies":"Centurion and Healer","floor":20,"turns":3}],"seed_played":"-2934953749721216074","potions_obtained":[{"floor":1,"key":"FairyPotion"},{"floor":7,"key":"Explosive Potion"},{"floor":14,"key":"PowerPotion"},{"floor":18,"key":"SkillPotion"}],"is_trial":false,"path_per_floor":["M","M","$","M","?","R","E","R","T","R","E","?","M","M","R","B",null,"M","M","M"],"character_chosen":"IRONCLAD","items_purchased":["Disarm","Cleave"],"campfire_rested":1,"item_purchase_floors":[3,3],"current_hp_per_floor":[74,75,75,75,75,75,52,52,52,52,34,34,25,18,40,20,61,16,7,0],"gold":313,"neow_bonus":"THREE_ENEMY_KILL","is_prod":false,"is_daily":false,"chose_seed":false,"campfire_upgraded":3,"win_rate":0,"timestamp":1559085803,"path_taken":["M","M","$","?","?","R","E","R","T","R","E","?","M","M","R","BOSS","M","M","M"],"build_version":"2019-01-23","purchased_purges":0,"victory":false,"max_hp_per_floor":[75,75,75,75,75,75,75,75,75,75,75,75,75,75,75,75,75,78,78,78],"card_choices":[{"not_picked":["Combust","Twin Strike"],"picked":"Clothesline","floor":1},{"not_picked":["Pommel Strike","Warcry"],"picked":"Battle Trance","floor":2},{"not_picked":["Heavy Blade","Headbutt"],"picked":"Ghostly Armor","floor":4},{"not_picked":["Combust","Second Wind"],"picked":"Twin Strike","floor":7},{"not_picked":["Pummel","True Grit","Havoc"],"picked":"Cleave","floor":11},{"not_picked":["Juggernaut","Sentinel","Twin Strike","Wild Strike"],"picked":"SKIP","floor":13},{"not_picked":["Wild Strike","Iron Wave","Sentinel","Havoc"],"picked":"SKIP","floor":14},{"not_picked":["Limit Break","Bludgeon","Berserk"],"picked":"Feed","floor":16},{"not_picked":["Pommel Strike","Perfected Strike","Flex"],"picked":"Spot Weakness","floor":18},{"not_picked":["Body Slam","Thunderclap","Perfected Strike"],"picked":"Metallicize","floor":19}],"player_experience":491886,"relics_obtained":[{"floor":7,"key":"Art of War"},{"floor":9,"key":"Question Card"},{"floor":11,"key":"Blue Candle"}],"event_choices":[{"damage_healed":0,"gold_gain":0,"player_choice":"Leave","damage_taken":0,"max_hp_gain":0,"max_hp_loss":0,"event_name":"The Cleric","floor":5,"gold_loss":0},{"cards_removed":["Strike_R"],"damage_healed":0,"gold_gain":0,"player_choice":"Offered Basic","damage_taken":0,"max_hp_gain":0,"max_hp_loss":0,"event_name":"Bonfire Elementals","floor":12,"gold_loss":0}],"is_beta":false,"boss_relics":[{"not_picked":["Pandora\u0027s Box","Mark of Pain"],"picked":"Astrolabe"}],"items_purged_floors":[],"is_endless":false,"potions_floor_spawned":[1,7,14,18],"killed_by":"Centurion and Healer","ascension_level":18}