{"gold_per_floor":[12,31,31,44,5,36,55,55,55,55,55,67,102,118,118,218,218,238,238,43,53,53,53,80,80,80,90,189,202,202],"floor_reached":30,"playtime":2419,"items_purged":[],"score":428,"play_id":"6ffeb4b7-c262-4313-be9b-fb774c574eb1","local_time":"20190118230020","is_ascension_mode":true,"campfire_choices":[{"floor":8.0,"key":"REST"},{"floor":10.0,"key":"REST"},{"data":"Envenom","floor":15.0,"key":"SMITH"},{"data":"Catalyst","floor":23.0,"key":"SMITH"}],"neow_cost":"NO_GOLD","seed_source_timestamp":3204788920811425,"circlet_count":0,"master_deck":["AscendersBane","Defend_G+1","Defend_G+1","Defend_G","Defend_G","Defend_G","Survivor","Neutralize","Envenom+1","Bane","Backflip","Poisoned Stab","Caltrops","Cloak And Dagger","Leg Sweep","Terror","Bane","Malaise","Dagger Spray+1","Decay","Catalyst+1","Bite","Bite","Bite","Bite","Bite"],"special_seed":0,"relics":["Ring of the Snake","War Paint","Darkstone Periapt","Shovel","Busted Crown","TwistedFunnel","Smiling Mask","Bird Faced Urn"],"potions_floor_usage":[27,27],"damage_taken":[{"damage":12.0,"enemies":"Jaw Worm","floor":1.0,"turns":6.0},{"damage":0.0,"enemies":"Cultist","floor":2.0,"turns":3.0},{"damage":0.0,"enemies":"2 Louse","floor":4.0,"turns":3.0},{"damage":28.0,"enemies":"Gremlin Nob","floor":6.0,"turns":5.0},{"damage":1.0,"enemies":"2 Fungi Beasts","floor":7.0,"turns":5.0},{"damage":5.0,"enemies":"Large Slime","floor":12.0,"turns":10.0},{"damage":19.0,"enemies":"Lagavulin","floor":13.0,"turns":7.0},{"damage":0.0,"enemies":"Looter","floor":14.0,"turns":3.0},{"damage":17.0,"enemies":"Hexaghost","floor":16.0,"turns":9.0},{"damage":3.0,"enemies":"3 Byrds","floor":18.0,"turns":5.0},{"damage":0.0,"enemies":"Chosen","floor":21.0,"turns":4.0},{"damage":43,"enemies":"Slavers","floor":24,"turns":7},{"damage":21,"enemies":"Shelled Parasite and Fungi","floor":27,"turns":6},{"damage":22,"enemies":"3 Cultists","floor":29,"turns":5},{"damage":12,"enemies":"Snake Plant","floor":30,"turns":2}],"seed_played":"5484623625326424863","potions_obtained":[{"floor":1.0,"key":"SpeedPotion"},{"floor":2.0,"key":"SteroidPotion"},{"floor":16.0,"key":"GhostInAJar"},{"floor":18.0,"key":"SkillPotion"}],"is_trial":false,"path_per_floor":["M","M","?","M","$","E","M","R","T","R","$","M","E","M","R","B",null,"M","?","$","M","?","R","E","?","T","M","?","M","M"],"character_chosen":"THE_SILENT","items_purchased":["Caltrops","TwistedFunnel"],"campfire_rested":2,"item_purchase_floors":[5,20],"current_hp_per_floor":[51,51,51,51,51,23,22,43,43,64,64,59,40,40,40,23,58,55,61,61,61,61,61,18,18,18,9,9,1,0],"gold":202,"neow_bonus":"THREE_RARE_CARDS","is_prod":false,"is_daily":false,"chose_seed":false,"campfire_upgraded":2,"win_rate":0,"timestamp":1547870420,"path_taken":["M","M","?","M","?","E","M","R","T","R","?","M","E","?","R","BOSS","M","?","$","M","?","R","E","?","T","M","?","M","M"],"build_version":"2019-01-17v2","purchased_purges":0,"victory":false,"max_hp_per_floor":[70,70,70,70,70,70,70,70,70,70,70,70,70,70,70,70,70,70,76,76,76,76,76,76,53,53,53,53,53,53],"card_choices":[{"not_picked":["Phantasmal Killer","Unload"],"picked":"Envenom","floor":0.0},{"not_picked":["Deadly Poison","Blade Dance"],"picked":"Bane","floor":1.0},{"not_picked":["Flying Knee","Underhanded Strike"],"picked":"Backflip","floor":2.0},{"not_picked":["Dodge and Roll","PiercingWail"],"picked":"Poisoned Stab","floor":4.0},{"not_picked":["Choke","Dagger Throw"],"picked":"Cloak And Dagger","floor":6.0},{"not_picked":["Flechettes","Outmaneuver","Accuracy"],"picked":"SKIP","floor":7.0},{"not_picked":["Tactician","Flying Knee"],"picked":"Leg Sweep","floor":12.0},{"not_picked":["Eviscerate","Quick Slash"],"picked":"Terror","floor":13.0},{"not_picked":["Underhanded Strike","Deflect"],"picked":"Bane","floor":14.0},{"not_picked":["Unload","Night Terror"],"picked":"Malaise","floor":16.0},{"not_picked":[],"picked":"Dagger Spray+1","floor":18.0},{"not_picked":["Skewer"],"picked":"SKIP","floor":21.0},{"not_picked":["Prepared"],"picked":"SKIP","floor":24},{"not_picked":["Dodge and Roll"],"picked":"SKIP","floor":27},{"not_picked":["Sucker Punch"],"picked":"SKIP","floor":29}],"player_experience":741426,"relics_obtained":[{"floor":6.0,"key":"War Paint"},{"floor":9.0,"key":"Darkstone Periapt"},{"floor":13.0,"key":"Shovel"},{"floor":24,"key":"Smiling Mask"},{"floor":26,"key":"Bird Faced Urn"}],"event_choices":[{"cards_removed":["Strike_G"],"damage_healed":0.0,"max_hp_gain":0.0,"max_hp_loss":0.0,"gold_gain":0.0,"event_name":"Purifier","player_choice":"Purged","floor":3.0,"gold_loss":0.0,"damage_taken":0.0},{"damage_healed":0.0,"max_hp_gain":0.0,"max_hp_loss":0.0,"gold_gain":0.0,"event_name":"Forgotten Altar","player_choice":"Smashed Altar","floor":19.0,"gold_loss":0.0,"damage_taken":0.0,"cards_obtained":["Decay"]},{"damage_healed":0.0,"max_hp_gain":0.0,"max_hp_loss":0.0,"gold_gain":0.0,"event_name":"The Library","player_choice":"Read","floor":22.0,"gold_loss":0.0,"damage_taken":0.0,"cards_obtained":["Catalyst"]},{"damage_healed":0,"gold_gain":0,"player_choice":"Became a vampire","damage_taken":0,"max_hp_gain":0,"max_hp_loss":23,"event_name":"Vampires","floor":25,"gold_loss":0,"cards_obtained":["Bite","Bite","Bite","Bite","Bite"]},{"damage_healed":0,"gold_gain":99,"player_choice":"Stole From Cult","damage_taken":0,"max_hp_gain":0,"max_hp_loss":0,"event_name":"Nest","floor":28,"gold_loss":0}],"is_beta":false,"boss_relics":[{"not_picked":["Tiny House","Ring of the Serpent"],"picked":"Busted Crown"}],"items_purged_floors":[],"is_endless":false,"potions_floor_spawned":[1,2,14,16,18],"killed_by":"Snake Plant","ascension_level":11}