{"gold_per_floor":[115,7,21,41,41,69,69,39,90,90,90,121,137,152,152,152],"floor_reached":16,"playtime":1422,"items_purged":["Defend_G"],"score":187,"play_id":"7d705a08-d4bd-4b6a-b19c-6f1e65af01c9","local_time":"20190427192255","is_ascension_mode":true,"campfire_choices":[{"floor":7.0,"key":"REST"},{"floor":10.0,"key":"REST"},{"floor":15.0,"key":"REST"}],"neow_cost":"NONE","seed_source_timestamp":511186182915900,"circlet_count":0,"master_deck":["AscendersBane","Defend_G","Defend_G","Defend_G","Defend_G","Strike_G","Strike_G","Strike_G","Strike_G","Strike_G","Survivor","Neutralize","Backflip","Well Laid Plans","Caltrops","Crippling Poison","Die Die Die","Bouncing Flask"],"special_seed":0,"relics":["Ring of the Snake","Strawberry","Art of War","Blood Vial","Vajra","Potion Belt"],"potions_floor_usage":[16],"damage_taken":[{"damage":0.0,"enemies":"Cultist","floor":1.0,"turns":5.0},{"damage":1.0,"enemies":"2 Louse","floor":3.0,"turns":3.0},{"damage":0.0,"enemies":"Small Slimes","floor":4.0,"turns":5.0},{"damage":64.0,"enemies":"Gremlin Nob","floor":6.0,"turns":6.0},{"damage":0.0,"enemies":"Looter","floor":8.0,"turns":4.0},{"damage":29.0,"enemies":"3 Sentries","floor":12.0,"turns":8.0},{"damage":13.0,"enemies":"Exordium Thugs","floor":13.0,"turns":5.0},{"damage":4.0,"enemies":"Blue Slaver","floor":14.0,"turns":3.0},{"damage":36,"enemies":"Slime Boss","floor":16,"turns":6}],"seed_played":"2588245911294851065","potions_obtained":[{"floor":1.0,"key":"Fire Potion"},{"floor":6.0,"key":"PowerPotion"},{"floor":12.0,"key":"Fruit Juice"},{"floor":14.0,"key":"SteroidPotion"}],"is_trial":false,"path_per_floor":["M","$","M","M","?","E","R","M","T","R","$","E","M","M","R","B"],"character_chosen":"THE_SILENT","items_purchased":["Well Laid Plans"],"campfire_rested":3,"item_purchase_floors":[2],"current_hp_per_floor":[66,66,65,65,65,1,22,24,24,45,45,23,12,10,33,0],"gold":152,"neow_bonus":"RANDOM_COMMON_RELIC","is_prod":false,"is_daily":false,"chose_seed":false,"campfire_upgraded":0,"win_rate":0,"timestamp":1556407375,"path_taken":["M","$","M","M","?","E","R","M","T","R","$","E","M","M","R","BOSS"],"build_version":"2019-01-23","purchased_purges":1,"victory":false,"max_hp_per_floor":[73,73,73,73,73,73,73,73,73,73,73,78,78,78,78,78],"card_choices":[{"not_picked":["Flechettes","Cloak And Dagger"],"picked":"Backflip","floor":1.0},{"not_picked":["Finisher","Dagger Spray"],"picked":"Caltrops","floor":3.0},{"not_picked":["Well Laid Plans","PiercingWail"],"picked":"Crippling Poison","floor":4.0},{"not_picked":["Sucker Punch","Dagger Spray","Flechettes"],"picked":"SKIP","floor":6.0},{"not_picked":["Sucker Punch","Endless Agony","Bane"],"picked":"SKIP","floor":8.0},{"not_picked":["PiercingWail","Predator"],"picked":"Die Die Die","floor":12.0},{"not_picked":["Underhanded Strike","Sucker Punch"],"picked":"Bouncing Flask","floor":13.0},{"not_picked":["Acrobatics","Expertise","Heel Hook"],"picked":"SKIP","floor":14.0}],"player_experience":1041480,"relics_obtained":[{"floor":6.0,"key":"Blood Vial"},{"floor":9.0,"key":"Vajra"},{"floor":12.0,"key":"Potion Belt"}],"event_choices":[{"damage_healed":0.0,"max_hp_gain":0.0,"max_hp_loss":0.0,"gold_gain":0.0,"event_name":"WeMeetAgain","player_choice":"Gave Potion","floor":5.0,"gold_loss":0.0,"damage_taken":0.0,"relics_obtained":["Art of War"]}],"is_beta":false,"boss_relics":[],"items_purged_floors":[2],"is_endless":false,"potions_floor_spawned":[1,6,12,14],"killed_by":"Slime Boss","ascension_level":14}