{"gold_per_floor":[113,113,124,49,14,14,29,29,29,44,57,17,37,37,37,133,133,153,59,79,79,79,79,94,94,120,131,161,161,174,174,174,273,273,286,286,286,62,62,62,76,76,76,92,92,110,42,58,58,58],"floor_reached":50,"playtime":3789,"items_purged":[],"score":590,"play_id":"3197ca38-0844-4629-9adb-3d6de33abe0c","local_time":"20180906120551","is_ascension_mode":true,"campfire_choices":[{"floor":6,"key":"REST"},{"data":"Burst","floor":8,"key":"SMITH"},{"floor":15,"key":"REST"},{"floor":23,"key":"REST"},{"floor":25,"key":"REST"},{"floor":29,"key":"REST"},{"floor":32,"key":"REST"},{"floor":40,"key":"REST"},{"floor":42,"key":"REST"},{"floor":45,"key":"REST"},{"floor":49,"key":"REST"}],"neow_cost":"PERCENT_DAMAGE","seed_source_timestamp":1921807580226715,"circlet_count":0,"master_deck":["Defend_G","Defend_G","Defend_G","Defend_G","Strike_G","Strike_G","Strike_G","Strike_G","Strike_G","Survivor","Neutralize+1","Burst+1","Outmaneuver","PiercingWail","Infinite Blades","Skewer","Blur","Terror","Skewer","Bullet Time","Crippling Poison+1","Footwork","PiercingWail","Backflip","RitualDagger","Dagger Spray","Setup+1","Choke","Dash","Adrenaline","Footwork","Apotheosis","Backflip","All Out Attack","Neutralize","Leg Sweep+1","Sucker Punch+1","Concentrate+1","Calculated Gamble","Backflip"],"relics":["Ring of the Serpent","Boot","Mercury Hourglass","Runic Pyramid","Ancient Tea Set","Omamori","Bottled Tornado"],"potions_floor_usage":[16,24,27,28,33,46,48],"damage_taken":[{"damage":4,"enemies":"2 Louse","floor":1,"turns":4},{"damage":0,"enemies":"Small Slimes","floor":3,"turns":4},{"damage":1,"enemies":"Cultist","floor":7,"turns":4},{"damage":0,"enemies":"Looter","floor":10,"turns":4},{"damage":4,"enemies":"Blue Slaver","floor":11,"turns":4},{"damage":4,"enemies":"3 Louse","floor":13,"turns":4},{"damage":18,"enemies":"The Guardian","floor":16,"turns":13},{"damage":31,"enemies":"Spheric Guardian","floor":18,"turns":6},{"damage":8,"enemies":"2 Thieves","floor":20,"turns":4},{"damage":14,"enemies":"Snake Plant","floor":24,"turns":6},{"damage":30,"enemies":"Sentry and Sphere","floor":27,"turns":10},{"damage":13,"enemies":"Gremlin Leader","floor":28,"turns":7},{"damage":2,"enemies":"3 Cultists","floor":30,"turns":5},{"damage":40,"enemies":"Automaton","floor":33,"turns":13},{"damage":14,"enemies":"Orb Walker","floor":35,"turns":3},{"damage":3,"enemies":"3 Darklings","floor":41,"turns":6},{"damage":28,"enemies":"Spire Growth","floor":44,"turns":7},{"damage":44,"enemies":"Sphere and 2 Shapes","floor":46,"turns":7},{"damage":39,"enemies":"Transient","floor":48,"turns":5},{"damage":32,"enemies":"Awakened One","floor":50,"turns":2}],"seed_played":"-4255948854189291594","potions_obtained":[{"floor":7,"key":"Ancient Potion"},{"floor":10,"key":"SpeedPotion"},{"floor":16,"key":"Swift Potion"},{"floor":24,"key":"PowerPotion"},{"floor":27,"key":"SteroidPotion"},{"floor":31,"key":"FairyPotion"},{"floor":31,"key":"Weak Potion"},{"floor":44,"key":"Fire Potion"},{"floor":46,"key":"Regen Potion"},{"floor":48,"key":"SteroidPotion"}],"is_trial":false,"path_per_floor":["M","?","M","$","?","R","M","R","T","M","M","$","M","?","R","B",null,"M","$","M","?","?","R","M","R","T","M","E","R","M","?","R","B",null,"M","?","?","$","?","R","M","R","T","M","R","M","$","M","R"],"character_chosen":"THE_SILENT","items_purchased":["Infinite Blades","Terror","Footwork","PiercingWail","Apotheosis","Backflip","Calculated Gamble"],"campfire_rested":10,"item_purchase_floors":[4,12,19,19,38,38,47],"current_hp_per_floor":[45,27,27,27,44,65,64,64,64,64,60,60,56,56,70,52,66,35,35,27,27,21,42,28,49,49,19,6,27,25,25,46,6,54,40,40,40,40,40,61,58,70,70,42,63,19,19,7,28,0],"gold":58,"neow_bonus":"THREE_RARE_CARDS","is_prod":false,"is_daily":false,"chose_seed":false,"campfire_upgraded":1,"win_rate":0,"timestamp":1536249951,"path_taken":["M","?","?","$","?","R","M","R","T","M","?","$","?","?","R","BOSS","M","$","M","?","?","R","M","R","T","M","E","R","M","?","R","BOSS","M","?","?","$","?","R","M","R","T","?","R","?","$","M","R","BOSS"],"build_version":"2018-08-30","purchased_purges":0,"victory":false,"max_hp_per_floor":[70,70,70,70,70,70,70,70,70,70,70,70,70,70,70,70,70,70,70,70,70,70,70,70,70,70,70,70,70,70,70,70,70,70,70,70,70,70,70,70,70,70,70,70,70,70,70,70,70,70],"card_choices":[{"not_picked":["Envenom","Bullet Time"],"picked":"Burst","floor":0},{"not_picked":["Flying Knee","Underhanded Strike"],"picked":"Outmaneuver","floor":1},{"not_picked":["Choke","Reflex"],"picked":"PiercingWail","floor":3},{"not_picked":["Quick Slash","Blade Dance"],"picked":"Well Laid Plans","floor":7},{"not_picked":["Finisher","Dodge and Roll"],"picked":"Skewer","floor":10},{"not_picked":["Phantasmal Killer","Deflect"],"picked":"Blur","floor":11},{"not_picked":["Outmaneuver","Underhanded Strike"],"picked":"Skewer","floor":13},{"not_picked":["Phantasmal Killer","Grand Finale"],"picked":"Bullet Time","floor":16},{"not_picked":["Accuracy","Escape Plan"],"picked":"Crippling Poison+1","floor":18},{"not_picked":["Accuracy","Heel Hook"],"picked":"Backflip","floor":20},{"not_picked":["Dagger Throw","Tactician"],"picked":"Dagger Spray","floor":24},{"not_picked":["Deadly Poison","Prepared"],"picked":"Setup+1","floor":27},{"not_picked":["Well Laid Plans","Slice"],"picked":"Choke","floor":28},{"not_picked":["All Out Attack","Underhanded Strike"],"picked":"Dash","floor":30},{"not_picked":["Doppelganger","Phantasmal Killer"],"picked":"Adrenaline","floor":33},{"not_picked":["Prepared+1","Outmaneuver+1"],"picked":"Footwork","floor":35},{"not_picked":["Dagger Spray","Deadly Poison+1"],"picked":"Leg Sweep+1","floor":41},{"not_picked":["Dagger Throw","Poisoned Stab"],"picked":"Sucker Punch+1","floor":44},{"not_picked":["Sucker Punch+1","Flying Knee"],"picked":"Concentrate+1","floor":46},{"not_picked":["Quick Slash","Outmaneuver"],"picked":"Backflip","floor":48}],"player_experience":153945,"relics_obtained":[{"floor":9,"key":"Mercury Hourglass"},{"floor":26,"key":"Ancient Tea Set"},{"floor":28,"key":"Omamori"},{"floor":43,"key":"Bottled Tornado"}],"event_choices":[{"event_name":"Scrap Ooze","player_choice":"success","floor":2,"damage_taken":18},{"event_name":"The Cleric","player_choice":"Healed","floor":5,"damage_taken":0},{"event_name":"Living Wall","player_choice":"Grow","floor":14,"damage_taken":0},{"event_name":"Beggar","player_choice":"Ignored","floor":21,"damage_taken":0},{"event_name":"Nest","player_choice":"Joined the Cult","floor":22,"damage_taken":0},{"event_name":"The Lab","player_choice":"Got Potions","floor":31,"damage_taken":0},{"event_name":"Falling","player_choice":"Removed Skill","floor":36,"damage_taken":0},{"event_name":"Purifier","player_choice":"One Purge","floor":37,"damage_taken":0},{"event_name":"Match and Keep!","player_choice":"2 cards matched","floor":39,"damage_taken":0},{"event_name":"Match and Keep!","player_choice":"2 cards matched","floor":39,"damage_taken":0}],"is_beta":false,"boss_relics":[{"not_picked":["Runic Dome","Sozu"],"picked":"Runic Pyramid"},{"not_picked":["Astrolabe","Snecko Eye"],"picked":"Ring of the Serpent"}],"items_purged_floors":[],"is_endless":false,"potions_floor_spawned":[7,10,16,24,27,44,46,48],"killed_by":"Awakened One","ascension_level":5}