{"gold_per_floor":[419,419,419,438,463,527,527,527,527,550,603,678,692,715,715,836,836,859,859,39,39,63,63,88,88,114,114,128,161,161,76,76,195,195,216,216,66,66,1065,1099,1079,1079,1133,1167,1167,1235,1248,475,475,475,475,475,53,84,84],"floor_reached":55,"playtime":7853,"items_purged":["Normality","Injury","Shame"],"score":1109,"play_id":"7ad70ff1-368c-4f2d-81d8-e33830d552f7","local_time":"20181227125202","is_ascension_mode":true,"campfire_choices":[{"floor":7,"key":"REST"},{"floor":15,"key":"REST"},{"floor":23,"key":"REST"},{"floor":27,"key":"REST"},{"data":"After Image","floor":30,"key":"SMITH"},{"floor":32,"key":"REST"},{"floor":42,"key":"RECALL"},{"data":"Noxious Fumes","floor":45,"key":"SMITH"},{"data":"Infinite Blades","floor":49,"key":"SMITH"},{"data":"Leg Sweep","floor":52,"key":"SMITH"}],"neow_cost":"CURSE","seed_source_timestamp":1261836259238818,"circlet_count":0,"master_deck":["Defend_G+1","Defend_G+1","Defend_G+1","Defend_G+1","Defend_G+1","Strike_G+1","Strike_G+1","Strike_G+1","Survivor","Neutralize","Noxious Fumes+1","Acrobatics","Leg Sweep+1","Cloak And Dagger","Die Die Die","Dodge and Roll","Backstab","Adrenaline","Dodge and Roll","Well Laid Plans","Riddle With Holes","After Image+1","Blade Dance","Backstab","PiercingWail","Terror+1","Burst","Cloak And Dagger","Catalyst+1","Catalyst+1","Infinite Blades+1","Blur","Dash","Thinking Ahead","Footwork","Blur"],"relics":["Ring of the Serpent","Old Coin","FossilizedHelix","Golden Idol","Tiny Chest","Kunai","Juzu Bracelet","Art of War","Dream Catcher","Gremlin Horn","Snake Skull","Medical Kit","Strawberry","Omamori","Darkstone Periapt","Cursed Key","Regal Pillow","Orichalcum","Incense Burner","Membership Card","Prayer Wheel","Ninja Scroll","Turnip","Sling","Oddly Smooth Stone","Bag of Marbles"],"potions_floor_usage":[6,12,16,24,28,29,46,47,50,55],"damage_taken":[{"damage":1,"enemies":"Small Slimes","floor":1,"turns":6},{"damage":1,"enemies":"2 Louse","floor":4,"turns":4},{"damage":0,"enemies":"Jaw Worm","floor":5,"turns":5},{"damage":57,"enemies":"Lagavulin","floor":6,"turns":15},{"damage":16,"enemies":"Gremlin Nob","floor":12,"turns":5},{"damage":0,"enemies":"Exordium Wildlife","floor":13,"turns":5},{"damage":0,"enemies":"Large Slime","floor":14,"turns":8},{"damage":48,"enemies":"Hexaghost","floor":16,"turns":16},{"damage":28,"enemies":"3 Byrds","floor":18,"turns":6},{"damage":0,"enemies":"Shell Parasite","floor":22,"turns":9},{"damage":23,"enemies":"3 Cultists","floor":24,"turns":8},{"damage":8,"enemies":"Shelled Parasite and Fungi","floor":28,"turns":6},{"damage":10,"enemies":"Gremlin Leader","floor":29,"turns":8},{"damage":29,"enemies":"Automaton","floor":33,"turns":15},{"damage":0,"enemies":"Orb Walker","floor":35,"turns":3},{"damage":0,"enemies":"Nemesis","floor":40,"turns":11},{"damage":1,"enemies":"Reptomancer","floor":44,"turns":9},{"damage":3,"enemies":"2 Orb Walkers","floor":46,"turns":7},{"damage":9,"enemies":"3 Darklings","floor":47,"turns":5},{"damage":8,"enemies":"Time Eater","floor":50,"turns":7},{"damage":42,"enemies":"Shield and Spear","floor":54,"turns":7},{"damage":41,"enemies":"The Heart","floor":55,"turns":2}],"seed_played":"6082106459767933147","potions_obtained":[{"floor":4,"key":"GamblersBrew"},{"floor":5,"key":"PowerPotion"},{"floor":6,"key":"AttackPotion"},{"floor":16,"key":"AttackPotion"},{"floor":18,"key":"Swift Potion"},{"floor":24,"key":"Poison Potion"},{"floor":40,"key":"LiquidBronze"},{"floor":41,"key":"GhostInAJar"},{"floor":47,"key":"Strength Potion"}],"is_trial":false,"path_per_floor":["M","?","?","M","M","E","R","?","T","T","T","?","M","M","R","B",null,"M","?","$","?","M","R","M","?","T","R","M","E","R","?","R","B",null,"M","?","$","?","?","E","?","R","T","E","R","?","M","$","R","B",null,"R","$","E","B"],"character_chosen":"THE_SILENT","items_purchased":["Gremlin Horn","Snake Skull","Well Laid Plans","Medical Kit","Regen Potion","Cloak And Dagger","Membership Card","Prayer Wheel","Ninja Scroll","Infinite Blades","Blur","Dash","Thinking Ahead","GhostInAJar","Turnip","Sling","Oddly Smooth Stone","Footwork","Blur","Dexterity Potion"],"campfire_rested":5,"item_purchase_floors":[20,20,20,20,20,37,48,48,48,48,48,48,48,48,53,53,53,53,53,53],"current_hp_per_floor":[69,66,66,65,65,8,29,52,52,52,52,36,36,36,57,9,55,27,27,27,27,27,48,39,39,46,69,61,51,51,51,74,45,69,69,69,69,69,69,69,69,69,75,74,74,71,62,62,62,54,76,76,76,34,0],"gold":84,"neow_bonus":"ONE_RARE_RELIC","is_prod":false,"is_daily":false,"chose_seed":false,"campfire_upgraded":4,"win_rate":0,"timestamp":1545933122,"path_taken":["M","?","?","M","M","E","R","?","T","?","?","?","M","M","R","BOSS","M","?","$","?","M","R","M","?","T","R","M","E","R","?","R","BOSS","M","?","$","?","?","E","?","R","T","E","R","?","M","$","R","BOSS","R","$","E","BOSS"],"build_version":"2018-12-20","purchased_purges":3,"victory":false,"max_hp_per_floor":[70,70,70,70,70,70,70,70,70,70,70,70,70,70,70,70,70,70,70,70,70,70,70,70,70,77,77,77,77,77,77,77,77,77,77,77,77,77,77,77,77,77,83,83,83,83,83,83,83,83,83,83,83,83,83],"card_choices":[{"not_picked":["Riddle With Holes","Quick Slash"],"picked":"Noxious Fumes","floor":1},{"not_picked":["Skewer","Distraction"],"picked":"Acrobatics","floor":4},{"not_picked":["Backflip","Dodge and Roll"],"picked":"Leg Sweep","floor":5},{"not_picked":["Backflip","Endless Agony"],"picked":"Cloak And Dagger","floor":6},{"not_picked":["Deadly Poison","Riddle With Holes"],"picked":"Die Die Die","floor":12},{"not_picked":["Prepared","Flying Knee"],"picked":"Dodge and Roll","floor":13},{"not_picked":["Distraction","Setup","Slice"],"picked":"SKIP","floor":14},{"not_picked":["Sucker Punch","Outmaneuver"],"picked":"Backstab","floor":15},{"not_picked":["Storm of Steel","Bullet Time"],"picked":"Adrenaline","floor":16},{"not_picked":["Dagger Spray","Dagger Throw"],"picked":"Dodge and Roll","floor":18},{"not_picked":["PiercingWail","Acrobatics"],"picked":"After Image","floor":22},{"not_picked":["Dodge and Roll","Deflect"],"picked":"Blade Dance","floor":23},{"not_picked":["Poisoned Stab+1","Infinite Blades"],"picked":"Backstab","floor":24},{"not_picked":["Outmaneuver","Sucker Punch"],"picked":"PiercingWail","floor":28},{"not_picked":["Poisoned Stab","Dodge and Roll"],"picked":"Terror+1","floor":29},{"not_picked":["Bullet Time","Phantasmal Killer"],"picked":"Burst","floor":33},{"not_picked":["Deadly Poison+1","Dodge and Roll","Reflex+1"],"picked":"SKIP","floor":35},{"not_picked":["All Out Attack+1","Blade Dance"],"picked":"Catalyst+1","floor":40},{"not_picked":["Well Laid Plans","Masterful Stab"],"picked":"Catalyst+1","floor":44},{"not_picked":["Concentrate","Tactician","Finisher"],"picked":"SKIP","floor":47},{"not_picked":["Deadly Poison","Dagger Throw+1","Blade Dance+1"],"picked":"SKIP","floor":54}],"player_experience":477749,"relics_obtained":[{"floor":6,"key":"Tiny Chest"},{"floor":9,"key":"Kunai"},{"floor":10,"key":"Juzu Bracelet"},{"floor":11,"key":"Art of War"},{"floor":12,"key":"Dream Catcher"},{"floor":26,"key":"Strawberry"},{"floor":29,"key":"Omamori"},{"floor":40,"key":"Regal Pillow"},{"floor":44,"key":"Orichalcum"},{"floor":46,"key":"Incense Burner"},{"floor":54,"key":"Bag of Marbles"}],"event_choices":[{"damage_healed":0,"gold_gain":0,"player_choice":"Success","damage_taken":3,"relics_obtained":["FossilizedHelix"],"max_hp_gain":0,"max_hp_loss":0,"event_name":"Scrap Ooze","floor":2,"gold_loss":0},{"damage_healed":0,"gold_gain":0,"player_choice":"Take Wound","damage_taken":0,"relics_obtained":["Golden Idol"],"max_hp_gain":0,"max_hp_loss":0,"event_name":"Golden Idol","floor":3,"gold_loss":0,"cards_obtained":["Injury"]},{"damage_healed":23,"gold_gain":0,"player_choice":"Banana","damage_taken":0,"max_hp_gain":0,"max_hp_loss":0,"event_name":"Big Fish","floor":8,"gold_loss":0},{"damage_healed":0,"gold_gain":0,"player_choice":"Searched \u00272\u0027 times","damage_taken":0,"max_hp_gain":0,"max_hp_loss":0,"event_name":"Dead Adventurer","floor":12,"gold_loss":0},{"damage_healed":0,"gold_gain":0,"player_choice":"Simplicity","damage_taken":0,"max_hp_gain":0,"max_hp_loss":0,"event_name":"Back to Basics","floor":19,"gold_loss":0,"cards_upgraded":["Defend_G","Defend_G","Defend_G","Defend_G","Defend_G","Strike_G","Strike_G","Strike_G","Strike_G","Strike_G"]},{"damage_healed":0,"gold_gain":0,"cards_transformed":["Strike_G"],"player_choice":"Transformed","damage_taken":0,"max_hp_gain":0,"max_hp_loss":0,"event_name":"Transmorgrifier","floor":21,"gold_loss":0,"cards_obtained":["Riddle With Holes"]},{"damage_healed":0,"gold_gain":0,"player_choice":"Ignored","damage_taken":0,"max_hp_gain":0,"max_hp_loss":0,"event_name":"Vampires","floor":25,"gold_loss":0},{"damage_healed":0,"gold_gain":0,"player_choice":"Obtained Relic","damage_taken":0,"relics_obtained":["Darkstone Periapt"],"max_hp_gain":0,"max_hp_loss":0,"event_name":"Addict","floor":31,"gold_loss":85},{"damage_healed":0,"gold_gain":0,"player_choice":"Ignored","damage_taken":0,"max_hp_gain":0,"max_hp_loss":0,"event_name":"Tomb of Lord Red Mask","floor":36,"gold_loss":0},{"cards_removed":["Strike_G"],"damage_healed":0,"gold_gain":0,"player_choice":"Removed Attack","damage_taken":0,"max_hp_gain":0,"max_hp_loss":0,"event_name":"Falling","floor":38,"gold_loss":0},{"damage_healed":0,"gold_gain":999,"player_choice":"Gold","damage_taken":0,"max_hp_gain":0,"max_hp_loss":0,"event_name":"MindBloom","floor":39,"gold_loss":0,"cards_obtained":["Normality","Normality"]},{"damage_healed":0,"gold_gain":0,"player_choice":"Bought 1 Potion","damage_taken":0,"max_hp_gain":0,"max_hp_loss":0,"event_name":"The Woman in Blue","floor":41,"gold_loss":0},{"damage_healed":0,"gold_gain":0,"player_choice":"Fight","damage_taken":0,"max_hp_gain":0,"max_hp_loss":0,"event_name":"Mysterious Sphere","floor":46,"gold_loss":0}],"is_beta":false,"boss_relics":[{"not_picked":["Pandora\u0027s Box","Lizard Tail"],"picked":"Ring of the Serpent"},{"not_picked":["Eternal Feather","Fusion Hammer"],"picked":"Cursed Key"}],"items_purged_floors":[20,37,48],"is_endless":false,"potions_floor_spawned":[4,5,6,16,18,22,24,40,47,54],"killed_by":"The Heart","ascension_level":5}