{"gold_per_floor":[111,121,135,204,204,229,229,257,269,281,313,345,375,407,419,531,543,570,596,624,636,648,660],"floor_reached":23,"playtime":2083,"items_purged":[],"score":215,"play_id":"4ab5bfd8-1ce9-4007-b858-61e0d65f4d18","local_time":"20180901002737","is_ascension_mode":true,"campfire_choices":[{"floor":7,"key":"REST"},{"data":"Searing Blow","floor":10,"key":"SMITH"},{"floor":15,"key":"REST"}],"neow_cost":"TEN_PERCENT_HP_LOSS","seed_source_timestamp":1449619290389106,"circlet_count":0,"master_deck":["Strike_R","Strike_R","Strike_R","Strike_R","Strike_R","Defend_R","Bash","Double Tap","Searing Blow+1","Shockwave","Ghostly Armor","Normality","Rupture","Limit Break","Disarm","Inflame","Twin Strike","Perfected Strike","Offering","Reaper+1","Reaper+1","Hemokinesis+1","Iron Wave","Metallicize","Shrug It Off+1"],"relics":["Burning Blood","Meat on the Bone","Letter Opener","Strawberry","MawBank","The Courier","Astrolabe"],"potions_floor_usage":[6,8,13,16,20],"damage_taken":[{"damage":1,"enemies":"Cultist","floor":1,"turns":4},{"damage":8,"enemies":"Jaw Worm","floor":2,"turns":3},{"damage":2,"enemies":"2 Louse","floor":3,"turns":3},{"damage":43,"enemies":"Lagavulin","floor":6,"turns":10},{"damage":37,"enemies":"Gremlin Nob","floor":8,"turns":5},{"damage":0,"enemies":"2 Fungi Beasts","floor":11,"turns":3},{"damage":7,"enemies":"Blue Slaver","floor":12,"turns":6},{"damage":0,"enemies":"Large Slime","floor":13,"turns":5},{"damage":9,"enemies":"3 Louse","floor":14,"turns":5},{"damage":74,"enemies":"Hexaghost","floor":16,"turns":12},{"damage":36,"enemies":"Spheric Guardian","floor":18,"turns":5},{"damage":33,"enemies":"Chosen","floor":19,"turns":5},{"damage":27,"enemies":"Centurion and Healer","floor":20,"turns":6},{"damage":79,"enemies":"Book of Stabbing","floor":23,"turns":9}],"seed_played":"7988643629861288980","potions_obtained":[{"floor":2,"key":"PowerPotion"},{"floor":3,"key":"Weak Potion"},{"floor":11,"key":"FearPotion"},{"floor":12,"key":"FearPotion"},{"floor":16,"key":"SteroidPotion"}],"is_trial":false,"path_per_floor":["M","M","M","T","?","E","R","E","T","R","M","M","M","M","R","B",null,"M","M","M","?","?"],"character_chosen":"IRONCLAD","items_purchased":[],"campfire_rested":2,"item_purchase_floors":[],"current_hp_per_floor":[72,70,72,72,72,54,77,46,46,46,52,51,57,54,77,21,79,60,50,64,64,64,0],"gold":660,"neow_bonus":"THREE_RARE_CARDS","is_prod":false,"is_daily":false,"chose_seed":false,"campfire_upgraded":1,"win_rate":0,"timestamp":1535776057,"path_taken":["M","M","?","?","?","E","R","E","T","R","M","?","M","M","R","BOSS","M","M","?","?","?","E"],"build_version":"2018-08-30","purchased_purges":0,"victory":false,"max_hp_per_floor":[72,72,72,72,72,79,79,79,79,79,79,79,79,79,79,79,79,79,79,79,79,79,79],"card_choices":[{"not_picked":["Brutality","Reaper"],"picked":"Double Tap","floor":0},{"not_picked":["Sword Boomerang","Entrench"],"picked":"Searing Blow","floor":1},{"not_picked":["Flex","Shrug It Off"],"picked":"Shockwave","floor":2},{"not_picked":["Disarm","Body Slam"],"picked":"Ghostly Armor","floor":3},{"not_picked":["Feel No Pain","Twin Strike"],"picked":"Rupture","floor":6},{"not_picked":["Warcry","True Grit"],"picked":"Limit Break","floor":8},{"not_picked":["Carnage","Corruption"],"picked":"Disarm","floor":11},{"not_picked":["Fire Breathing","Iron Wave"],"picked":"Inflame","floor":12},{"not_picked":["True Grit","Warcry"],"picked":"Twin Strike","floor":13},{"not_picked":["Clothesline","Reckless Charge"],"picked":"Perfected Strike","floor":14},{"not_picked":["Berserk","Juggernaut"],"picked":"Offering","floor":16},{"not_picked":["Body Slam","Twin Strike"],"picked":"Iron Wave","floor":18},{"not_picked":["True Grit","Shrug It Off"],"picked":"Metallicize","floor":19},{"not_picked":["Disarm","Sword Boomerang"],"picked":"Shrug It Off+1","floor":20}],"player_experience":135567,"relics_obtained":[{"floor":4,"key":"Meat on the Bone"},{"floor":6,"key":"Strawberry"},{"floor":8,"key":"MawBank"},{"floor":9,"key":"The Courier"}],"event_choices":[{"event_name":"Accursed Blacksmith","player_choice":"Rummage","floor":5,"damage_taken":0},{"event_name":"Vampires","player_choice":"Ignored","floor":21,"damage_taken":0},{"event_name":"Ghosts","player_choice":"Ignored","floor":22,"damage_taken":0}],"is_beta":false,"boss_relics":[{"not_picked":["Calling Bell","Runic Cube"],"picked":"Astrolabe"}],"items_purged_floors":[],"is_endless":false,"potions_floor_spawned":[2,3,11,12,16],"killed_by":"Book of Stabbing","ascension_level":1}