{"gold_per_floor":[114,114,114,126,126,126,153,163,190,190,190,206,57,67,67,166,166,177,177,177,197,197,197,197,197,197,197,208,228,228,242,242,338,338,355,355,355,375,393,393,413,431,431,431,431,431,443,200,200,200],"floor_reached":50,"playtime":3665,"items_purged":[],"score":467,"play_id":"915f8763-5038-4ac0-98be-f894451e19be","local_time":"20180629221636","is_ascension_mode":false,"campfire_choices":[{"data":"Zap","floor":6,"key":"SMITH"},{"data":"Reinforced Body","floor":10,"key":"SMITH"},{"floor":15,"key":"REST"},{"data":"Fission","floor":24,"key":"SMITH"},{"floor":30,"key":"REST"},{"data":"Doom and Gloom","floor":32,"key":"SMITH"},{"floor":40,"key":"REST"},{"floor":44,"key":"REST"},{"floor":46,"key":"REST"},{"floor":49,"key":"REST"}],"neow_cost":"","seed_source_timestamp":197003410114461,"circlet_count":0,"master_deck":["Strike_B+1","Strike_B+1","Strike_B+1","Strike_B+1","Defend_B+1","Defend_B+1","Defend_B+1","Defend_B+1","Zap+1","Dualcast+1","Auto Shields","Doom and Gloom+1","Doom and Gloom+1","Reinforced Body+1","Streamline","Streamline","Fission+1","Conserve Battery","Aggregate","Zap+1","Double Energy","BootSequence+1","Reinforced Body+1","Buffer+1","Coolheaded+1","Dark Shackles","Madness","Capacitor+1","Tempest+1","Streamline+1","Compile Driver+1","Madness","Madness","FTL+1"],"relics":["Cracked Core","Bag of Marbles","Vajra","Strawberry","Velvet Choker","Kunai","Frozen Egg 2","Nuclear Battery","Gremlin Horn","Matryoshka"],"potions_floor_usage":[33,50,50,50],"damage_taken":[{"damage":5,"enemies":"Small Slimes","floor":1,"turns":2},{"damage":0,"enemies":"2 Louse","floor":4,"turns":2},{"damage":9,"enemies":"Lagavulin","floor":7,"turns":5},{"damage":1,"enemies":"Jaw Worm","floor":8,"turns":2},{"damage":1,"enemies":"Blue Slaver","floor":12,"turns":2},{"damage":0,"enemies":"3 Louse","floor":14,"turns":3},{"damage":19,"enemies":"The Guardian","floor":16,"turns":11},{"damage":18,"enemies":"Shell Parasite","floor":18,"turns":5},{"damage":0,"enemies":"Spheric Guardian","floor":21,"turns":3},{"damage":9,"enemies":"Centurion and Healer","floor":28,"turns":8},{"damage":21,"enemies":"Snake Plant","floor":29,"turns":3},{"damage":13,"enemies":"3 Cultists","floor":31,"turns":5},{"damage":9,"enemies":"Automaton","floor":33,"turns":12},{"damage":0,"enemies":"Orb Walker","floor":35,"turns":3},{"damage":11,"enemies":"3 Shapes","floor":38,"turns":3},{"damage":16,"enemies":"3 Darklings","floor":39,"turns":4},{"damage":14,"enemies":"4 Shapes","floor":41,"turns":2},{"damage":42,"enemies":"Sphere and 2 Shapes","floor":42,"turns":6},{"damage":0,"enemies":"3 Darklings","floor":47,"turns":5},{"damage":98,"enemies":"Donu and Deca","floor":50,"turns":8}],"seed_played":"9021960714325017731","potions_obtained":[{"floor":1,"key":"GamblersBrew"},{"floor":8,"key":"Weak Potion"},{"floor":12,"key":"FearPotion"},{"floor":14,"key":"Poison Potion"},{"floor":31,"key":"Swift Potion"},{"floor":39,"key":"PowerPotion"}],"is_trial":false,"path_per_floor":["M","?","?","M","?","R","E","M","T","R","?","M","$","M","R","B",null,"M","?","?","M","?","?","R","?","T","$","M","M","R","M","R","B",null,"M","?","?","M","M","R","M","M","T","R","?","R","M","$","R"],"character_chosen":"DEFECT","items_purchased":["Strawberry","Matryoshka"],"campfire_rested":6,"item_purchase_floors":[13,48],"current_hp_per_floor":[70,75,75,75,75,75,66,65,65,65,49,48,55,55,81,62,87,69,69,69,69,53,82,82,82,82,82,73,52,78,65,65,56,87,87,87,82,71,55,81,67,25,25,51,40,66,66,66,87,0],"gold":200,"neow_bonus":"","is_prod":false,"is_daily":false,"chose_seed":false,"campfire_upgraded":4,"win_rate":0.0,"timestamp":1530299796,"path_taken":["M","?","?","M","?","R","E","?","T","R","?","M","?","M","R","BOSS","M","?","?","?","?","?","R","?","T","$","M","M","R","M","R","BOSS","M","?","?","?","M","R","M","M","T","R","?","R","?","?","R","BOSS"],"build_version":"2018-06-28","purchased_purges":0,"victory":false,"max_hp_per_floor":[75,80,80,80,80,80,80,80,80,80,80,80,87,87,87,87,87,87,87,87,87,87,87,87,87,87,87,87,87,87,87,87,87,87,87,87,87,87,87,87,87,87,87,87,87,87,87,87,87,87],"card_choices":[{"not_picked":["Ball Lightning","Barrage"],"picked":"Auto Shields","floor":1},{"not_picked":["Hologram","Compile Driver"],"picked":"Doom and Gloom","floor":4},{"not_picked":["Creative AI","Streamline"],"picked":"Doom and Gloom","floor":7},{"not_picked":["Cold Snap","Defragment"],"picked":"Reinforced Body","floor":8},{"not_picked":["Ball Lightning","Steam"],"picked":"Streamline","floor":12},{"not_picked":["Chaos","Steam Power"],"picked":"Streamline","floor":14},{"not_picked":["Multi-Cast","Machine Learning"],"picked":"Fission","floor":16},{"not_picked":["Ball Lightning","Steam"],"picked":"Conserve Battery","floor":18},{"not_picked":["Ball Lightning","Hologram"],"picked":"Aggregate","floor":21},{"not_picked":["Go for the Eyes","Stack+1"],"picked":"Double Energy","floor":28},{"not_picked":["Ball Lightning+1","Cold Snap+1"],"picked":"BootSequence+1","floor":29},{"not_picked":["Steam","Redo"],"picked":"Reinforced Body+1","floor":31},{"not_picked":["Seek","Rainbow"],"picked":"Buffer+1","floor":33},{"not_picked":["Compile Driver","Hologram"],"picked":"Coolheaded+1","floor":35},{"not_picked":["Blind","Swift Strike"],"picked":"Dark Shackles","floor":37},{"not_picked":["Magnetism+1","Purity"],"picked":"Madness","floor":37},{"not_picked":["Double Energy+1","Leap+1"],"picked":"Capacitor+1","floor":38},{"not_picked":["Capacitor+1","Hologram"],"picked":"Tempest+1","floor":39},{"not_picked":["Gash","Hello World+1"],"picked":"Streamline+1","floor":41},{"not_picked":["Defragment+1","Sweeping Beam"],"picked":"Compile Driver+1","floor":42},{"not_picked":["Stack","Darkness"],"picked":"FTL+1","floor":47}],"player_experience":20890,"relics_obtained":[{"floor":7,"key":"Bag of Marbles"},{"floor":9,"key":"Vajra"},{"floor":26,"key":"Frozen Egg 2"},{"floor":43,"key":"Gremlin Horn"}],"event_choices":[{"event_name":"Big Fish","player_choice":"Donut","floor":2,"damage_taken":0},{"event_name":"Living Wall","player_choice":"Grow","floor":3,"damage_taken":0},{"event_name":"Accursed Blacksmith","player_choice":"Forge","floor":5,"damage_taken":0},{"event_name":"Shining Light","player_choice":"Entered Light","floor":11,"damage_taken":0},{"event_name":"Back to Basics","player_choice":"Simplicity","floor":19,"damage_taken":0},{"event_name":"Wheel of Change","player_choice":"Relic","floor":20,"damage_taken":0},{"event_name":"Cursed Tome","player_choice":"Obtained Book","floor":22,"damage_taken":0},{"event_name":"The Library","player_choice":"Heal","floor":23,"damage_taken":0},{"event_name":"Duplicator","player_choice":"One dupe","floor":25,"damage_taken":0},{"event_name":"Tomb of Lord Red Mask","player_choice":"Ignored","floor":36,"damage_taken":0},{"event_name":"SensoryStone","player_choice":"Memory 2","floor":37,"damage_taken":0},{"event_name":"Winding Halls","player_choice":"Embrace Madness","floor":45,"damage_taken":0}],"boss_relics":[{"not_picked":["Astrolabe","Eternal Feather"],"picked":"Velvet Choker"},{"not_picked":["Empty Cage","Fusion Hammer"],"picked":"Nuclear Battery"}],"items_purged_floors":[],"is_endless":false,"potions_floor_spawned":[1,8,12,14,28,31,39,41,42],"killed_by":"Donu and Deca","ascension_level":0}