{"gold_per_floor":[111,64,78,98,118,146,146,166,166,192,202,237,247,247,247,247],"floor_reached":16,"playtime":1359,"items_purged":[],"score":155,"play_id":"4d018138-e8bd-48d9-ba80-52542acbbd17","local_time":"20181228155307","is_ascension_mode":true,"campfire_choices":[{"floor":7,"key":"REST"},{"floor":15,"key":"REST"}],"neow_cost":"NONE","seed_source_timestamp":1365619198217559,"circlet_count":0,"master_deck":["Strike_B","Strike_B","Strike_B","Strike_B","Defend_B","Defend_B","Defend_B","Defend_B","Zap","Dualcast","Conserve Battery","Cold Snap","Ball Lightning","Ball Lightning","Hologram","Coolheaded","Conserve Battery","Seek+1","Conserve Battery"],"relics":["Cracked Core","Juzu Bracelet","Omamori","Singing Bowl","The Courier","Boot"],"potions_floor_usage":[10,10,12,12],"damage_taken":[{"damage":8,"enemies":"Small Slimes","floor":1,"turns":3},{"damage":1,"enemies":"2 Louse","floor":3,"turns":3},{"damage":0,"enemies":"Cultist","floor":4,"turns":4},{"damage":3,"enemies":"2 Fungi Beasts","floor":5,"turns":4},{"damage":30,"enemies":"3 Sentries","floor":6,"turns":7},{"damage":1,"enemies":"3 Louse","floor":8,"turns":3},{"damage":11,"enemies":"Lagavulin","floor":10,"turns":5},{"damage":1,"enemies":"Blue Slaver","floor":11,"turns":4},{"damage":27,"enemies":"Gremlin Nob","floor":12,"turns":4},{"damage":3,"enemies":"Exordium Wildlife","floor":13,"turns":3},{"damage":46,"enemies":"Hexaghost","floor":16,"turns":11}],"seed_played":"4207307831884849517","potions_obtained":[{"floor":1,"key":"Poison Potion"},{"floor":6,"key":"Block Potion"},{"floor":8,"key":"Poison Potion"},{"floor":11,"key":"Regen Potion"}],"is_trial":false,"path_per_floor":["M","?","M","M","M","E","R","M","T","E","M","E","M","?","R","B"],"character_chosen":"DEFECT","items_purchased":[],"campfire_rested":2,"item_purchase_floors":[],"current_hp_per_floor":[67,67,66,66,63,33,55,54,54,43,42,27,24,24,46,0],"gold":247,"neow_bonus":"RANDOM_COMMON_RELIC","is_prod":false,"is_daily":false,"chose_seed":false,"campfire_upgraded":0,"win_rate":0,"timestamp":1546030387,"path_taken":["M","?","M","M","M","E","R","M","T","E","M","E","M","?","R","BOSS"],"build_version":"2018-12-20","purchased_purges":0,"victory":false,"max_hp_per_floor":[75,75,75,75,75,75,75,75,75,75,75,75,75,75,75,75],"card_choices":[{"not_picked":["Force Field","Beam Cell","Gash"],"picked":"SKIP","floor":1},{"not_picked":["Gash","Barrage"],"picked":"Conserve Battery","floor":3},{"not_picked":["Sweeping Beam","Gash"],"picked":"Cold Snap","floor":4},{"not_picked":["Recycle","Redo"],"picked":"Ball Lightning","floor":5},{"not_picked":["Stack","Heatsinks"],"picked":"Ball Lightning","floor":6},{"not_picked":["Rebound","Sweeping Beam"],"picked":"Hologram","floor":8},{"not_picked":["Static Discharge","Hologram"],"picked":"Coolheaded","floor":10},{"not_picked":["Streamline","Steam"],"picked":"Conserve Battery","floor":11},{"not_picked":["Streamline","Beam Cell"],"picked":"Seek","floor":12},{"not_picked":["Barrage","Redo"],"picked":"Conserve Battery","floor":13}],"player_experience":491255,"relics_obtained":[{"floor":6,"key":"Omamori"},{"floor":9,"key":"Singing Bowl"},{"floor":10,"key":"The Courier"},{"floor":12,"key":"Boot"}],"event_choices":[{"damage_healed":0,"gold_gain":0,"player_choice":"Left Gold","damage_taken":0,"max_hp_gain":0,"max_hp_loss":0,"event_name":"World of Goop","floor":2,"gold_loss":47},{"damage_healed":0,"gold_gain":0,"player_choice":"Grow","damage_taken":0,"max_hp_gain":0,"max_hp_loss":0,"event_name":"Living Wall","floor":14,"gold_loss":0,"cards_upgraded":["Seek"]}],"is_beta":false,"boss_relics":[],"items_purged_floors":[],"is_endless":false,"potions_floor_spawned":[1,6,8,11],"killed_by":"Hexaghost","ascension_level":5}