{"gold_per_floor":[117,128,128,41,57,57,74,109,187,237,251,261,241,260,260,260],"floor_reached":16,"playtime":710,"items_purged":[],"score":198,"play_id":"6c90b766-5e07-4715-8a9f-7ca63f8d1c60","local_time":"20190527131511","is_ascension_mode":true,"campfire_choices":[{"data":"Shrug It Off","floor":6,"key":"SMITH"},{"data":"Inflame","floor":15,"key":"SMITH"}],"neow_cost":"NONE","seed_source_timestamp":63258442391500,"circlet_count":0,"master_deck":["AscendersBane","Strike_R","Strike_R","Strike_R","Strike_R","Strike_R","Defend_R","Defend_R","Defend_R","Defend_R","Bash+1","Purity","Hemokinesis","Shrug It Off+1","Dropkick","Shrug It Off","Headbutt","Metallicize","Inflame+1","Whirlwind","Rampage"],"relics":["Burning Blood","Turnip","Pear"],"potions_floor_usage":[12,16,16],"damage_taken":[{"damage":11,"enemies":"Jaw Worm","floor":1,"turns":5},{"damage":7,"enemies":"Small Slimes","floor":2,"turns":3},{"damage":3,"enemies":"Cultist","floor":5,"turns":3},{"damage":9,"enemies":"Lots of Slimes","floor":7,"turns":6},{"damage":41,"enemies":"3 Sentries","floor":8,"turns":12},{"damage":11,"enemies":"Large Slime","floor":11,"turns":6},{"damage":5,"enemies":"Gremlin Gang","floor":12,"turns":5},{"damage":10,"enemies":"Looter","floor":14,"turns":4},{"damage":36,"enemies":"The Guardian","floor":16,"turns":2}],"seed_played":"2662364153668244962","potions_obtained":[{"floor":1,"key":"FearPotion"},{"floor":8,"key":"Poison Potion"},{"floor":12,"key":"Dexterity Potion"},{"floor":13,"key":"Dexterity Potion"}],"is_trial":false,"path_per_floor":["M","M","?","$","M","R","M","E","T","?","M","M","?","M","R","B"],"character_chosen":"IRONCLAD","items_purchased":["Dropkick"],"campfire_rested":0,"item_purchase_floors":[4],"current_hp_per_floor":[63,62,62,62,65,65,62,27,37,37,32,33,33,29,29,0],"gold":260,"neow_bonus":"RANDOM_COLORLESS","is_prod":false,"is_daily":false,"chose_seed":false,"campfire_upgraded":2,"win_rate":0,"timestamp":1558988111,"path_taken":["M","M","?","$","M","R","M","E","T","?","?","?","?","?","R","BOSS"],"build_version":"2019-01-23","purchased_purges":0,"victory":false,"max_hp_per_floor":[75,75,75,75,75,75,75,75,85,85,85,85,85,85,85,85],"card_choices":[{"not_picked":["Sword Boomerang","Wild Strike"],"picked":"Hemokinesis","floor":1},{"not_picked":["Warcry","Pommel Strike"],"picked":"Shrug It Off","floor":2},{"not_picked":["True Grit","Entrench"],"picked":"Shrug It Off","floor":5},{"not_picked":["Body Slam","Blood for Blood"],"picked":"Headbutt","floor":7},{"not_picked":["Hemokinesis","Dual Wield"],"picked":"Metallicize","floor":8},{"not_picked":["Pommel Strike","Anger"],"picked":"Inflame","floor":11},{"not_picked":["Shockwave","Warcry"],"picked":"Whirlwind","floor":12},{"not_picked":["Rage","Sever Soul"],"picked":"Rampage","floor":14}],"player_experience":488885,"relics_obtained":[{"floor":8,"key":"Turnip"},{"floor":9,"key":"Pear"}],"event_choices":[{"damage_healed":0,"gold_gain":0,"player_choice":"Grow","damage_taken":0,"max_hp_gain":0,"max_hp_loss":0,"event_name":"Living Wall","floor":3,"gold_loss":0,"cards_upgraded":["Bash"]},{"damage_healed":0,"gold_gain":50,"player_choice":"Pray","damage_taken":0,"max_hp_gain":0,"max_hp_loss":0,"event_name":"Golden Shrine","floor":10,"gold_loss":0},{"damage_healed":0,"gold_gain":0,"player_choice":"Bought 1 Potion","damage_taken":0,"max_hp_gain":0,"max_hp_loss":0,"event_name":"The Woman in Blue","floor":13,"gold_loss":0}],"is_beta":false,"boss_relics":[],"items_purged_floors":[],"is_endless":false,"potions_floor_spawned":[1,8,12,14],"killed_by":"The Guardian","ascension_level":18}