{"gold_per_floor":[112,125,142,152,152,152,166,166,166,166,200,275,286,316,316,316],"floor_reached":16,"playtime":558,"items_purged":[],"score":218,"play_id":"344c69e7-e8b2-490c-86f0-360ac3481594","local_time":"20190530193057","is_ascension_mode":true,"campfire_choices":[{"data":"Bash","floor":6,"key":"SMITH"},{"data":"Spot Weakness","floor":8,"key":"SMITH"},{"data":"Cleave","floor":10,"key":"SMITH"},{"floor":15,"key":"REST"}],"neow_cost":"NONE","seed_source_timestamp":345154536454900,"circlet_count":0,"master_deck":["AscendersBane","Strike_R","Strike_R","Strike_R","Strike_R","Strike_R","Defend_R","Defend_R","Defend_R","Defend_R","Bash+1","Headbutt","Cleave+1","Inflame","Shrug It Off","Spot Weakness+1","Offering","Pummel","Pommel Strike"],"relics":["Burning Blood","Blue Candle","PreservedInsect","Ginger"],"potions_floor_usage":[7,14,16],"damage_taken":[{"damage":6,"enemies":"Cultist","floor":1,"turns":3},{"damage":12,"enemies":"Jaw Worm","floor":2,"turns":3},{"damage":1,"enemies":"Small Slimes","floor":3,"turns":3},{"damage":17,"enemies":"Exordium Thugs","floor":4,"turns":4},{"damage":6,"enemies":"Red Slaver","floor":7,"turns":4},{"damage":12,"enemies":"3 Sentries","floor":11,"turns":4},{"damage":24,"enemies":"Gremlin Gang","floor":13,"turns":3},{"damage":21,"enemies":"Lagavulin","floor":14,"turns":4},{"damage":37,"enemies":"Hexaghost","floor":16,"turns":8}],"seed_played":"3548422522185349862","potions_obtained":[{"floor":2,"key":"Block Potion"},{"floor":3,"key":"PowerPotion"},{"floor":11,"key":"Weak Potion"}],"is_trial":false,"path_per_floor":["M","M","M","M","?","R","M","R","T","R","E","?","M","E","R","B"],"character_chosen":"IRONCLAD","items_purchased":[],"campfire_rested":1,"item_purchase_floors":[],"current_hp_per_floor":[75,69,74,63,63,63,63,63,63,63,57,46,28,13,37,0],"gold":316,"neow_bonus":"TEN_PERCENT_HP_BONUS","is_prod":false,"is_daily":false,"chose_seed":false,"campfire_upgraded":3,"win_rate":0,"timestamp":1559269857,"path_taken":["M","M","M","M","?","R","M","R","T","R","E","?","M","E","R","BOSS"],"build_version":"2019-01-23","purchased_purges":0,"victory":false,"max_hp_per_floor":[82,82,82,82,82,82,82,82,82,82,82,82,82,82,82,82],"card_choices":[{"not_picked":["Warcry","Burning Pact"],"picked":"Headbutt","floor":1},{"not_picked":["Sword Boomerang","Shrug It Off"],"picked":"Cleave","floor":2},{"not_picked":["Pommel Strike","Clash"],"picked":"Inflame","floor":3},{"not_picked":["Twin Strike","Perfected Strike"],"picked":"Shrug It Off","floor":4},{"not_picked":["Warcry","Pommel Strike"],"picked":"Spot Weakness","floor":7},{"not_picked":["Spot Weakness","Heavy Blade"],"picked":"Offering","floor":11},{"not_picked":["Blood for Blood","Pommel Strike"],"picked":"Pummel","floor":13},{"not_picked":["Carnage","Second Wind"],"picked":"Pommel Strike","floor":14}],"player_experience":500317,"relics_obtained":[{"floor":9,"key":"Blue Candle"},{"floor":11,"key":"PreservedInsect"},{"floor":14,"key":"Ginger"}],"event_choices":[{"damage_healed":0,"gold_gain":0,"player_choice":"Ignored","damage_taken":0,"max_hp_gain":0,"max_hp_loss":0,"event_name":"Liars Game","floor":5,"gold_loss":0},{"damage_healed":0,"gold_gain":75,"player_choice":"Gather Gold","damage_taken":11,"max_hp_gain":0,"max_hp_loss":0,"event_name":"World of Goop","floor":12,"gold_loss":0}],"is_beta":false,"boss_relics":[],"items_purged_floors":[],"is_endless":false,"potions_floor_spawned":[2,3,11,13],"killed_by":"Hexaghost","ascension_level":19}