{"gold_per_floor":[113,38,52,52,72,101,101,131,131,142,153,178,188,200,200,298,298,311,321,321,83,8,8,39,57,57,57,69,81,123,151,163,273,285,317,329,341,363,86,119,119,148,148,15,15,46,66,83,83,83],"floor_reached":51,"playtime":7025,"items_purged":["Strike_R","Juggernaut"],"score":934,"play_id":"ea689012-98c4-47e1-9727-3b61a848b49a","local_time":"20181125135627","is_ascension_mode":true,"campfire_choices":[{"data":"Infernal Blade","floor":7,"key":"SMITH"},{"floor":15,"key":"REST"},{"floor":23,"key":"REST"},{"floor":27,"key":"DIG"},{"floor":32,"key":"REST"},{"floor":41,"key":"DIG"},{"floor":45,"key":"REST"},{"floor":49,"key":"REST"}],"neow_cost":"NONE","seed_source_timestamp":826655325845866,"circlet_count":0,"master_deck":["Strike_R","Strike_R+1","Strike_R+1","Defend_R","Defend_R","Defend_R","Defend_R","Bash","Uppercut","Infernal Blade+1","Inflame","Inflame","Shrug It Off","Uppercut","Immolate","Normality","Clumsy","Injury","Carnage+1","Dropkick+1","Intimidate","Impervious","Infernal Blade","Limit Break","Rage+1","Writhe","Heavy Blade","Whirlwind+1","Shame","Infernal Blade","Shrug It Off+1","Fiend Fire","Inflame","Fire Breathing","Heavy Blade"],"relics":["Burning Blood","Whetstone","Paper Frog","Meat on the Bone","Shuriken","Du-Vu Doll","Calling Bell","Dream Catcher","Kunai","Shovel","Nilry\u0027s Codex","Sundial","Pear","Mercury Hourglass","MawBank","MutagenicStrength","Pantograph","Cursed Key","Pocketwatch","Prayer Wheel","Smiling Mask","Bag of Preparation","Pen Nib","Potion Belt"],"potions_floor_usage":[11,16,19,24,30,33,42,42,42,46,46,50],"damage_taken":[{"damage":3,"enemies":"Cultist","floor":1,"turns":5},{"damage":7,"enemies":"2 Louse","floor":3,"turns":3},{"damage":0,"enemies":"Small Slimes","floor":5,"turns":2},{"damage":33,"enemies":"3 Sentries","floor":6,"turns":13},{"damage":26,"enemies":"Lagavulin","floor":8,"turns":5},{"damage":1,"enemies":"Exordium Wildlife","floor":10,"turns":3},{"damage":6,"enemies":"2 Fungi Beasts","floor":11,"turns":2},{"damage":13,"enemies":"3 Sentries","floor":12,"turns":4},{"damage":18,"enemies":"Blue Slaver","floor":13,"turns":4},{"damage":6,"enemies":"Exordium Thugs","floor":14,"turns":6},{"damage":60,"enemies":"Hexaghost","floor":16,"turns":11},{"damage":22,"enemies":"Shell Parasite","floor":18,"turns":6},{"damage":8,"enemies":"Chosen","floor":19,"turns":4},{"damage":19,"enemies":"Slavers","floor":24,"turns":4},{"damage":28,"enemies":"Snecko","floor":25,"turns":4},{"damage":24,"enemies":"Book of Stabbing","floor":30,"turns":4},{"damage":10,"enemies":"Sentry and Sphere","floor":31,"turns":3},{"damage":52,"enemies":"Automaton","floor":33,"turns":8},{"damage":26,"enemies":"3 Darklings","floor":35,"turns":4},{"damage":23,"enemies":"Orb Walker","floor":38,"turns":3},{"damage":19,"enemies":"Giant Head","floor":40,"turns":4},{"damage":24,"enemies":"Reptomancer","floor":42,"turns":5},{"damage":30,"enemies":"Giant Head","floor":46,"turns":7},{"damage":20,"enemies":"Sphere and 2 Shapes","floor":47,"turns":3},{"damage":1,"enemies":"Spire Growth","floor":48,"turns":3},{"damage":76,"enemies":"Awakened One","floor":50,"turns":7}],"seed_played":"6914326796028527118","potions_obtained":[{"floor":5,"key":"Swift Potion"},{"floor":6,"key":"Explosive Potion"},{"floor":8,"key":"Ancient Potion"},{"floor":10,"key":"Energy Potion"},{"floor":13,"key":"SpeedPotion"},{"floor":18,"key":"Strength Potion"},{"floor":19,"key":"Strength Potion"},{"floor":25,"key":"Fire Potion"},{"floor":31,"key":"SteroidPotion"},{"floor":40,"key":"Swift Potion"},{"floor":42,"key":"Regen Potion"},{"floor":47,"key":"Regen Potion"}],"is_trial":false,"path_per_floor":["M","$","M","$","M","E","R","E","T","M","M","E","M","M","R","B",null,"M","M","?","$","?","R","E","M","T","R","$","?","E","M","R","B",null,"M","$","?","M","$","E","R","E","T","$","R","E","M","M","R","B",null],"character_chosen":"IRONCLAD","items_purchased":["Sundial","Pocketwatch","Infernal Blade","Block Potion"],"campfire_rested":5,"item_purchase_floors":[21,39,44,44],"current_hp_per_floor":[80,80,79,79,80,53,53,33,33,50,50,55,55,55,79,37,80,64,62,46,46,46,70,67,57,57,57,57,57,51,59,86,56,90,70,70,90,73,73,60,60,54,54,54,81,71,57,62,89,42],"gold":83,"neow_bonus":"RANDOM_COMMON_RELIC","is_prod":false,"is_daily":false,"chose_seed":false,"campfire_upgraded":1,"win_rate":0,"timestamp":1543172187,"path_taken":["M","$","M","$","M","E","R","E","T","M","M","E","?","M","R","BOSS","M","M","?","$","?","R","E","M","T","R","?","?","E","?","R","BOSS","M","$","?","M","$","E","R","E","T","?","R","E","M","?","R","BOSS"],"build_version":"2018-11-15","purchased_purges":2,"victory":true,"max_hp_per_floor":[80,80,80,80,80,80,80,80,80,80,80,80,80,80,80,80,80,80,80,80,80,80,80,90,90,90,90,90,90,90,90,90,90,90,90,90,90,90,90,90,90,90,90,90,90,90,90,90,90,90],"card_choices":[{"not_picked":["Cleave","Second Wind","Heavy Blade"],"picked":"SKIP","floor":1},{"not_picked":["Combust","Havoc","Warcry"],"picked":"SKIP","floor":3},{"not_picked":["Cleave","Thunderclap"],"picked":"Uppercut","floor":5},{"not_picked":["Shockwave","Berserk"],"picked":"Infernal Blade","floor":6},{"not_picked":["Ghostly Armor","Perfected Strike"],"picked":"Inflame","floor":8},{"not_picked":["Ghostly Armor","Headbutt"],"picked":"Inflame","floor":10},{"not_picked":["Armaments","Body Slam"],"picked":"Shrug It Off","floor":11},{"not_picked":["Cleave","Pommel Strike"],"picked":"Juggernaut","floor":12},{"not_picked":["Whirlwind","Searing Blow"],"picked":"Uppercut","floor":13},{"not_picked":["Clothesline","Sever Soul","Warcry"],"picked":"SKIP","floor":14},{"not_picked":["Impervious","Feed"],"picked":"Immolate","floor":16},{"not_picked":["Havoc+1","Sword Boomerang","Warcry"],"picked":"SKIP","floor":18},{"not_picked":["Clothesline","Warcry"],"picked":"Carnage+1","floor":19},{"not_picked":["Headbutt+1","Dark Embrace"],"picked":"Dropkick+1","floor":23},{"not_picked":["Heavy Blade","Double Tap"],"picked":"Intimidate","floor":24},{"not_picked":["Pommel Strike","True Grit","Rupture"],"picked":"SKIP","floor":25},{"not_picked":["Headbutt","Power Through"],"picked":"Impervious","floor":30},{"not_picked":["Wild Strike","Twin Strike","Perfected Strike"],"picked":"SKIP","floor":31},{"not_picked":["Sword Boomerang","True Grit"],"picked":"Infernal Blade","floor":32},{"not_picked":["Barricade","Fiend Fire"],"picked":"Limit Break","floor":33},{"not_picked":["Twin Strike","Entrench"],"picked":"Rage+1","floor":35},{"not_picked":["Headbutt","Clothesline+1","Cleave+1"],"picked":"SKIP","floor":38},{"not_picked":["Shrug It Off","Barricade"],"picked":"Heavy Blade","floor":40},{"not_picked":["Infernal Blade","Sword Boomerang+1"],"picked":"Whirlwind+1","floor":42},{"not_picked":["Pommel Strike+1","Armaments+1"],"picked":"Shrug It Off+1","floor":45},{"not_picked":["Entrench","Shrug It Off"],"picked":"Fiend Fire","floor":46},{"not_picked":["Body Slam","Warcry+1"],"picked":"Inflame","floor":47},{"not_picked":["Armaments+1","Headbutt+1","Pommel Strike"],"picked":"SKIP","floor":47},{"not_picked":["Iron Wave+1","Clash"],"picked":"Fire Breathing","floor":48},{"not_picked":["Sever Soul","Havoc","Armaments+1"],"picked":"SKIP","floor":48},{"not_picked":["Searing Blow+1","Berserk"],"picked":"Heavy Blade","floor":49}],"player_experience":329418,"relics_obtained":[{"floor":6,"key":"Paper Frog"},{"floor":8,"key":"Meat on the Bone"},{"floor":9,"key":"Shuriken"},{"floor":12,"key":"Du-Vu Doll"},{"floor":17,"key":"Dream Catcher"},{"floor":17,"key":"Kunai"},{"floor":17,"key":"Shovel"},{"floor":20,"key":"Nilry\u0027s Codex"},{"floor":24,"key":"Pear"},{"floor":26,"key":"Mercury Hourglass"},{"floor":27,"key":"MawBank"},{"floor":30,"key":"Pantograph"},{"floor":40,"key":"Prayer Wheel"},{"floor":41,"key":"Smiling Mask"},{"floor":42,"key":"Bag of Preparation"},{"floor":43,"key":"Pen Nib"},{"floor":46,"key":"Potion Belt"}],"event_choices":[{"damage_healed":0,"gold_gain":0,"player_choice":"Obtained Book","damage_taken":16,"max_hp_gain":0,"max_hp_loss":0,"event_name":"Cursed Tome","floor":20,"gold_loss":0},{"cards_removed":["Strike_R"],"damage_healed":0,"gold_gain":0,"player_choice":"Gave Gold","damage_taken":0,"max_hp_gain":0,"max_hp_loss":0,"event_name":"Beggar","floor":22,"gold_loss":75},{"damage_healed":0,"gold_gain":0,"player_choice":"Inject Mutagens","damage_taken":0,"relics_obtained":["MutagenicStrength"],"max_hp_gain":0,"max_hp_loss":0,"event_name":"Drug Dealer","floor":29,"gold_loss":0},{"damage_healed":23,"gold_gain":0,"player_choice":"Writhe","damage_taken":0,"max_hp_gain":0,"max_hp_loss":0,"event_name":"Winding Halls","floor":37,"gold_loss":0,"cards_obtained":["Writhe"]}],"is_beta":false,"boss_relics":[{"not_picked":["Astrolabe","Velvet Choker"],"picked":"Calling Bell"},{"not_picked":["Runic Cube","Mark of Pain"],"picked":"Cursed Key"}],"items_purged_floors":[2,44],"is_endless":false,"potions_floor_spawned":[5,6,8,10,13,18,19,25,31,40,42,47],"ascension_level":1}