{"gold_per_floor":[115,135,153,153,166,194,194,194,221,238,238,19,49,59,59,157,157,176,19,36,49,64,64,64],"floor_reached":24,"playtime":3158,"items_purged":[],"score":270,"play_id":"de845647-74bc-4f18-92c2-62062cdd89f4","local_time":"20181226214003","is_ascension_mode":true,"campfire_choices":[{"floor":7,"key":"REST"},{"floor":11,"key":"REST"},{"floor":15,"key":"REST"},{"floor":23,"key":"REST"}],"neow_cost":"NONE","seed_source_timestamp":1211804346042210,"circlet_count":0,"master_deck":["Strike_R","Strike_R","Defend_R","Defend_R+1","Defend_R+1","Defend_R","Bash","Metallicize+1","Pommel Strike","Pummel","Spot Weakness","Demon Form","Heavy Blade","Inflame","Shrug It Off","Flame Barrier","Limit Break","Ghostly Armor","Metallicize","Dual Wield"],"relics":["Burning Blood","War Paint","Ancient Tea Set","Red Skull","Bag of Preparation","Empty Cage","Blood Vial"],"potions_floor_usage":[18,20,24,24,24],"damage_taken":[{"damage":13,"enemies":"Jaw Worm","floor":1,"turns":4},{"damage":0,"enemies":"2 Louse","floor":2,"turns":3},{"damage":0,"enemies":"Cultist","floor":3,"turns":4},{"damage":41,"enemies":"Gremlin Gang","floor":5,"turns":6},{"damage":40,"enemies":"Gremlin Nob","floor":6,"turns":5},{"damage":14,"enemies":"3 Louse","floor":10,"turns":6},{"damage":23,"enemies":"Lagavulin","floor":13,"turns":4},{"damage":0,"enemies":"Exordium Thugs","floor":14,"turns":2},{"damage":31,"enemies":"Slime Boss","floor":16,"turns":7},{"damage":26,"enemies":"Chosen","floor":18,"turns":7},{"damage":18,"enemies":"Spheric Guardian","floor":20,"turns":4},{"damage":40,"enemies":"Shelled Parasite and Fungi","floor":21,"turns":9},{"damage":24,"enemies":"Centurion and Healer","floor":22,"turns":6},{"damage":47,"enemies":"Book of Stabbing","floor":24,"turns":7}],"seed_played":"867574097780562077","potions_obtained":[{"floor":1,"key":"Dexterity Potion"},{"floor":3,"key":"SpeedPotion"},{"floor":6,"key":"Strength Potion"},{"floor":16,"key":"BloodPotion"},{"floor":18,"key":"Weak Potion"},{"floor":20,"key":"Swift Potion"}],"is_trial":false,"path_per_floor":["M","M","M","?","M","E","R","?","T","M","R","$","E","M","R","B",null,"M","$","M","M","M","R","E"],"character_chosen":"IRONCLAD","items_purchased":["Red Skull","Inflame","Blood Vial"],"campfire_rested":4,"item_purchase_floors":[12,12,19],"current_hp_per_floor":[81,87,88,88,53,19,45,38,38,30,56,56,39,45,71,46,88,76,76,66,34,18,44,0],"gold":64,"neow_bonus":"TEN_PERCENT_HP_BONUS","is_prod":false,"is_daily":false,"chose_seed":false,"campfire_upgraded":0,"win_rate":0,"timestamp":1545878403,"path_taken":["M","M","M","?","M","E","R","?","T","M","R","$","E","M","R","BOSS","M","$","M","M","M","R","E"],"build_version":"2018-12-20","purchased_purges":0,"victory":false,"max_hp_per_floor":[88,88,88,88,88,88,88,88,88,88,88,88,88,88,88,88,88,88,88,88,88,88,88,88],"card_choices":[{"not_picked":["Pummel","Feel No Pain"],"picked":"Metallicize","floor":1},{"not_picked":["Power Through","Cleave"],"picked":"Pommel Strike","floor":2},{"not_picked":["Warcry","Cleave"],"picked":"Pummel","floor":3},{"not_picked":["True Grit","Burning Pact"],"picked":"Spot Weakness","floor":5},{"not_picked":["Wild Strike","Perfected Strike"],"picked":"Demon Form","floor":6},{"not_picked":["True Grit","Twin Strike"],"picked":"Heavy Blade","floor":10},{"not_picked":["Armaments","True Grit"],"picked":"Shrug It Off","floor":13},{"not_picked":["Ghostly Armor","Sword Boomerang"],"picked":"Flame Barrier","floor":14},{"not_picked":["Berserk","Demon Form"],"picked":"Limit Break","floor":16},{"not_picked":["Armaments","Flex","Wild Strike"],"picked":"SKIP","floor":18},{"not_picked":["Twin Strike","Flex"],"picked":"Ghostly Armor","floor":20},{"not_picked":["Clash","Fire Breathing"],"picked":"Metallicize","floor":21},{"not_picked":["Entrench","Headbutt"],"picked":"Dual Wield","floor":22}],"player_experience":472821,"relics_obtained":[{"floor":6,"key":"War Paint"},{"floor":9,"key":"Ancient Tea Set"},{"floor":13,"key":"Bag of Preparation"}],"event_choices":[{"damage_healed":0,"gold_gain":0,"player_choice":"Grow","damage_taken":0,"max_hp_gain":0,"max_hp_loss":0,"event_name":"Living Wall","floor":4,"gold_loss":0,"cards_upgraded":["Metallicize"]},{"cards_removed":["Strike_R"],"damage_healed":0,"gold_gain":0,"player_choice":"Card Removal","damage_taken":7,"max_hp_gain":0,"max_hp_loss":0,"event_name":"Golden Wing","floor":8,"gold_loss":0}],"is_beta":false,"boss_relics":[{"not_picked":["Lizard Tail","Pandora\u0027s Box"],"picked":"Empty Cage"}],"items_purged_floors":[],"is_endless":false,"potions_floor_spawned":[1,3,6,16,18,20],"killed_by":"Book of Stabbing","ascension_level":3}