{"gold_per_floor":[114,129,129,129,129,167,167,235,235,273,89,127,127,227,227,352,352,371,371,371,390,140,178,197,235,235,273,273,311,311,361,361,486,486,505,505,524,543,543,581,600,638,638,676,688,700,750,781,793,805],"floor_reached":51,"playtime":4610,"items_purged":[],"score":1340,"play_id":"eaa90541-710c-4223-9f69-57f1411728eb","local_time":"20190208122443","daily_mods":["SealedDeck","Colorless Cards","Elite Swarm"],"is_ascension_mode":false,"campfire_choices":[{"data":"A Thousand Cuts","floor":7,"key":"SMITH"},{"data":"Apotheosis","floor":13,"key":"SMITH"},{"data":"Thinking Ahead","floor":15,"key":"SMITH"},{"floor":28,"key":"REST"},{"data":"Master of Strategy","floor":32,"key":"SMITH"},{"floor":46,"key":"REST"},{"data":"Thinking Ahead","floor":49,"key":"SMITH"}],"neow_cost":"","seed_source_timestamp":130160154579810,"circlet_count":0,"master_deck":["Cloak And Dagger+1","Cloak And Dagger+1","Discovery+1","Quick Slash+1","Quick Slash+1","Flying Knee+1","Blind+1","Flash of Steel+1","Finesse+1","Finesse+1","Dodge and Roll+1","Acrobatics+1","A Thousand Cuts+1","Apotheosis+1","Footwork+1","Thinking Ahead+1","Master of Strategy+1","Deflect+1","Blur+1","Deep Breath+1","A Thousand Cuts+1","Expertise+1","Secret Technique+1","Discovery+1","Prepared+1","Master of Strategy+1","After Image+1","A Thousand Cuts+1","Masterful Stab+1","Master of Strategy+1","Concentrate+1","Backflip+1","Distraction+1","Finesse+1","Envenom+1","Parasite","Outmaneuver+1","Secret Technique+1","Thinking Ahead+1"],"special_seed":17935,"relics":["Ring of the Snake","Strawberry","Golden Idol","Prayer Wheel","Tiny Chest","Happy Flower","Du-Vu Doll","Ancient Tea Set","Tingsha","Sozu","Mercury Hourglass","Matryoshka","Frozen Egg 2","Blood Vial","Lantern","Darkstone Periapt","Gambling Chip","Incense Burner","Red Mask","Paper Crane","Bag of Preparation","WristBlade","Pear","Orichalcum","Torii","MawBank","Mark of the Bloom","Oddly Smooth Stone"],"potions_floor_usage":[50,50],"damage_taken":[{"damage":0,"enemies":"Small Slimes","floor":1,"turns":2},{"damage":0,"enemies":"2 Louse","floor":2,"turns":2},{"damage":1,"enemies":"Lagavulin","floor":6,"turns":5},{"damage":3,"enemies":"3 Sentries","floor":8,"turns":3},{"damage":0,"enemies":"Lagavulin","floor":10,"turns":3},{"damage":9,"enemies":"3 Sentries","floor":12,"turns":3},{"damage":0,"enemies":"Slime Boss","floor":16,"turns":4},{"damage":1,"enemies":"2 Thieves","floor":18,"turns":2},{"damage":0,"enemies":"Spheric Guardian","floor":21,"turns":3},{"damage":4,"enemies":"Slavers","floor":23,"turns":2},{"damage":0,"enemies":"Chosen and Byrds","floor":24,"turns":3},{"damage":0,"enemies":"Gremlin Leader","floor":25,"turns":4},{"damage":12,"enemies":"Slavers","floor":27,"turns":2},{"damage":0,"enemies":"Book of Stabbing","floor":29,"turns":3},{"damage":0,"enemies":"Masked Bandits","floor":30,"turns":2},{"damage":0,"enemies":"Automaton","floor":33,"turns":4},{"damage":0,"enemies":"Orb Walker","floor":35,"turns":2},{"damage":0,"enemies":"3 Shapes","floor":37,"turns":1},{"damage":0,"enemies":"3 Darklings","floor":38,"turns":1},{"damage":0,"enemies":"Giant Head","floor":40,"turns":5},{"damage":0,"enemies":"Writhing Mass","floor":41,"turns":3},{"damage":0,"enemies":"Nemesis","floor":42,"turns":3},{"damage":0,"enemies":"Reptomancer","floor":44,"turns":3},{"damage":0,"enemies":"Nemesis","floor":47,"turns":2},{"damage":0,"enemies":"Spire Growth","floor":48,"turns":2},{"damage":0,"enemies":"Donu and Deca","floor":50,"turns":2}],"seed_played":"-7219234753305552814","potions_obtained":[{"floor":1,"key":"Fire Potion"},{"floor":6,"key":"LiquidBronze"},{"floor":8,"key":"SkillPotion"},{"floor":16,"key":"PowerPotion"}],"is_trial":false,"path_per_floor":["M","M","?","?","?","E","R","E","T","E","$","E","R","?","R","B",null,"M","T","?","M","$","E","M","E","T","E","R","E","?","T","R","B",null,"M","?","M","M","?","E","M","E","T","E","?","R","E","M","R","B",null],"character_chosen":"THE_SILENT","items_purchased":["Footwork","Ancient Tea Set","Matryoshka"],"campfire_rested":2,"item_purchase_floors":[11,11,22],"current_hp_per_floor":[70,70,74,71,71,70,70,67,67,67,67,58,58,58,58,58,71,70,70,56,56,56,52,52,52,52,42,63,65,67,67,67,69,71,71,67,67,67,67,77,83,83,83,83,83,83,83,83,83,83],"gold":817,"neow_bonus":"","is_prod":false,"is_daily":true,"chose_seed":false,"campfire_upgraded":5,"win_rate":0,"timestamp":1549625083,"path_taken":["M","M","?","?","?","E","R","E","T","E","$","E","R","?","R","BOSS","M","?","?","M","$","E","?","E","T","E","R","E","?","?","R","BOSS","M","?","M","M","?","E","M","E","T","E","?","R","E","M","R","BOSS"],"build_version":"2019-01-23","purchased_purges":0,"victory":true,"max_hp_per_floor":[70,70,77,71,71,71,71,71,71,71,71,71,71,71,71,71,71,71,71,71,71,71,71,71,71,71,71,71,71,71,71,71,71,71,71,67,67,67,67,77,83,83,83,83,83,83,83,83,83,83],"card_choices":[{"not_picked":["Bane","Prepared"],"picked":"Dodge and Roll","floor":1},{"not_picked":["PiercingWail","Flying Knee"],"picked":"Acrobatics","floor":2},{"not_picked":["Mayhem","Malaise"],"picked":"A Thousand Cuts","floor":6},{"not_picked":["Venomology","Mayhem","Grand Finale"],"picked":"SKIP","floor":8},{"not_picked":["Night Terror","Bullet Time"],"picked":"Apotheosis","floor":10},{"not_picked":["Bullet Time","Doppelganger"],"picked":"Thinking Ahead","floor":12},{"not_picked":["Transmutation","The Bomb"],"picked":"Master of Strategy","floor":16},{"not_picked":["Dagger Throw","Reflex"],"picked":"Deflect+1","floor":18},{"not_picked":["PiercingWail","Deadly Poison"],"picked":"Blur+1","floor":18},{"not_picked":["Deadly Poison","Dodge and Roll"],"picked":"A Thousand Cuts","floor":21},{"not_picked":["Dodge and Roll","Sucker Punch"],"picked":"Expertise+1","floor":21},{"not_picked":["Storm of Steel","Thinking Ahead"],"picked":"Secret Technique","floor":23},{"not_picked":["Underhanded Strike","Predator"],"picked":"Discovery","floor":24},{"not_picked":["Leg Sweep","Outmaneuver"],"picked":"Prepared+1","floor":24},{"not_picked":["Venomology","Bullet Time"],"picked":"Master of Strategy","floor":25},{"not_picked":["Storm of Steel","Doppelganger"],"picked":"After Image+1","floor":27},{"not_picked":["Magnetism+1","Envenom+1"],"picked":"A Thousand Cuts+1","floor":29},{"not_picked":["Flying Knee","PiercingWail"],"picked":"Masterful Stab","floor":30},{"not_picked":["Metamorphosis","Phantasmal Killer"],"picked":"Master of Strategy","floor":33},{"not_picked":["Acrobatics","Panacea+1"],"picked":"Concentrate","floor":35},{"not_picked":["Dagger Spray","Crippling Poison","Outmaneuver+1"],"picked":"SKIP","floor":35},{"not_picked":["Acrobatics","Outmaneuver+1","Dagger Spray"],"picked":"SKIP","floor":37},{"not_picked":["Sucker Punch+1","Blind","Catalyst"],"picked":"SKIP","floor":37},{"not_picked":["Outmaneuver+1","Poisoned Stab+1"],"picked":"Backflip","floor":38},{"not_picked":["Flying Knee","Leg Sweep"],"picked":"Distraction","floor":38},{"not_picked":["Blind","Enlightenment"],"picked":"Finesse","floor":39},{"not_picked":["Night Terror","Malaise"],"picked":"Envenom+1","floor":40},{"not_picked":["All Out Attack","Prepared"],"picked":"Outmaneuver+1","floor":41},{"not_picked":["Blade Dance","Dagger Throw+1","Poisoned Stab+1"],"picked":"SKIP","floor":41},{"not_picked":["HandOfGreed","Storm of Steel"],"picked":"Secret Technique","floor":42},{"not_picked":["Unload","Violence","Bullet Time"],"picked":"SKIP","floor":44},{"not_picked":["Burst","Doppelganger"],"picked":"Thinking Ahead","floor":47},{"not_picked":["Choke","Blade Dance+1","Quick Slash"],"picked":"SKIP","floor":48},{"not_picked":["Poisoned Stab","Flying Knee","Deflect"],"picked":"SKIP","floor":48}],"player_experience":205015,"relics_obtained":[{"floor":6,"key":"Prayer Wheel"},{"floor":8,"key":"Tiny Chest"},{"floor":9,"key":"Happy Flower"},{"floor":10,"key":"Du-Vu Doll"},{"floor":12,"key":"Tingsha"},{"floor":19,"key":"Mercury Hourglass"},{"floor":23,"key":"Frozen Egg 2"},{"floor":25,"key":"Blood Vial"},{"floor":26,"key":"Lantern"},{"floor":26,"key":"Darkstone Periapt"},{"floor":27,"key":"Gambling Chip"},{"floor":29,"key":"Incense Burner"},{"floor":30,"key":"Red Mask"},{"floor":31,"key":"Paper Crane"},{"floor":31,"key":"Bag of Preparation"},{"floor":40,"key":"Pear"},{"floor":42,"key":"Orichalcum"},{"floor":43,"key":"Torii"},{"floor":44,"key":"MawBank"},{"floor":47,"key":"Oddly Smooth Stone"}],"event_choices":[{"damage_healed":0,"gold_gain":0,"player_choice":"Success","damage_taken":3,"relics_obtained":["Strawberry"],"max_hp_gain":0,"max_hp_loss":0,"event_name":"Scrap Ooze","floor":3,"gold_loss":0},{"damage_healed":0,"gold_gain":0,"player_choice":"Lose Max HP","damage_taken":0,"relics_obtained":["Golden Idol"],"max_hp_gain":0,"max_hp_loss":6,"event_name":"Golden Idol","floor":4,"gold_loss":0},{"damage_healed":0,"gold_gain":0,"player_choice":"Grow","damage_taken":0,"max_hp_gain":0,"max_hp_loss":0,"event_name":"Living Wall","floor":5,"gold_loss":0,"cards_upgraded":["Discovery"]},{"damage_healed":0,"gold_gain":100,"player_choice":"Pray","damage_taken":0,"max_hp_gain":0,"max_hp_loss":0,"event_name":"Golden Shrine","floor":14,"gold_loss":0},{"damage_healed":0,"gold_gain":0,"player_choice":"CARD ","damage_taken":14,"max_hp_gain":0,"max_hp_loss":0,"event_name":"Knowing Skull","floor":20,"potions_obtained":[],"gold_loss":0,"cards_obtained":["Deep Breath"]},{"damage_healed":0,"gold_gain":0,"player_choice":"Fought Bandits","damage_taken":0,"max_hp_gain":0,"max_hp_loss":0,"event_name":"Masked Bandits","floor":30,"gold_loss":0},{"damage_healed":0,"gold_gain":0,"player_choice":"Max HP","damage_taken":0,"max_hp_gain":0,"max_hp_loss":4,"event_name":"Winding Halls","floor":36,"gold_loss":0},{"damage_healed":0,"gold_gain":0,"player_choice":"Memory 1","damage_taken":0,"max_hp_gain":0,"max_hp_loss":0,"event_name":"SensoryStone","floor":39,"gold_loss":0},{"damage_healed":0,"gold_gain":0,"player_choice":"Upgrade","damage_taken":0,"relics_obtained":["Mark of the Bloom"],"max_hp_gain":0,"max_hp_loss":0,"event_name":"MindBloom","floor":45,"gold_loss":0,"cards_upgraded":["Cloak And Dagger","Cloak And Dagger","Quick Slash","Quick Slash","Flying Knee","Blind","Flash of Steel","Finesse","Finesse","Dodge and Roll","Acrobatics","Footwork","Deep Breath","A Thousand Cuts","Secret Technique","Discovery","Master of Strategy","Masterful Stab","Master of Strategy","Concentrate","Backflip","Distraction","Finesse","Secret Technique"]}],"is_beta":false,"boss_relics":[{"not_picked":["Empty Cage","Cursed Key"],"picked":"Sozu"},{"not_picked":["Eternal Feather","Astrolabe"],"picked":"WristBlade"}],"items_purged_floors":[],"is_endless":false,"potions_floor_spawned":[1,6,8,16,25,27,29,30,35,37,47],"ascension_level":0}