{"gold_per_floor":[112,11,11,22,34,61,79,107,188,66,66,100,100,114,114,218,218,233,251,266,166,166,200,200,232,255,255,180,192,217,242,242,337,337,350,350,144,144,164,164,198,198,280,300,300,326,326,344,344,344,344,344,91,120,120],"floor_reached":55,"playtime":3080,"items_purged":["Shame","Strike_G","Strike_G"],"score":1200,"play_id":"1eb1a293-33c6-4d81-af7b-26514ab25e5d","local_time":"20190320235828","is_ascension_mode":true,"campfire_choices":[{"floor":11.0,"key":"REST"},{"floor":13.0,"key":"REST"},{"data":"Caltrops","floor":15.0,"key":"SMITH"},{"floor":24.0,"key":"REST"},{"data":"Dash","floor":27.0,"key":"SMITH"},{"floor":32.0,"key":"REST"},{"data":"Apotheosis","floor":40.0,"key":"SMITH"},{"floor":45.0,"key":"RECALL"},{"floor":47,"key":"REST"},{"floor":49,"key":"REST"},{"floor":52,"key":"DIG"}],"neow_cost":"CURSE","seed_source_timestamp":5440499740200,"circlet_count":0,"master_deck":["Defend_G","Defend_G","Defend_G","Defend_G","Defend_G","Strike_G","Strike_G","Survivor","Neutralize","Bouncing Flask+1","Blade Dance","Dagger Spray","Dodge and Roll","Caltrops+1","Noxious Fumes","Sucker Punch","PiercingWail","Dagger Spray","Dash+1","Corpse Explosion","Concentrate+1","Crippling Poison","Die Die Die","Wraith Form v2","Dagger Throw","Corpse Explosion","Bane+1","Chrysalis","Apotheosis+1","Flechettes","Underhanded Strike","Calculated Gamble","Dagger Throw+1","Chrysalis","Terror","Blur+1"],"special_seed":0,"relics":["Ring of the Snake","Paper Crane","StoneCalendar","Bottled Flame","Vajra","Runic Pyramid","Orichalcum","Shovel","Oddly Smooth Stone","Strawberry","Regal Pillow","Sozu","Mango","Juzu Bracelet","Dodecahedron","Bird Faced Urn"],"potions_floor_usage":[50],"damage_taken":[{"damage":5.0,"enemies":"2 Louse","floor":1.0,"turns":3.0},{"damage":4.0,"enemies":"Small Slimes","floor":4.0,"turns":3.0},{"damage":2.0,"enemies":"Jaw Worm","floor":5.0,"turns":4.0},{"damage":21.0,"enemies":"Lagavulin","floor":6.0,"turns":6.0},{"damage":1.0,"enemies":"Looter","floor":7.0,"turns":4.0},{"damage":24.0,"enemies":"3 Sentries","floor":8.0,"turns":7.0},{"damage":16.0,"enemies":"Lagavulin","floor":12.0,"turns":5.0},{"damage":0.0,"enemies":"2 Fungi Beasts","floor":14.0,"turns":2.0},{"damage":4.0,"enemies":"Hexaghost","floor":16.0,"turns":7.0},{"damage":4.0,"enemies":"Shell Parasite","floor":18.0,"turns":5.0},{"damage":0.0,"enemies":"3 Byrds","floor":19.0,"turns":2.0},{"damage":6.0,"enemies":"Centurion and Healer","floor":20.0,"turns":6.0},{"damage":33.0,"enemies":"Slavers","floor":23.0,"turns":3.0},{"damage":17.0,"enemies":"Book of Stabbing","floor":25.0,"turns":6.0},{"damage":8.0,"enemies":"Snecko","floor":29.0,"turns":6.0},{"damage":16.0,"enemies":"Slavers","floor":31.0,"turns":4.0},{"damage":65.0,"enemies":"Automaton","floor":33.0,"turns":13.0},{"damage":6.0,"enemies":"3 Darklings","floor":35.0,"turns":3.0},{"damage":0.0,"enemies":"3 Shapes","floor":39.0,"turns":3.0},{"damage":26.0,"enemies":"Nemesis","floor":41.0,"turns":7.0},{"damage":12.0,"enemies":"Jaw Worm Horde","floor":44.0,"turns":4.0},{"damage":26,"enemies":"Reptomancer","floor":46,"turns":6},{"damage":5,"enemies":"Sphere and 2 Shapes","floor":48,"turns":5},{"damage":36,"enemies":"Awakened One","floor":50,"turns":17},{"damage":79,"enemies":"Shield and Spear","floor":54,"turns":5},{"damage":74,"enemies":"The Heart","floor":55,"turns":3}],"seed_played":"7163865975121735964","potions_obtained":[{"floor":4.0,"key":"EssenceOfSteel"},{"floor":5.0,"key":"Weak Potion"},{"floor":6.0,"key":"FearPotion"},{"floor":8.0,"key":"SpeedPotion"},{"floor":23.0,"key":"Ancient Potion"},{"floor":25.0,"key":"Regen Potion"},{"floor":33.0,"key":"Ancient Potion"}],"is_trial":false,"path_per_floor":["M","$","?","M","M","E","M","E","T","$","R","E","R","M","R","B",null,"M","M","M","$","?","E","R","E","T","R","?","M","T","E","R","B",null,"M","?","$","?","M","R","E","?","T","M","R","E","R","M","R","B",null,"R","$","E","B"],"character_chosen":"THE_SILENT","items_purchased":["Blade Dance","PiercingWail","GhostInAJar","Flechettes","Chrysalis","Terror"],"campfire_rested":6,"item_purchase_floors":[2,10,10,37,53,53],"current_hp_per_floor":[72,72,72,68,66,45,44,20,20,20,45,29,54,54,54,50,76,72,72,66,66,66,33,58,41,41,41,41,48,55,39,81,16,72,66,61,61,61,61,61,49,49,49,37,37,11,57,52,98,62,94,94,94,15,0],"gold":120,"neow_bonus":"TWENTY_PERCENT_HP_BONUS","is_prod":false,"is_daily":false,"chose_seed":false,"campfire_upgraded":3,"win_rate":0,"timestamp":1553140708,"path_taken":["M","$","?","M","M","E","M","E","T","$","R","E","R","M","R","BOSS","M","M","M","$","?","E","R","E","T","R","?","M","?","E","R","BOSS","M","?","$","?","M","R","E","?","T","M","R","E","R","M","R","BOSS","R","$","E","BOSS"],"build_version":"2019-01-23","purchased_purges":3,"victory":false,"max_hp_per_floor":[84,84,84,84,84,84,84,84,84,84,84,84,84,84,84,84,84,84,84,84,84,84,84,84,84,84,84,84,84,91,91,91,91,91,91,91,91,91,91,91,105,105,105,105,105,105,105,105,105,105,105,105,105,105,105],"card_choices":[{"not_picked":["PiercingWail","Outmaneuver"],"picked":"Bouncing Flask","floor":1.0},{"not_picked":["Predator","Poisoned Stab"],"picked":"Dagger Spray","floor":4.0},{"not_picked":["Setup","Dagger Throw"],"picked":"Dodge and Roll","floor":5.0},{"not_picked":["Bane","Storm of Steel"],"picked":"Caltrops","floor":6.0},{"not_picked":["Cloak And Dagger","PiercingWail"],"picked":"Noxious Fumes","floor":7.0},{"not_picked":["Slice","Acrobatics"],"picked":"Sucker Punch","floor":8.0},{"not_picked":["Finisher","Sucker Punch"],"picked":"Dagger Spray","floor":12.0},{"not_picked":["Accuracy","Acrobatics"],"picked":"Dash","floor":14.0},{"not_picked":["Adrenaline","Wraith Form v2"],"picked":"Corpse Explosion","floor":16.0},{"not_picked":["Tactician","Bane"],"picked":"Concentrate+1","floor":18.0},{"not_picked":["Infinite Blades","Quick Slash","Prepared"],"picked":"SKIP","floor":19.0},{"not_picked":["Concentrate","Deflect"],"picked":"Crippling Poison","floor":20.0},{"not_picked":["Blade Dance","Sucker Punch"],"picked":"Die Die Die","floor":23.0},{"not_picked":["Dodge and Roll","Poisoned Stab","Endless Agony+1"],"picked":"SKIP","floor":25.0},{"not_picked":["Distraction","Acrobatics+1"],"picked":"Wraith Form v2","floor":29.0},{"not_picked":["Deflect","Noxious Fumes"],"picked":"Dagger Throw","floor":31.0},{"not_picked":["Doppelganger","Die Die Die"],"picked":"Corpse Explosion","floor":33.0},{"not_picked":["Flying Knee+1","Deadly Poison"],"picked":"Bane+1","floor":35.0},{"not_picked":["Madness","Deep Breath"],"picked":"Chrysalis","floor":36.0},{"not_picked":["Panache","Blind"],"picked":"Apotheosis","floor":36.0},{"not_picked":["Sucker Punch","Slice"],"picked":"Underhanded Strike","floor":39.0},{"not_picked":["Skewer+1","Cloak And Dagger","Deadly Poison+1"],"picked":"SKIP","floor":41.0},{"not_picked":["Masterful Stab","Acrobatics+1","Reflex+1"],"picked":"SKIP","floor":44.0},{"not_picked":["Eviscerate","Masterful Stab","Bane"],"picked":"SKIP","floor":46},{"not_picked":["All Out Attack+1","Distraction+1"],"picked":"Dagger Throw+1","floor":48},{"not_picked":["Storm of Steel","Cloak And Dagger"],"picked":"Blur+1","floor":54}],"player_experience":344808,"relics_obtained":[{"floor":6.0,"key":"Paper Crane"},{"floor":8.0,"key":"StoneCalendar"},{"floor":9.0,"key":"Bottled Flame"},{"floor":12.0,"key":"Vajra"},{"floor":23.0,"key":"Orichalcum"},{"floor":25.0,"key":"Shovel"},{"floor":26.0,"key":"Oddly Smooth Stone"},{"floor":30.0,"key":"Strawberry"},{"floor":31.0,"key":"Regal Pillow"},{"floor":41.0,"key":"Mango"},{"floor":46,"key":"Juzu Bracelet"},{"floor":52,"key":"Dodecahedron"},{"floor":54,"key":"Bird Faced Urn"}],"event_choices":[{"damage_healed":0.0,"max_hp_gain":0.0,"max_hp_loss":0.0,"gold_gain":0.0,"event_name":"Living Wall","player_choice":"Grow","floor":3.0,"gold_loss":0.0,"damage_taken":0.0,"cards_upgraded":["Bouncing Flask"]},{"damage_healed":0.0,"max_hp_gain":0.0,"max_hp_loss":0.0,"gold_gain":0.0,"event_name":"Vampires","player_choice":"Ignored","floor":22.0,"gold_loss":0.0,"damage_taken":0.0},{"cards_removed":["Strike_G"],"damage_healed":0.0,"max_hp_gain":0.0,"max_hp_loss":0.0,"gold_gain":0.0,"event_name":"Beggar","player_choice":"Gave Gold","floor":28.0,"gold_loss":75.0,"damage_taken":0.0},{"damage_healed":0.0,"max_hp_gain":0.0,"max_hp_loss":0.0,"gold_gain":0.0,"event_name":"SensoryStone","player_choice":"Memory 2","floor":36.0,"gold_loss":0.0,"damage_taken":5.0},{"damage_healed":0.0,"max_hp_gain":0.0,"max_hp_loss":0.0,"gold_gain":0.0,"event_name":"Mysterious Sphere","player_choice":"Ignored","floor":38.0,"gold_loss":0.0,"damage_taken":0.0},{"damage_healed":0.0,"max_hp_gain":0.0,"max_hp_loss":0.0,"gold_gain":0.0,"event_name":"Match and Keep!","player_choice":"1 cards matched","floor":42.0,"gold_loss":0.0,"damage_taken":0.0,"cards_obtained":["Calculated Gamble"]}],"is_beta":false,"boss_relics":[{"not_picked":["Cursed Key","Eternal Feather"],"picked":"Runic Pyramid"},{"not_picked":["Runic Dome","Busted Crown"],"picked":"Sozu"}],"items_purged_floors":[2,21,37],"is_endless":false,"potions_floor_spawned":[4,5,6,8,23,25,33,35,41,48],"killed_by":"The Heart","ascension_level":9}