{"gold_per_floor":[110,122,136,155,155,155,186,199,252,252,264,290,304,319,319,423,423,436,436,449,449,463,489,507,507,534,569,569,587,28,45,45,145,145,163,182,146,163,177,202,202,233,233,6,106,106,140,100,100,100],"floor_reached":51,"playtime":6197,"items_purged":[],"score":829,"play_id":"11f66c3f-3174-452c-babc-e56ab2ecc612","local_time":"20190615202228","is_ascension_mode":true,"campfire_choices":[{"data":"Zap","floor":6,"key":"SMITH"},{"data":"Genetic Algorithm","floor":10,"key":"SMITH"},{"floor":15,"key":"REST"},{"floor":25,"key":"REST"},{"floor":32,"key":"REST"},{"floor":41,"key":"REST"},{"floor":49,"key":"REST"}],"neow_cost":"NONE","seed_source_timestamp":25374770220500,"circlet_count":0,"master_deck":["Strike_B","Strike_B","Strike_B","Defend_B","Defend_B","Defend_B","Defend_B","Zap+1","Dualcast","Deep Breath","Ball Lightning","Rebound","Cold Snap","Sweeping Beam","Genetic Algorithm+1","Leap","Beam Cell","Capacitor","Turbo","Conserve Battery","Seek","Lockon+1","Barrage","Force Field","Echo Form","Capacitor","Melter","Conserve Battery","Genetic Algorithm+1","Defragment","Sweeping Beam","Static Discharge","Core Surge","Undo","Static Discharge","Loop","Defragment+1","White Noise","Barrage+1","Streamline","Sucker Punch","Hologram","Storm+1"],"relics":["FrozenCore","Bronze Scales","Kunai","Strawberry","Ancient Tea Set","Calipers","Letter Opener","Vajra","Bottled Flame","DollysMirror","Bottled Tornado","Fusion Hammer","Potion Belt","Torii","Frozen Egg 2","PrismaticShard","Turnip","Boot"],"potions_floor_usage":[23,31,33,45,50],"damage_taken":[{"damage":3,"enemies":"Jaw Worm","floor":1,"turns":4},{"damage":0,"enemies":"Cultist","floor":2,"turns":3},{"damage":0,"enemies":"2 Louse","floor":3,"turns":3},{"damage":1,"enemies":"Red Slaver","floor":4,"turns":3},{"damage":13,"enemies":"3 Sentries","floor":7,"turns":6},{"damage":9,"enemies":"Blue Slaver","floor":8,"turns":3},{"damage":13,"enemies":"3 Louse","floor":11,"turns":3},{"damage":12,"enemies":"Lagavulin","floor":12,"turns":5},{"damage":4,"enemies":"Looter","floor":13,"turns":3},{"damage":5,"enemies":"Blue Slaver","floor":14,"turns":3},{"damage":28,"enemies":"Slime Boss","floor":16,"turns":8},{"damage":4,"enemies":"3 Byrds","floor":18,"turns":5},{"damage":0,"enemies":"Shell Parasite","floor":20,"turns":5},{"damage":9,"enemies":"Snecko","floor":22,"turns":6},{"damage":39,"enemies":"Slavers","floor":23,"turns":7},{"damage":1,"enemies":"Snake Plant","floor":24,"turns":5},{"damage":27,"enemies":"Gremlin Leader","floor":27,"turns":10},{"damage":0,"enemies":"Shelled Parasite and Fungi","floor":29,"turns":6},{"damage":6,"enemies":"Sentry and Sphere","floor":31,"turns":6},{"damage":29,"enemies":"Automaton","floor":33,"turns":11},{"damage":5,"enemies":"Orb Walker","floor":35,"turns":4},{"damage":3,"enemies":"3 Shapes","floor":36,"turns":5},{"damage":0,"enemies":"Maw","floor":38,"turns":11},{"damage":6,"enemies":"Spire Growth","floor":39,"turns":7},{"damage":7,"enemies":"Nemesis","floor":40,"turns":7},{"damage":32,"enemies":"Reptomancer","floor":42,"turns":6},{"damage":8,"enemies":"Mind Bloom Boss Battle","floor":45,"turns":7},{"damage":0,"enemies":"Nemesis","floor":47,"turns":9},{"damage":42,"enemies":"Time Eater","floor":50,"turns":9}],"seed_played":"-7086501285457317829","potions_obtained":[{"floor":4,"key":"SkillPotion"},{"floor":7,"key":"LiquidBronze"},{"floor":8,"key":"FearPotion"},{"floor":11,"key":"GamblersBrew"},{"floor":16,"key":"EssenceOfSteel"},{"floor":27,"key":"Regen Potion"},{"floor":31,"key":"Fire Potion"},{"floor":35,"key":"SpeedPotion"},{"floor":40,"key":"Regen Potion"},{"floor":45,"key":"Swift Potion"}],"is_trial":false,"path_per_floor":["M","M","M","M","?","R","E","M","T","R","M","E","M","M","R","B",null,"M","?","M","?","M","E","M","R","T","E","?","M","$","M","R","B",null,"M","M","$","M","M","E","R","E","T","$","?","?","E","$","R","B",null],"character_chosen":"DEFECT","items_purchased":["DollysMirror","Defragment","Bottled Tornado","Sweeping Beam","Loop","Streamline","PrismaticShard","Storm+1"],"campfire_rested":5,"item_purchase_floors":[30,30,30,30,37,44,44,48],"current_hp_per_floor":[72,72,72,71,71,71,58,49,56,56,43,31,27,22,46,18,82,78,82,82,82,73,34,33,57,57,30,30,30,30,38,62,33,82,77,74,74,74,68,61,82,50,50,50,42,42,42,42,66,29],"gold":100,"neow_bonus":"RANDOM_COLORLESS","is_prod":false,"is_daily":false,"chose_seed":false,"campfire_upgraded":2,"win_rate":0,"timestamp":1560655348,"path_taken":["M","M","M","M","?","R","E","M","T","R","M","E","M","?","R","BOSS","M","?","?","?","M","E","M","R","T","E","?","M","$","M","R","BOSS","M","M","$","M","M","E","R","E","T","?","?","?","E","$","R","BOSS"],"build_version":"2019-01-23","purchased_purges":0,"victory":true,"max_hp_per_floor":[75,75,75,75,75,75,75,75,82,82,82,82,82,82,82,82,82,82,82,82,82,82,82,82,82,82,82,82,82,82,82,82,82,82,82,82,82,82,82,82,82,82,82,82,82,82,82,82,82,82],"card_choices":[{"not_picked":["Compile Driver","Glacier"],"picked":"Ball Lightning","floor":1},{"not_picked":["Compile Driver","Recycle"],"picked":"Rebound","floor":2},{"not_picked":["Darkness","Steam"],"picked":"Cold Snap","floor":3},{"not_picked":["Barrage","Static Discharge"],"picked":"Sweeping Beam","floor":4},{"not_picked":["Storm","Fission"],"picked":"Genetic Algorithm","floor":7},{"not_picked":["Redo","Consume"],"picked":"Leap","floor":8},{"not_picked":["Stack","Consume"],"picked":"Beam Cell","floor":11},{"not_picked":["Sweeping Beam","Steam"],"picked":"Capacitor","floor":12},{"not_picked":["Redo","Stack"],"picked":"Turbo","floor":13},{"not_picked":["Fusion","Ball Lightning"],"picked":"Conserve Battery","floor":14},{"not_picked":["Creative AI","Multi-Cast"],"picked":"Seek","floor":16},{"not_picked":["Ball Lightning","Compile Driver"],"picked":"Lockon+1","floor":18},{"not_picked":["Conserve Battery","Cold Snap"],"picked":"Barrage","floor":20},{"not_picked":["Rebound","Heatsinks"],"picked":"Force Field","floor":22},{"not_picked":["Consume","Compile Driver"],"picked":"Echo Form","floor":23},{"not_picked":["Beam Cell","Sweeping Beam"],"picked":"Capacitor","floor":24},{"not_picked":["Reprogram","Barrage+1"],"picked":"Melter","floor":27},{"not_picked":["Stack","Turbo"],"picked":"Conserve Battery","floor":29},{"not_picked":["Leap+1","Coolheaded+1"],"picked":"Static Discharge","floor":31},{"not_picked":["Fission","Buffer"],"picked":"Core Surge","floor":33},{"not_picked":["Lockon+1","Scrape+1"],"picked":"Undo","floor":35},{"not_picked":["Barrage+1","Compile Driver"],"picked":"Static Discharge","floor":36},{"not_picked":["Heatsinks","Beam Cell+1","Coolheaded"],"picked":"SKIP","floor":38},{"not_picked":["Hologram","Darkness"],"picked":"Defragment+1","floor":39},{"not_picked":["Ball Lightning","Fusion"],"picked":"White Noise","floor":40},{"not_picked":["Recycle","Hyperbeam"],"picked":"Barrage+1","floor":42},{"not_picked":["Force Field","Swift Strike"],"picked":"Sucker Punch","floor":45},{"not_picked":["Beam Cell","Backflip+1"],"picked":"Hologram","floor":47}],"player_experience":36516,"relics_obtained":[{"floor":7,"key":"Kunai"},{"floor":9,"key":"Strawberry"},{"floor":12,"key":"Ancient Tea Set"},{"floor":23,"key":"Letter Opener"},{"floor":26,"key":"Vajra"},{"floor":27,"key":"Bottled Flame"},{"floor":40,"key":"Potion Belt"},{"floor":42,"key":"Torii"},{"floor":43,"key":"Frozen Egg 2"},{"floor":45,"key":"Turnip"},{"floor":47,"key":"Boot"}],"event_choices":[{"damage_healed":0,"gold_gain":0,"player_choice":"Gave Potion","damage_taken":0,"relics_obtained":["Bronze Scales"],"max_hp_gain":0,"max_hp_loss":0,"event_name":"WeMeetAgain","floor":5,"gold_loss":0},{"damage_healed":4,"gold_gain":0,"player_choice":"Full Heal","damage_taken":0,"max_hp_gain":0,"max_hp_loss":0,"event_name":"Wheel of Change","floor":19,"gold_loss":0},{"damage_healed":0,"gold_gain":0,"player_choice":"Opened","damage_taken":0,"relics_obtained":["Calipers"],"max_hp_gain":0,"max_hp_loss":0,"event_name":"The Mausoleum","floor":21,"gold_loss":0},{"damage_healed":0,"gold_gain":0,"player_choice":"Bought 0 Potions","damage_taken":0,"max_hp_gain":0,"max_hp_loss":0,"event_name":"The Woman in Blue","floor":28,"gold_loss":0},{"damage_healed":0,"gold_gain":0,"player_choice":"Fight","damage_taken":0,"max_hp_gain":0,"max_hp_loss":0,"event_name":"MindBloom","floor":45,"gold_loss":0},{"cards_removed":["Strike_B"],"damage_healed":0,"gold_gain":0,"player_choice":"Removed Attack","damage_taken":0,"max_hp_gain":0,"max_hp_loss":0,"event_name":"Falling","floor":46,"gold_loss":0}],"is_beta":false,"boss_relics":[{"not_picked":["Philosopher\u0027s Stone","Snecko Eye"],"picked":"FrozenCore"},{"not_picked":["Empty Cage","Nuclear Battery"],"picked":"Fusion Hammer"}],"items_purged_floors":[],"is_endless":false,"potions_floor_spawned":[4,7,8,11,16,18,27,31,35,40,42,45],"ascension_level":1}