{"gold_per_floor":[109,122,397,416,21,21,31,31,55,90,90,90,115,132,132,209,209,220,220,220,98,98,132,17,17,17,17,34,34,34,34,34,113,113,129,129,145,145,165,185,185],"floor_reached":41,"playtime":2063,"items_purged":["Regret"],"score":834,"play_id":"226347bd-095a-41a8-83e4-367fbd7aea9c","local_time":"20181212034142","is_ascension_mode":true,"campfire_choices":[{"data":"Zap","floor":6.0,"key":"SMITH"},{"data":"Go for the Eyes","floor":8.0,"key":"SMITH"},{"data":"Hologram","floor":11.0,"key":"SMITH"},{"data":"Skim","floor":15.0,"key":"SMITH"},{"data":"Storm","floor":25.0,"key":"SMITH"},{"data":"Creative AI","floor":32.0,"key":"SMITH"}],"neow_cost":"NONE","seed_source_timestamp":6488512759620,"circlet_count":0,"master_deck":["AscendersBane","Strike_B","Defend_B","Defend_B","Defend_B","Defend_B","Zap+1","Dualcast","Cold Snap","Go for the Eyes+1","Hologram+1","Self Repair","Leap","Gash","Skim+1","Conserve Battery","Seek","Hologram","Creative AI+1","Doom and Gloom+1","Storm+1","Glacier","RitualDagger+1","Coolheaded","Storm+1","Glacier","Ghostly","Ghostly","Ghostly","Thunder Strike+1","Amplify","Storm+1","Self Repair"],"special_seed":0,"relics":["Cracked Core","Juzu Bracelet","DataDisk","Lantern","Centennial Puzzle","Molten Egg 2","Inserter","Enchiridion","Ornamental Fan","Pantograph","Coffee Dripper"],"potions_floor_usage":[],"damage_taken":[{"damage":2.0,"enemies":"Jaw Worm","floor":1.0,"turns":5.0},{"damage":0.0,"enemies":"Cultist","floor":2.0,"turns":3.0},{"damage":7.0,"enemies":"Small Slimes","floor":4.0,"turns":3.0},{"damage":3.0,"enemies":"2 Fungi Beasts","floor":7.0,"turns":2.0},{"damage":22.0,"enemies":"Gremlin Nob","floor":10.0,"turns":5.0},{"damage":6.0,"enemies":"Lagavulin","floor":13.0,"turns":7.0},{"damage":0.0,"enemies":"Blue Slaver","floor":14.0,"turns":3.0},{"damage":30.0,"enemies":"The Guardian","floor":16.0,"turns":12.0},{"damage":9.0,"enemies":"2 Thieves","floor":18.0,"turns":5.0},{"damage":14.0,"enemies":"Slavers","floor":23.0,"turns":4.0},{"damage":0.0,"enemies":"Spheric Guardian","floor":28.0,"turns":4.0},{"damage":15.0,"enemies":"Champ","floor":33.0,"turns":7.0},{"damage":1.0,"enemies":"3 Darklings","floor":35.0,"turns":5.0},{"damage":0.0,"enemies":"3 Shapes","floor":37.0,"turns":4.0},{"damage":6.0,"enemies":"3 Darklings","floor":39.0,"turns":3.0},{"damage":31,"enemies":"4 Shapes","floor":40,"turns":4},{"damage":0,"enemies":"Nemesis","floor":41,"turns":1}],"seed_played":"-6888501588492513436","potions_obtained":[{"floor":2.0,"key":"Ancient Potion"},{"floor":13.0,"key":"AttackPotion"},{"floor":14.0,"key":"Block Potion"},{"floor":18.0,"key":"FocusPotion"},{"floor":28.0,"key":"EntropicBrew"},{"floor":35.0,"key":"Strength Potion"}],"is_trial":false,"path_per_floor":["M","M","?","M","$","R","M","R","T","E","R","?","E","M","R","B",null,"M","?","?","$","?","E","$","R","T","?","M","$","?","?","R","B",null,"M","?","M","?","M","M","E"],"character_chosen":"DEFECT","items_purchased":["DataDisk","Hologram","Self Repair","Storm","Glacier","Storm","Glacier"],"campfire_rested":0,"item_purchase_floors":[5,5,5,21,21,24,24],"current_hp_per_floor":[62,62,62,55,55,55,59,59,59,44,44,44,45,52,52,29,61,59,38,38,38,32,18,18,18,18,18,25,25,25,25,25,27,33,35,33,33,33,33,9,9],"gold":185,"neow_bonus":"RANDOM_COMMON_RELIC","is_prod":false,"is_daily":false,"chose_seed":true,"campfire_upgraded":6,"win_rate":0,"timestamp":1544582502,"path_taken":["M","M","?","M","$","R","M","R","T","E","R","?","E","M","R","BOSS","M","?","?","$","?","E","?","R","T","?","M","?","?","?","R","BOSS","M","?","M","?","M","M","E"],"build_version":"2018-12-10","purchased_purges":1,"victory":false,"max_hp_per_floor":[71,71,71,71,71,71,71,71,71,71,71,71,71,71,71,71,71,71,71,71,71,71,71,71,71,71,71,71,71,35,35,35,35,35,35,33,33,33,33,33,33],"card_choices":[{"not_picked":["Rebound","Barrage","Static Discharge"],"picked":"SKIP","floor":1.0},{"not_picked":["Ball Lightning","Sweeping Beam"],"picked":"Cold Snap","floor":2.0},{"not_picked":["Loop","Fusion"],"picked":"Go for the Eyes","floor":4.0},{"not_picked":["Barrage","Capacitor"],"picked":"Leap","floor":7.0},{"not_picked":["Thunder Strike","Turbo"],"picked":"Gash","floor":10.0},{"not_picked":["Recycle","Force Field"],"picked":"Skim","floor":13.0},{"not_picked":["Aggregate","Hello World"],"picked":"Conserve Battery","floor":14.0},{"not_picked":["Thunder Strike+1","Rainbow"],"picked":"Seek","floor":16.0},{"not_picked":["Reprogram","Genetic Algorithm"],"picked":"Hologram","floor":18.0},{"not_picked":["Redo","FTL+1"],"picked":"Coolheaded","floor":23.0},{"not_picked":["Fusion","Hologram","Compile Driver+1"],"picked":"SKIP","floor":28.0},{"not_picked":["Meteor Strike+1","Biased Cognition"],"picked":"Amplify","floor":33.0},{"not_picked":["Ball Lightning+1","FTL+1","Sweeping Beam+1"],"picked":"SKIP","floor":35.0},{"not_picked":["Glacier","Redo"],"picked":"Storm+1","floor":37.0},{"not_picked":["Redo","Double Energy","Steam"],"picked":"SKIP","floor":39.0},{"not_picked":["Redo","Double Energy","Steam"],"picked":"SKIP","floor":39.0},{"not_picked":["Gash+1","Coolheaded+1"],"picked":"Self Repair","floor":40}],"player_experience":1136810,"relics_obtained":[{"floor":9.0,"key":"Lantern"},{"floor":10.0,"key":"Centennial Puzzle"},{"floor":13.0,"key":"Molten Egg 2"},{"floor":19.0,"key":"Enchiridion"},{"floor":23.0,"key":"Ornamental Fan"},{"floor":26.0,"key":"Pantograph"}],"event_choices":[{"damage_healed":0.0,"max_hp_gain":0.0,"max_hp_loss":0.0,"gold_gain":275.0,"event_name":"Golden Shrine","player_choice":"Desecrate","floor":3.0,"gold_loss":0.0,"damage_taken":0.0,"cards_obtained":["Regret"]},{"cards_removed":["Strike_B"],"damage_healed":0.0,"max_hp_gain":0.0,"max_hp_loss":0.0,"gold_gain":0.0,"event_name":"Wheel of Change","player_choice":"Card Removal","floor":12.0,"gold_loss":0.0,"damage_taken":0.0},{"damage_healed":0.0,"max_hp_gain":0.0,"max_hp_loss":0.0,"gold_gain":0.0,"event_name":"Cursed Tome","player_choice":"Obtained Book","floor":19.0,"gold_loss":0.0,"damage_taken":21.0},{"damage_healed":0.0,"max_hp_gain":0.0,"max_hp_loss":0.0,"gold_gain":0.0,"cards_transformed":["Strike_B","Strike_B"],"event_name":"Drug Dealer","player_choice":"Became Test Subject","floor":20.0,"gold_loss":0.0,"damage_taken":0.0,"cards_obtained":["Creative AI","Doom and Gloom"]},{"damage_healed":0.0,"max_hp_gain":0.0,"max_hp_loss":0.0,"gold_gain":0.0,"event_name":"Nest","player_choice":"Joined the Cult","floor":22.0,"gold_loss":0.0,"damage_taken":6.0,"cards_obtained":["RitualDagger"]},{"damage_healed":0.0,"max_hp_gain":0.0,"max_hp_loss":0.0,"gold_gain":0.0,"event_name":"Upgrade Shrine","player_choice":"Upgraded","floor":27.0,"gold_loss":0.0,"damage_taken":0.0,"cards_upgraded":["Storm"]},{"damage_healed":0.0,"max_hp_gain":0.0,"max_hp_loss":36.0,"gold_gain":0.0,"event_name":"Ghosts","player_choice":"Became a Ghost","floor":30.0,"gold_loss":0.0,"damage_taken":0.0,"cards_obtained":["Ghostly","Ghostly","Ghostly"]},{"damage_healed":0.0,"max_hp_gain":0.0,"max_hp_loss":0.0,"gold_gain":0.0,"event_name":"The Library","player_choice":"Read","floor":31.0,"gold_loss":0.0,"damage_taken":0.0,"cards_obtained":["Thunder Strike"]},{"damage_healed":0.0,"max_hp_gain":0.0,"max_hp_loss":2.0,"gold_gain":0.0,"event_name":"Winding Halls","player_choice":"Max HP","floor":36.0,"gold_loss":0.0,"damage_taken":0.0},{"damage_healed":0.0,"max_hp_gain":0.0,"max_hp_loss":0.0,"gold_gain":0.0,"event_name":"Tomb of Lord Red Mask","player_choice":"Ignored","floor":38.0,"gold_loss":0.0,"damage_taken":0.0}],"is_beta":true,"boss_relics":[{"not_picked":["Astrolabe","Empty Cage"],"picked":"Inserter"},{"not_picked":["Fusion Hammer","Black Star"],"picked":"Coffee Dripper"}],"items_purged_floors":[5],"is_endless":false,"potions_floor_spawned":[2,13,14,18,28,35],"killed_by":"Nemesis","ascension_level":20}