{"gold_per_floor":[18,36,36,46,46,46,72,72,96,20,33,64,64,84,84,179,179,197,6,6,73,223,223,223],"floor_reached":24,"playtime":2924,"items_purged":[],"score":286,"play_id":"1c933c7e-be7b-4a0b-9d61-c618bdb78da7","local_time":"20190101093632","is_ascension_mode":true,"campfire_choices":[{"data":"Fission","floor":6.0,"key":"SMITH"},{"data":"Defragment","floor":8.0,"key":"SMITH"},{"floor":13.0,"key":"REST"},{"floor":15.0,"key":"REST"},{"floor":23.0,"key":"REST"}],"neow_cost":"NO_GOLD","seed_source_timestamp":0,"circlet_count":0,"master_deck":["Strike_B","Strike_B","Strike_B","Strike_B","Defend_B","Defend_B","Defend_B","Defend_B","Zap","Dualcast","Fission+1","White Noise","Ball Lightning","Chill","Defragment+1","Chill","Go for the Eyes","Creative AI","Buffer","Conserve Battery","Self Repair"],"special_seed":0,"relics":["Cracked Core","Vajra","Ancient Tea Set","Bag of Preparation","Runic Pyramid","TheAbacus","SsserpentHead"],"potions_floor_usage":[],"damage_taken":[{"damage":3.0,"enemies":"Small Slimes","floor":1.0,"turns":3.0},{"damage":6.0,"enemies":"Cultist","floor":2.0,"turns":4.0},{"damage":10.0,"enemies":"2 Louse","floor":4.0,"turns":2.0},{"damage":0.0,"enemies":"3 Sentries","floor":7.0,"turns":6.0},{"damage":3.0,"enemies":"2 Fungi Beasts","floor":11.0,"turns":3.0},{"damage":31.0,"enemies":"Gremlin Nob","floor":12.0,"turns":4.0},{"damage":0.0,"enemies":"Gremlin Gang","floor":14.0,"turns":2.0},{"damage":38.0,"enemies":"Slime Boss","floor":16.0,"turns":5.0},{"damage":24.0,"enemies":"Shell Parasite","floor":18.0,"turns":6.0},{"damage":0.0,"enemies":"Chosen","floor":21.0,"turns":6.0},{"damage":79,"enemies":"Gremlin Leader","floor":24,"turns":9}],"seed_played":"-4116174811862145920","potions_obtained":[{"floor":2.0,"key":"SteroidPotion"},{"floor":4.0,"key":"Explosive Potion"},{"floor":11.0,"key":"Explosive Potion"},{"floor":14.0,"key":"FocusPotion"},{"floor":16.0,"key":"PowerPotion"}],"is_trial":false,"path_per_floor":["M","M","?","M","?","R","E","R","T","$","M","E","R","M","R","B",null,"M","$","?","M","?","R","E"],"character_chosen":"DEFECT","items_purchased":["Chill","TheAbacus"],"campfire_rested":3,"item_purchase_floors":[10,19],"current_hp_per_floor":[72,66,66,56,56,56,56,56,56,56,53,22,44,44,66,28,63,39,39,39,39,39,61,0],"gold":223,"neow_bonus":"THREE_RARE_CARDS","is_prod":false,"is_daily":false,"chose_seed":false,"campfire_upgraded":2,"win_rate":0,"timestamp":1546353392,"path_taken":["M","M","?","?","?","R","E","R","T","$","M","E","R","M","R","BOSS","M","$","?","?","?","R","E"],"build_version":"2018-12-20","purchased_purges":0,"victory":false,"max_hp_per_floor":[75,75,75,75,75,75,75,75,75,75,75,75,75,75,75,75,75,75,75,75,75,75,75,75],"card_choices":[{"not_picked":["Amplify","Thunder Strike"],"picked":"Fission","floor":0.0},{"not_picked":["Barrage","Genetic Algorithm"],"picked":"White Noise","floor":1.0},{"not_picked":["Gash","Rebound","Double Energy"],"picked":"SKIP","floor":2.0},{"not_picked":["Go for the Eyes","Double Energy"],"picked":"Chill","floor":4.0},{"not_picked":["Rebound","Cold Snap"],"picked":"Defragment","floor":7.0},{"not_picked":["Darkness","Hologram"],"picked":"Go for the Eyes","floor":11.0},{"not_picked":["Redo","Stack"],"picked":"Creative AI","floor":12.0},{"not_picked":["Rebound","Tempest","Darkness"],"picked":"SKIP","floor":14.0},{"not_picked":["Reboot","Hyperbeam"],"picked":"Buffer","floor":16.0},{"not_picked":["Undo","Chaos"],"picked":"Conserve Battery","floor":18.0},{"not_picked":["Compile Driver","Barrage"],"picked":"Self Repair","floor":21.0}],"player_experience":507807,"relics_obtained":[{"floor":7.0,"key":"Vajra"},{"floor":9.0,"key":"Ancient Tea Set"},{"floor":12.0,"key":"Bag of Preparation"}],"event_choices":[{"damage_healed":0.0,"max_hp_gain":0.0,"max_hp_loss":0.0,"gold_gain":0.0,"event_name":"Match and Keep!","player_choice":"1 cards matched","floor":3.0,"gold_loss":0.0,"damage_taken":0.0,"cards_obtained":["Ball Lightning"]},{"damage_healed":0.0,"max_hp_gain":0.0,"max_hp_loss":0.0,"gold_gain":0.0,"event_name":"Golden Wing","player_choice":"Ignored","floor":5.0,"gold_loss":0.0,"damage_taken":0.0},{"damage_healed":0.0,"max_hp_gain":0.0,"max_hp_loss":0.0,"gold_gain":0.0,"event_name":"FaceTrader","player_choice":"Trade","floor":20.0,"gold_loss":0.0,"damage_taken":0.0,"relics_obtained":["SsserpentHead"]},{"damage_healed":0.0,"max_hp_gain":0.0,"max_hp_loss":0.0,"gold_gain":100.0,"event_name":"Golden Shrine","player_choice":"Pray","floor":22.0,"gold_loss":0.0,"damage_taken":0.0}],"is_beta":false,"boss_relics":[{"not_picked":["Inserter","Tiny House"],"picked":"Runic Pyramid"}],"items_purged_floors":[],"is_endless":false,"potions_floor_spawned":[2,4,11,14,16],"killed_by":"Gremlin Leader","ascension_level":5}