{"gold_per_floor":[113,129,279,12,12,12,35,35,35,53,79,79,98,112,112,188,188,204,175,175,193,210,210,36,64,64,64,64,97,58,77,77,155,155,167,41,61,74,89,89,117,117,189,240,259,270,290,290,290,290,290,290,290,0,32,32],"floor_reached":57,"playtime":8111,"items_purged":["Doubt","Strike_B","Pain"],"score":2608,"play_id":"c07bdb6e-6b60-436c-bce2-ecceef1bd24f","local_time":"20181215125330","is_ascension_mode":true,"campfire_choices":[{"data":"Conserve Battery","floor":6.0,"key":"SMITH"},{"data":"Go for the Eyes","floor":12.0,"key":"SMITH"},{"data":"Self Repair","floor":15.0,"key":"SMITH"},{"data":"Biased Cognition","floor":23.0,"key":"SMITH"},{"data":"Defragment","floor":32.0,"key":"SMITH"},{"data":"Panacea","floor":40.0,"key":"SMITH"},{"data":"Biased Cognition","floor":42.0,"key":"SMITH"},{"floor":49.0,"key":"RECALL"},{"data":"Panacea","floor":53.0,"key":"SMITH"}],"neow_cost":"NONE","seed_source_timestamp":23986881207127,"circlet_count":0,"master_deck":["AscendersBane","Strike_B","Strike_B","Strike_B","Defend_B","Defend_B+1","Defend_B+1","Defend_B","Zap+1","Dualcast","Conserve Battery+1","Glacier","Self Repair+1","Go for the Eyes+1","Ball Lightning","Biased Cognition+1","Panacea+1","Meteor Strike","Defragment+1","Biased Cognition+1","Hologram","Compile Driver","Glacier","White Noise+1","Compile Driver+1","Loop","Loop","Compile Driver","Skim","Panacea+1","Thunder Strike"],"special_seed":0,"relics":["Cracked Core","Mummified Hand","Bronze Scales","Sundial","Regal Pillow","Snecko Eye","FossilizedHelix","Blood Vial","Cursed Key","Orichalcum","Cables","Calipers","War Paint","Bag of Marbles"],"potions_floor_usage":[56],"damage_taken":[{"damage":2.0,"enemies":"Jaw Worm","floor":1.0,"turns":3.0},{"damage":3.0,"enemies":"2 Louse","floor":2.0,"turns":3.0},{"damage":5.0,"enemies":"Small Slimes","floor":10.0,"turns":2.0},{"damage":43.0,"enemies":"Gremlin Nob","floor":11.0,"turns":5.0},{"damage":13.0,"enemies":"Gremlin Gang","floor":13.0,"turns":5.0},{"damage":0.0,"enemies":"Large Slime","floor":14.0,"turns":6.0},{"damage":30.0,"enemies":"Hexaghost","floor":16.0,"turns":10.0},{"damage":4.0,"enemies":"Shell Parasite","floor":18.0,"turns":6.0},{"damage":0.0,"enemies":"2 Thieves","floor":19.0,"turns":4.0},{"damage":26.0,"enemies":"Colosseum Slavers","floor":20.0,"turns":4.0},{"damage":8.0,"enemies":"Centurion and Healer","floor":21.0,"turns":7.0},{"damage":15.0,"enemies":"Snecko","floor":22.0,"turns":8.0},{"damage":22.0,"enemies":"Gremlin Leader","floor":25.0,"turns":8.0},{"damage":13.0,"enemies":"Book of Stabbing","floor":29.0,"turns":4.0},{"damage":0.0,"enemies":"Cultist and Chosen","floor":31.0,"turns":5.0},{"damage":12.0,"enemies":"Collector","floor":33.0,"turns":9.0},{"damage":26.0,"enemies":"3 Darklings","floor":35.0,"turns":5.0},{"damage":0.0,"enemies":"Orb Walker","floor":37.0,"turns":3.0},{"damage":0.0,"enemies":"Transient","floor":38.0,"turns":6.0},{"damage":0.0,"enemies":"Maw","floor":39.0,"turns":6.0},{"damage":27.0,"enemies":"Giant Head","floor":41.0,"turns":12.0},{"damage":22.0,"enemies":"2 Orb Walkers","floor":44.0,"turns":5.0},{"damage":8.0,"enemies":"4 Shapes","floor":45.0,"turns":5.0},{"damage":5.0,"enemies":"3 Darklings","floor":46.0,"turns":6.0},{"damage":9.0,"enemies":"Jaw Worm Horde","floor":47.0,"turns":3.0},{"damage":22.0,"enemies":"Time Eater","floor":50.0,"turns":12.0},{"damage":39.0,"enemies":"Donu and Deca","floor":51.0,"turns":19.0},{"damage":50.0,"enemies":"Shield and Spear","floor":55.0,"turns":11.0},{"damage":11,"enemies":"The Heart","floor":56,"turns":11}],"seed_played":"633488763809190260","potions_obtained":[{"floor":2.0,"key":"Block Potion"},{"floor":11.0,"key":"Strength Potion"},{"floor":14.0,"key":"Weak Potion"},{"floor":18.0,"key":"Strength Potion"},{"floor":25.0,"key":"LiquidBronze"},{"floor":31.0,"key":"FocusPotion"},{"floor":35.0,"key":"Dexterity Potion"},{"floor":37.0,"key":"Ancient Potion"},{"floor":41.0,"key":"SteroidPotion"}],"is_trial":false,"path_per_floor":["M","M","?","$","?","R","T","?","T","M","E","R","M","M","R","B",null,"M","M","?","M","M","R","$","E","T","?","$","E","$","M","R","B",null,"M","$","M","M","M","R","E","R","T","?","M","M","M","M","?","R","B","B",null,"R","$","E","B",null],"character_chosen":"DEFECT","items_purchased":["Mummified Hand","Panacea","Defragment","Compile Driver","War Paint"],"campfire_rested":0,"item_purchase_floors":[4,24,30,36,54],"current_hp_per_floor":[62,59,59,59,59,59,59,71,71,66,30,30,24,31,31,11,56,62,71,55,57,52,52,52,40,40,40,40,37,37,49,49,49,66,52,52,64,71,71,71,54,54,54,44,48,55,58,48,48,38,11,56,56,56,18,19],"gold":32,"neow_bonus":"UPGRADE_CARD","is_prod":false,"is_daily":false,"chose_seed":false,"campfire_upgraded":8,"win_rate":0,"timestamp":1544874810,"path_taken":["M","M","?","$","?","R","?","?","T","?","E","R","M","M","R","BOSS","M","M","?","M","M","R","$","E","T","?","$","E","$","M","R","BOSS","M","$","M","M","M","R","E","R","T","?","M","M","M","?","R","BOSS","BOSS","R","$","E","BOSS"],"build_version":"2018-12-13","purchased_purges":3,"victory":true,"max_hp_per_floor":[71,71,71,71,71,71,71,71,71,71,71,71,71,71,71,71,71,71,71,71,71,71,71,71,71,71,71,71,71,71,71,71,71,71,71,71,71,71,71,71,71,71,71,71,71,71,71,71,71,71,71,71,71,71,71,71],"card_choices":[{"not_picked":["Scrape","Barrage"],"picked":"Conserve Battery","floor":1.0},{"not_picked":["White Noise","Redo"],"picked":"Glacier","floor":2.0},{"not_picked":["Lockon","Streamline"],"picked":"Self Repair","floor":10.0},{"not_picked":["Steam","FTL"],"picked":"Go for the Eyes","floor":11.0},{"not_picked":["Turbo","Compile Driver"],"picked":"Ball Lightning","floor":13.0},{"not_picked":["Recycle","Streamline","Barrage"],"picked":"SKIP","floor":14.0},{"not_picked":["Rainbow","Fission"],"picked":"Biased Cognition","floor":16.0},{"not_picked":["Chill","Ball Lightning","Genetic Algorithm"],"picked":"SKIP","floor":18.0},{"not_picked":["Leap","Cold Snap","Gash"],"picked":"SKIP","floor":19.0},{"not_picked":["Chill","Ball Lightning+1","Stack"],"picked":"SKIP","floor":21.0},{"not_picked":["Turbo","Gash","Seek"],"picked":"SKIP","floor":22.0},{"not_picked":["BootSequence","Cold Snap","Sweeping Beam"],"picked":"SKIP","floor":25.0},{"not_picked":["Ball Lightning+1","Rainbow"],"picked":"Meteor Strike","floor":29.0},{"not_picked":["Gash","Conserve Battery","Melter"],"picked":"SKIP","floor":31.0},{"not_picked":["Core Surge","All For One"],"picked":"Biased Cognition","floor":33.0},{"not_picked":["Beam Cell","Barrage"],"picked":"Hologram","floor":35.0},{"not_picked":["Beam Cell","Barrage+1"],"picked":"Glacier","floor":37.0},{"not_picked":["Leap","Storm"],"picked":"White Noise+1","floor":38.0},{"not_picked":["Streamline","Undo","Conserve Battery+1"],"picked":"SKIP","floor":39.0},{"not_picked":["Turbo","Darkness"],"picked":"Compile Driver+1","floor":41.0},{"not_picked":["FTL+1","Hyperbeam"],"picked":"Loop","floor":44.0},{"not_picked":["Glacier+1","Lockon"],"picked":"Loop","floor":45.0},{"not_picked":["Redo","Coolheaded"],"picked":"Compile Driver","floor":46.0},{"not_picked":["Hologram+1","Leap+1"],"picked":"Skim","floor":47.0},{"not_picked":["Finesse","Swift Strike"],"picked":"Panacea","floor":48.0},{"not_picked":["Go for the Eyes","Sunder"],"picked":"Thunder Strike","floor":55.0}],"player_experience":1142308,"relics_obtained":[{"floor":7.0,"key":"Bronze Scales"},{"floor":9.0,"key":"Sundial"},{"floor":11.0,"key":"Regal Pillow"},{"floor":25.0,"key":"FossilizedHelix"},{"floor":29.0,"key":"Blood Vial"},{"floor":41.0,"key":"Orichalcum"},{"floor":43.0,"key":"Cables"},{"floor":44.0,"key":"Calipers"},{"floor":55.0,"key":"Bag of Marbles"}],"event_choices":[{"damage_healed":0.0,"max_hp_gain":0.0,"max_hp_loss":0.0,"gold_gain":150.0,"event_name":"Liars Game","player_choice":"AGREE","floor":3.0,"gold_loss":0.0,"damage_taken":0.0,"cards_obtained":["Doubt"]},{"damage_healed":0.0,"max_hp_gain":0.0,"max_hp_loss":0.0,"gold_gain":0.0,"event_name":"The Cleric","player_choice":"Leave","floor":5.0,"gold_loss":0.0,"damage_taken":0.0},{"damage_healed":12.0,"max_hp_gain":0.0,"max_hp_loss":0.0,"gold_gain":0.0,"event_name":"Wheel of Change","player_choice":"Full Heal","floor":8.0,"gold_loss":0.0,"damage_taken":0.0},{"damage_healed":0.0,"max_hp_gain":0.0,"max_hp_loss":0.0,"gold_gain":0.0,"event_name":"Colosseum","player_choice":"Fight","floor":20.0,"gold_loss":0.0,"damage_taken":0.0},{"damage_healed":0.0,"max_hp_gain":0.0,"max_hp_loss":0.0,"gold_gain":0.0,"event_name":"Colosseum","player_choice":"Fled From Nobs","floor":20.0,"gold_loss":0.0,"damage_taken":0.0},{"damage_healed":0.0,"max_hp_gain":0.0,"max_hp_loss":0.0,"gold_gain":0.0,"event_name":"Beggar","player_choice":"Ignored","floor":27.0,"gold_loss":0.0,"damage_taken":0.0},{"damage_healed":0.0,"max_hp_gain":0.0,"max_hp_loss":0.0,"gold_gain":0.0,"event_name":"Mysterious Sphere","player_choice":"Fight","floor":44.0,"gold_loss":0.0,"damage_taken":0.0},{"damage_healed":0.0,"max_hp_gain":0.0,"max_hp_loss":0.0,"gold_gain":0.0,"event_name":"SensoryStone","player_choice":"Memory 3","floor":48.0,"gold_loss":0.0,"damage_taken":10.0}],"is_beta":true,"boss_relics":[{"not_picked":["Calling Bell","Tiny House"],"picked":"Snecko Eye"},{"not_picked":["Fusion Hammer","White Beast Statue"],"picked":"Cursed Key"}],"items_purged_floors":[24,36,54],"is_endless":false,"potions_floor_spawned":[2,11,14,18,25,31,35,37,41],"ascension_level":20}