{"gold_per_floor":[114,129,129,148,167,167,186,186,186,224,243,262,262,300,300,425,425,444,444,444,463,378,416,416,382,407,426,451,451],"floor_reached":29,"playtime":2624,"items_purged":[],"score":255,"play_id":"15127dd4-5cd5-4df5-ad37-d59de43f59be","local_time":"20180713163313","daily_mods":["Heirloom","Elite Swarm","Binary"],"is_ascension_mode":false,"campfire_choices":[{"floor":6,"key":"REST"},{"data":"Masterful Stab","floor":8,"key":"SMITH"},{"floor":13,"key":"REST"},{"floor":15,"key":"REST"},{"floor":24,"key":"REST"}],"neow_cost":"","seed_source_timestamp":0,"circlet_count":0,"master_deck":["Defend_G+1","Defend_G","Defend_G","Defend_G","Defend_G","Strike_G","Strike_G","Strike_G","Strike_G","Strike_G","Survivor","Neutralize","Dagger Spray","Masterful Stab+1","Poisoned Stab","Well Laid Plans","Malaise","Burst","Heel Hook","Deflect+1","Die Die Die","Phantasmal Killer","Dagger Throw","Concentrate","Acrobatics","A Thousand Cuts","Masterful Stab","Storm of Steel","Blade Dance","Pain","Bane","Clumsy"],"special_seed":17725,"relics":["Ring of the Snake","Bird Faced Urn","Golden Idol","Shuriken","Regal Pillow","Bag of Preparation","Cursed Key","Matryoshka","Ginger","Dream Catcher","Centennial Puzzle","War Paint","Anchor"],"potions_floor_usage":[23],"damage_taken":[{"damage":0,"enemies":"2 Louse","floor":1,"turns":3},{"damage":0,"enemies":"Jaw Worm","floor":2,"turns":4},{"damage":0,"enemies":"Cultist","floor":4,"turns":3},{"damage":10,"enemies":"Large Slime","floor":5,"turns":8},{"damage":0,"enemies":"2 Fungi Beasts","floor":7,"turns":2},{"damage":21,"enemies":"Lagavulin","floor":10,"turns":5},{"damage":5,"enemies":"Looter","floor":11,"turns":4},{"damage":4,"enemies":"3 Louse","floor":12,"turns":3},{"damage":44,"enemies":"Gremlin Nob","floor":14,"turns":5},{"damage":30,"enemies":"Hexaghost","floor":16,"turns":11},{"damage":0,"enemies":"Shell Parasite","floor":18,"turns":2},{"damage":0,"enemies":"3 Byrds","floor":21,"turns":5},{"damage":44,"enemies":"Gremlin Leader","floor":23,"turns":7},{"damage":28,"enemies":"Sentry and Sphere","floor":27,"turns":5},{"damage":53,"enemies":"Book of Stabbing","floor":29,"turns":5}],"seed_played":"5986081896675769642","potions_obtained":[{"floor":1,"key":"Ancient Potion"},{"floor":2,"key":"Weak Potion"},{"floor":11,"key":"SpeedPotion"},{"floor":14,"key":"Poison Potion"},{"floor":18,"key":"SteroidPotion"},{"floor":21,"key":"Fruit Juice"}],"is_trial":false,"path_per_floor":["M","M","?","M","M","R","M","R","T","E","M","M","R","E","R","B",null,"M","?","?","M","?","E","R","$","T","M","T"],"character_chosen":"THE_SILENT","items_purchased":["Blade Dance"],"campfire_rested":4,"item_purchase_floors":[25],"current_hp_per_floor":[70,70,53,53,43,64,64,64,64,45,42,40,70,28,64,36,70,70,70,70,70,70,35,72,72,72,46,46,0],"gold":451,"neow_bonus":"","is_prod":false,"is_daily":true,"chose_seed":false,"campfire_upgraded":1,"win_rate":0,"timestamp":1531513993,"path_taken":["M","M","?","M","M","R","M","R","T","E","?","M","R","E","R","BOSS","M","?","?","M","?","E","R","?","T","?","?","E"],"build_version":"2018-07-12","purchased_purges":0,"victory":false,"max_hp_per_floor":[70,70,70,70,70,70,70,70,70,70,70,70,70,70,70,70,70,70,70,70,70,70,75,75,75,75,75,75,75],"card_choices":[{"not_picked":["Accuracy"],"picked":"Dagger Spray","floor":1},{"not_picked":["Dagger Throw"],"picked":"Masterful Stab","floor":2},{"not_picked":["PiercingWail"],"picked":"Poisoned Stab","floor":4},{"not_picked":["Venomology"],"picked":"Well Laid Plans","floor":5},{"not_picked":["Prepared"],"picked":"Malaise","floor":7},{"not_picked":["Grand Finale"],"picked":"Burst","floor":10},{"not_picked":["Blade Dance"],"picked":"Heel Hook","floor":11},{"not_picked":["Flechettes"],"picked":"Deflect","floor":12},{"not_picked":["Night Terror"],"picked":"Die Die Die","floor":14},{"not_picked":["Storm of Steel"],"picked":"Phantasmal Killer","floor":16},{"not_picked":["Acrobatics"],"picked":"Dagger Throw","floor":18},{"not_picked":["Setup"],"picked":"Masterful Stab","floor":21},{"not_picked":["Tactician"],"picked":"Storm of Steel","floor":23},{"not_picked":["Choke"],"picked":"Bane","floor":27}],"player_experience":21677,"relics_obtained":[{"floor":9,"key":"Shuriken"},{"floor":10,"key":"Regal Pillow"},{"floor":14,"key":"Bag of Preparation"},{"floor":23,"key":"Ginger"},{"floor":26,"key":"Dream Catcher"},{"floor":26,"key":"Centennial Puzzle"},{"floor":28,"key":"War Paint"},{"floor":28,"key":"Anchor"}],"event_choices":[{"event_name":"Golden Idol","player_choice":"Take Damage","floor":3,"damage_taken":0},{"event_name":"The Library","player_choice":"Read","floor":19,"damage_taken":0},{"event_name":"Match and Keep!","player_choice":"2 cards matched","floor":20,"damage_taken":0},{"event_name":"Addict","player_choice":"Obtained Relic","floor":22,"damage_taken":0}],"boss_relics":[{"not_picked":["Tiny House","Orrery"],"picked":"Cursed Key"}],"items_purged_floors":[],"is_endless":false,"potions_floor_spawned":[1,2,11,12,14,18,21],"killed_by":"Book of Stabbing","ascension_level":0}