{"gold_per_floor":[117,117,192,207,224,224,235,235,259,259,81,81,81,99,99,194,194,183,43,54,74,74,74,91,91,91,103,103,33,49,68,68,167,167,187,206,206,221,221,221,235,235,258,258,258,258,277,294,294,294],"floor_reached":51,"playtime":10358,"items_purged":["Strike_B","Defend_B"],"score":591,"play_id":"38bdb67c-3172-4b09-9ad4-15663f2c5da6","local_time":"20190301235402","is_ascension_mode":false,"campfire_choices":[{"data":"Zap","floor":6.0,"key":"SMITH"},{"data":"Dualcast","floor":8.0,"key":"SMITH"},{"data":"Capacitor","floor":13.0,"key":"SMITH"},{"data":"Ball Lightning","floor":15.0,"key":"SMITH"},{"floor":23.0,"key":"REST"},{"data":"Echo Form","floor":28.0,"key":"SMITH"},{"data":"Defragment","floor":32.0,"key":"SMITH"},{"floor":40,"key":"REST"},{"floor":42,"key":"REST"},{"floor":46,"key":"REST"},{"floor":49,"key":"REST"}],"neow_cost":"NONE","seed_source_timestamp":0,"circlet_count":0,"master_deck":["Strike_B","Strike_B","Strike_B","Defend_B","Defend_B","Defend_B","Zap+1","Dualcast+1","Glacier","Cold Snap","Capacitor+1","Ball Lightning+1","Glacier","Echo Form+1","Hologram+1","Glacier","Go for the Eyes","Sunder","FTL","Defragment+1","Seek","Parasite","BootSequence"],"special_seed":0,"relics":["Cracked Core"],"potions_floor_usage":[41,47,50,50,50],"damage_taken":[{"damage":1.0,"enemies":"Cultist","floor":1.0,"turns":3.0},{"damage":1.0,"enemies":"Jaw Worm","floor":4.0,"turns":4.0},{"damage":0.0,"enemies":"Small Slimes","floor":5.0,"turns":4.0},{"damage":0.0,"enemies":"Exordium Wildlife","floor":7.0,"turns":4.0},{"damage":7.0,"enemies":"Gremlin Gang","floor":14.0,"turns":4.0},{"damage":8.0,"enemies":"Slime Boss","floor":16.0,"turns":15.0},{"damage":23.0,"enemies":"2 Thieves","floor":18.0,"turns":4.0},{"damage":13.0,"enemies":"3 Byrds","floor":20.0,"turns":7.0},{"damage":19.0,"enemies":"Snake Plant","floor":21.0,"turns":5.0},{"damage":1.0,"enemies":"Centurion and Healer","floor":24.0,"turns":9.0},{"damage":0.0,"enemies":"Snecko","floor":27.0,"turns":7.0},{"damage":17.0,"enemies":"Shelled Parasite and Fungi","floor":30.0,"turns":8.0},{"damage":7.0,"enemies":"Chosen and Byrds","floor":31.0,"turns":9.0},{"damage":11.0,"enemies":"Automaton","floor":33.0,"turns":12.0},{"damage":17,"enemies":"3 Darklings","floor":35,"turns":6},{"damage":0,"enemies":"Orb Walker","floor":36,"turns":5},{"damage":56,"enemies":"Jaw Worm Horde","floor":38,"turns":8},{"damage":25,"enemies":"3 Darklings","floor":41,"turns":7},{"damage":17,"enemies":"Writhing Mass","floor":47,"turns":10},{"damage":0,"enemies":"Maw","floor":48,"turns":12},{"damage":51,"enemies":"Awakened One","floor":50,"turns":25}],"seed_played":"1395968943140287960","potions_obtained":[{"floor":4.0,"key":"Strength Potion"},{"floor":5.0,"key":"FocusPotion"},{"floor":12.0,"key":"AttackPotion"},{"floor":12.0,"key":"Block Potion"},{"floor":14.0,"key":"Regen Potion"},{"floor":27.0,"key":"Regen Potion"},{"floor":31.0,"key":"PowerPotion"},{"floor":36,"key":"LiquidBronze"},{"floor":41,"key":"EssenceOfSteel"},{"floor":48,"key":"Weak Potion"}],"is_trial":false,"path_per_floor":["M","?","?","M","M","R","M","R","T","T","$","?","R","M","R","B",null,"M","$","M","M","$","R","M","?","T","M","R","$","M","M","R","B",null,"M","M","?","M","?","R","M","R","T","?","?","R","M","M","R","B",null],"character_chosen":"DEFECT","items_purchased":["Capacitor","Ball Lightning","Glacier","Sunder"],"campfire_rested":5,"item_purchase_floors":[11,11,19,29],"current_hp_per_floor":[81,86,75,74,74,74,74,74,74,74,74,74,74,67,67,74,87,64,64,51,32,32,58,57,86,86,86,86,86,69,62,62,51,87,70,70,70,14,14,38,13,37,37,37,37,61,44,44,68,17],"gold":294,"neow_bonus":"TEN_PERCENT_HP_BONUS","is_prod":false,"is_daily":false,"chose_seed":false,"campfire_upgraded":6,"win_rate":0,"timestamp":1551502442,"path_taken":["M","?","?","M","M","R","M","R","T","?","?","?","R","M","R","BOSS","M","?","M","M","$","R","M","?","T","M","R","?","M","M","R","BOSS","M","M","?","?","?","R","M","R","T","?","?","R","?","M","R","BOSS"],"build_version":"2019-01-23","purchased_purges":2,"victory":true,"max_hp_per_floor":[82,87,87,87,87,87,87,87,87,87,87,87,87,87,87,87,87,87,87,87,87,87,87,87,87,87,87,87,87,87,87,87,87,87,87,87,87,87,83,83,83,83,83,83,83,83,83,83,83,83],"card_choices":[{"not_picked":["Barrage","Hello World"],"picked":"Glacier","floor":1.0},{"not_picked":["Barrage","Steam Power"],"picked":"Cold Snap","floor":4.0},{"not_picked":["Tempest","Sweeping Beam","Leap"],"picked":"SKIP","floor":5.0},{"not_picked":["Redo","Compile Driver","Sweeping Beam"],"picked":"SKIP","floor":7.0},{"not_picked":["Leap","Hologram"],"picked":"Glacier","floor":14.0},{"not_picked":["Hyperbeam","Meteor Strike"],"picked":"Echo Form","floor":16.0},{"not_picked":["Steam","Hello World"],"picked":"Hologram+1","floor":18.0},{"not_picked":["Genetic Algorithm","Tempest+1","Beam Cell+1"],"picked":"SKIP","floor":20.0},{"not_picked":["Scrape+1","Redo"],"picked":"Go for the Eyes","floor":21.0},{"not_picked":["Force Field","Steam+1","Leap+1"],"picked":"SKIP","floor":24.0},{"not_picked":["Sweeping Beam+1","Fusion+1","Leap"],"picked":"SKIP","floor":27.0},{"not_picked":["Tempest","Heatsinks"],"picked":"FTL","floor":30.0},{"not_picked":["Coolheaded","Aggregate+1"],"picked":"Defragment","floor":31.0},{"not_picked":["Multi-Cast","Meteor Strike"],"picked":"Seek","floor":33.0},{"not_picked":["Ball Lightning","Rebound+1","Compile Driver"],"picked":"SKIP","floor":35},{"not_picked":["Ball Lightning","Rebound+1","Compile Driver"],"picked":"SKIP","floor":35},{"not_picked":["Barrage","Go for the Eyes","Turbo"],"picked":"SKIP","floor":36},{"not_picked":["Skim","Meteor Strike","Gash"],"picked":"SKIP","floor":38},{"not_picked":["Rip and Tear+1","Sweeping Beam+1","Melter"],"picked":"SKIP","floor":41},{"not_picked":["Aggregate","Redo+1","Leap+1"],"picked":"SKIP","floor":47},{"not_picked":["Steam Power+1","Cold Snap"],"picked":"BootSequence","floor":48}],"player_experience":934587,"relics_obtained":[],"event_choices":[{"damage_healed":0.0,"max_hp_gain":5.0,"max_hp_loss":0.0,"gold_gain":0.0,"event_name":"Big Fish","player_choice":"Donut","floor":2.0,"gold_loss":0.0,"damage_taken":0.0},{"damage_healed":0.0,"max_hp_gain":0.0,"max_hp_loss":0.0,"gold_gain":75.0,"event_name":"World of Goop","player_choice":"Gather Gold","floor":3.0,"gold_loss":0.0,"damage_taken":11.0},{"damage_healed":0.0,"max_hp_gain":0.0,"max_hp_loss":0.0,"gold_gain":0.0,"event_name":"Lab","player_choice":"Got Potions","floor":12.0,"gold_loss":0.0,"damage_taken":0.0},{"damage_healed":29.0,"max_hp_gain":0.0,"max_hp_loss":0.0,"gold_gain":0.0,"event_name":"The Library","player_choice":"Heal","floor":25.0,"gold_loss":0.0,"damage_taken":0.0},{"damage_healed":0,"gold_gain":0,"player_choice":"Ignored","damage_taken":0,"max_hp_gain":0,"max_hp_loss":0,"event_name":"WeMeetAgain","floor":37,"gold_loss":0},{"damage_healed":0,"gold_gain":0,"player_choice":"Max HP","damage_taken":0,"max_hp_gain":0,"max_hp_loss":4,"event_name":"Winding Halls","floor":39,"gold_loss":0},{"damage_healed":0,"gold_gain":0,"player_choice":"Ignored","damage_taken":0,"max_hp_gain":0,"max_hp_loss":0,"event_name":"The Moai Head","floor":44,"gold_loss":0},{"damage_healed":0,"gold_gain":0,"player_choice":"Ignored","damage_taken":0,"max_hp_gain":0,"max_hp_loss":0,"event_name":"SecretPortal","floor":45,"gold_loss":0}],"is_beta":false,"boss_relics":[{"not_picked":["Coffee Dripper","Empty Cage","Snecko Eye"]},{"not_picked":["Sozu","White Beast Statue","Orrery"]}],"items_purged_floors":[11,19],"is_endless":false,"potions_floor_spawned":[4,5,14,27,31,33,36,41,48],"ascension_level":0}