{"gold_per_floor":[113,128,128,145,38,73,73,100,127,147,158,158,183,193,193,193],"floor_reached":16,"playtime":614,"items_purged":[],"score":220,"play_id":"f43cf65a-38e0-497c-be4b-4884f972bf08","local_time":"20190427194334","is_ascension_mode":true,"campfire_choices":[{"floor":7,"key":"REST"},{"floor":12,"key":"REST"},{"data":"Limit Break","floor":15,"key":"SMITH"}],"neow_cost":"PERCENT_DAMAGE","seed_source_timestamp":292285726394800,"circlet_count":0,"master_deck":["AscendersBane","Strike_R","Strike_R","Strike_R","Strike_R","Defend_R","Defend_R","Defend_R","Defend_R","Bash","Iron Wave","Cleave","Inflame","Disarm","Whirlwind","Limit Break+1","Shockwave","Armaments"],"relics":["Burning Blood","Bag of Preparation","Anchor","Vajra","Peace Pipe"],"potions_floor_usage":[8,10,13,14],"damage_taken":[{"damage":31,"enemies":"Jaw Worm","floor":1,"turns":7},{"damage":1,"enemies":"Cultist","floor":2,"turns":3},{"damage":1,"enemies":"Small Slimes","floor":4,"turns":4},{"damage":29,"enemies":"Gremlin Nob","floor":6,"turns":5},{"damage":31,"enemies":"3 Sentries","floor":8,"turns":6},{"damage":1,"enemies":"Exordium Thugs","floor":10,"turns":3},{"damage":0,"enemies":"3 Louse","floor":11,"turns":1},{"damage":23,"enemies":"Gremlin Nob","floor":13,"turns":4},{"damage":11,"enemies":"Exordium Wildlife","floor":14,"turns":6},{"damage":42,"enemies":"The Guardian","floor":16,"turns":6}],"seed_played":"-6450775214473558808","potions_obtained":[{"floor":4,"key":"Poison Potion"},{"floor":8,"key":"PowerPotion"},{"floor":11,"key":"SteroidPotion"},{"floor":13,"key":"Swift Potion"}],"is_trial":false,"path_per_floor":["M","M","?","M","$","E","R","E","T","M","M","R","E","M","R","B"],"character_chosen":"IRONCLAD","items_purchased":["Disarm","Whirlwind"],"campfire_rested":2,"item_purchase_floors":[5,5],"current_hp_per_floor":[42,47,40,45,45,22,50,25,25,30,36,64,47,42,42,0],"gold":193,"neow_bonus":"TWENTY_PERCENT_HP_BONUS","is_prod":false,"is_daily":false,"chose_seed":false,"campfire_upgraded":1,"win_rate":0,"timestamp":1556408614,"path_taken":["M","M","?","M","$","E","R","E","T","M","M","R","E","M","R","BOSS"],"build_version":"2019-01-23","purchased_purges":0,"victory":false,"max_hp_per_floor":[96,96,96,96,96,96,96,96,96,96,96,96,96,96,96,96],"card_choices":[{"not_picked":["Body Slam","Reckless Charge"],"picked":"Iron Wave","floor":1},{"not_picked":["Iron Wave","Searing Blow"],"picked":"Cleave","floor":2},{"not_picked":["Pommel Strike","Twin Strike"],"picked":"Inflame","floor":4},{"not_picked":["Hemokinesis","Cleave"],"picked":"Limit Break","floor":6},{"not_picked":["Barricade","Sever Soul"],"picked":"Shockwave","floor":8},{"not_picked":["Wild Strike","Carnage","Clash"],"picked":"SKIP","floor":10},{"not_picked":["Warcry","Havoc"],"picked":"Armaments","floor":11},{"not_picked":["Clash","Sever Soul","Body Slam"],"picked":"SKIP","floor":13},{"not_picked":["Warcry","Immolate","Thunderclap"],"picked":"SKIP","floor":14}],"player_experience":391249,"relics_obtained":[{"floor":6,"key":"Bag of Preparation"},{"floor":8,"key":"Anchor"},{"floor":9,"key":"Vajra"},{"floor":13,"key":"Peace Pipe"}],"event_choices":[{"cards_removed":["Strike_R"],"damage_healed":0,"gold_gain":0,"player_choice":"Card Removal","damage_taken":7,"max_hp_gain":0,"max_hp_loss":0,"event_name":"Golden Wing","floor":3,"gold_loss":0}],"is_beta":false,"boss_relics":[],"items_purged_floors":[],"is_endless":false,"potions_floor_spawned":[4,8,11,13],"killed_by":"The Guardian","ascension_level":12}