{"gold_per_floor":[114,114,128,31,31,66,66,94,94,127,127,127,153,153,153,248,248,267,367,292,312,324,334,334,359,408,408,109,139,54,70,70,170,170,182,182,199,212,223,257,80,80,132,55,55,89,89,106,106,106,106,106,3,30,30],"floor_reached":55,"playtime":8115,"items_purged":["Strike_B","Defend_B"],"score":1262,"play_id":"8214faf4-25c0-4ec7-a86b-37e159415c93","local_time":"20190209182954","is_ascension_mode":true,"campfire_choices":[{"data":"Zap","floor":7.0,"key":"SMITH"},{"data":"Go for the Eyes","floor":15.0,"key":"SMITH"},{"floor":24.0,"key":"REST"},{"floor":27.0,"key":"REST"},{"floor":32.0,"key":"REST"},{"floor":42.0,"key":"REST"},{"floor":47.0,"key":"RECALL"},{"floor":49.0,"key":"REST"},{"floor":52.0,"key":"REST"}],"neow_cost":"NONE","seed_source_timestamp":0,"circlet_count":0,"master_deck":["AscendersBane","Defend_B+1","Defend_B+1","Zap+1","Dualcast+1","Reinforced Body","Go for the Eyes+1","Glacier","Go for the Eyes","Sunder","All For One","Capacitor","Creative AI","Biased Cognition","Defragment","Loop","Biased Cognition","Machine Learning+1","Chaos+1","Undo+1","Defragment","FTL","Capacitor","FTL+1","FTL","Go for the Eyes","Coolheaded","Seek"],"special_seed":0,"relics":["Cracked Core","NeowsBlessing","Symbiotic Virus","Gambling Chip","Meat on the Bone","Oddly Smooth Stone","Shuriken","Fusion Hammer","Mango","Sundial","Bronze Scales","War Paint","PreservedInsect","Bottled Lightning","Dodecahedron","Astrolabe","Darkstone Periapt","Letter Opener","Centennial Puzzle"],"potions_floor_usage":[],"damage_taken":[{"damage":0.0,"enemies":"Jaw Worm","floor":1.0,"turns":1.0},{"damage":0.0,"enemies":"Cultist","floor":3.0,"turns":1.0},{"damage":0.0,"enemies":"Lagavulin","floor":6.0,"turns":1.0},{"damage":8.0,"enemies":"3 Sentries","floor":8.0,"turns":11.0},{"damage":20.0,"enemies":"Gremlin Nob","floor":10.0,"turns":4.0},{"damage":2.0,"enemies":"3 Sentries","floor":13.0,"turns":8.0},{"damage":19.0,"enemies":"The Guardian","floor":16.0,"turns":12.0},{"damage":7.0,"enemies":"2 Thieves","floor":18.0,"turns":3.0},{"damage":0.0,"enemies":"Colosseum Slavers","floor":19.0,"turns":4.0},{"damage":23.0,"enemies":"Colosseum Nobs","floor":19.0,"turns":4.0},{"damage":0.0,"enemies":"3 Byrds","floor":21.0,"turns":4.0},{"damage":4.0,"enemies":"Centurion and Healer","floor":22.0,"turns":8.0},{"damage":6.0,"enemies":"Cultist and Chosen","floor":23.0,"turns":7.0},{"damage":40.0,"enemies":"Slavers","floor":25.0,"turns":6.0},{"damage":15.0,"enemies":"Gremlin Leader","floor":29.0,"turns":4.0},{"damage":6.0,"enemies":"Sentry and Sphere","floor":31.0,"turns":4.0},{"damage":34.0,"enemies":"Collector","floor":33.0,"turns":9.0},{"damage":4.0,"enemies":"3 Shapes","floor":35.0,"turns":5.0},{"damage":2.0,"enemies":"3 Darklings","floor":37.0,"turns":7.0},{"damage":5.0,"enemies":"Maw","floor":38.0,"turns":7.0},{"damage":0.0,"enemies":"4 Shapes","floor":39.0,"turns":6.0},{"damage":0.0,"enemies":"Nemesis","floor":40.0,"turns":5.0},{"damage":18.0,"enemies":"Reptomancer","floor":46.0,"turns":7.0},{"damage":13.0,"enemies":"Spire Growth","floor":48.0,"turns":4.0},{"damage":49.0,"enemies":"Donu and Deca","floor":50.0,"turns":12.0},{"damage":35.0,"enemies":"Shield and Spear","floor":54.0,"turns":7.0},{"damage":55,"enemies":"The Heart","floor":55,"turns":2}],"seed_played":"-8979880688381677797","potions_obtained":[{"floor":1.0,"key":"SkillPotion"},{"floor":2.0,"key":"Weak Potion"},{"floor":2.0,"key":"Regen Potion"},{"floor":22.0,"key":"Explosive Potion"},{"floor":23.0,"key":"Explosive Potion"},{"floor":33.0,"key":"SneckoOil"},{"floor":35.0,"key":"SpeedPotion"}],"is_trial":false,"path_per_floor":["M","?","M","$","?","E","R","E","T","E","?","?","E","?","R","B",null,"M","?","?","M","M","M","R","E","T","R","$","E","?","M","R","B",null,"M","?","M","M","M","E","$","R","T","$","?","E","R","M","R","B",null,"R","$","E","B"],"character_chosen":"DEFECT","items_purchased":["Glacier","Go for the Eyes","Defragment","PreservedInsect","FTL","Capacitor","Go for the Eyes","Coolheaded"],"campfire_rested":6,"item_purchase_floors":[4,4,28,28,41,44,53,53],"current_hp_per_floor":[68,68,68,68,68,68,68,60,60,40,65,65,63,63,63,44,67,60,63,63,63,59,53,79,51,51,77,77,62,62,56,82,48,79,75,75,73,68,68,68,68,89,89,89,89,71,71,58,84,47,79,89,89,54,0],"gold":30,"neow_bonus":"THREE_ENEMY_KILL","is_prod":false,"is_daily":false,"chose_seed":false,"campfire_upgraded":2,"win_rate":0,"timestamp":1549754994,"path_taken":["M","?","?","$","?","E","R","E","T","E","?","?","E","?","R","BOSS","M","?","?","M","M","?","R","E","T","R","$","E","?","M","R","BOSS","M","?","?","M","M","E","$","R","T","$","?","E","R","M","R","BOSS","R","$","E","BOSS"],"build_version":"2019-01-23","purchased_purges":2,"victory":false,"max_hp_per_floor":[75,75,75,75,75,75,75,75,75,75,75,75,75,75,75,75,75,75,89,89,89,89,89,89,89,89,89,89,89,89,89,89,89,89,89,89,89,89,89,89,89,89,89,89,89,89,89,89,89,89,89,89,89,89,89],"card_choices":[{"not_picked":["Cold Snap","Streamline"],"picked":"Reinforced Body","floor":1.0},{"not_picked":["Rip and Tear","Gash"],"picked":"Go for the Eyes","floor":3.0},{"not_picked":["Rip and Tear","Aggregate","Force Field"],"picked":"SKIP","floor":6.0},{"not_picked":["Loop","Force Field"],"picked":"Sunder","floor":8.0},{"not_picked":["Reinforced Body","Chaos","Rebound"],"picked":"SKIP","floor":10.0},{"not_picked":["Blizzard","Stack","Hyperbeam"],"picked":"SKIP","floor":13.0},{"not_picked":["Multi-Cast","Reboot"],"picked":"All For One","floor":16.0},{"not_picked":["Hologram","Rebound"],"picked":"Capacitor","floor":18.0},{"not_picked":["Heatsinks+1","Ball Lightning"],"picked":"Cold Snap+1","floor":21.0},{"not_picked":["Compile Driver","Rebound","Stack"],"picked":"SKIP","floor":22.0},{"not_picked":["Steam","Coolheaded"],"picked":"Creative AI","floor":23.0},{"not_picked":["Rebound","Ball Lightning"],"picked":"Biased Cognition","floor":25.0},{"not_picked":["Ball Lightning+1","Leap"],"picked":"Loop","floor":29.0},{"not_picked":["Stack","Barrage","Turbo"],"picked":"SKIP","floor":31.0},{"not_picked":["Amplify","Core Surge"],"picked":"Biased Cognition","floor":33.0},{"not_picked":["Aggregate","Stack","Turbo"],"picked":"SKIP","floor":35.0},{"not_picked":["Self Repair","Sweeping Beam","Compile Driver+1"],"picked":"SKIP","floor":37.0},{"not_picked":["Fusion","Ball Lightning","Go for the Eyes"],"picked":"SKIP","floor":38.0},{"not_picked":["Go for the Eyes","Beam Cell","Barrage"],"picked":"SKIP","floor":39.0},{"not_picked":["Seek","Steam Power"],"picked":"Defragment","floor":40.0},{"not_picked":["Turbo+1","Ball Lightning"],"picked":"FTL+1","floor":46.0},{"not_picked":["Static Discharge+1","Rebound"],"picked":"FTL","floor":48.0},{"not_picked":["BootSequence","Compile Driver+1"],"picked":"Seek","floor":54.0}],"player_experience":853923,"relics_obtained":[{"floor":6.0,"key":"Symbiotic Virus"},{"floor":8.0,"key":"Gambling Chip"},{"floor":9.0,"key":"Meat on the Bone"},{"floor":10.0,"key":"Oddly Smooth Stone"},{"floor":13.0,"key":"Shuriken"},{"floor":19.0,"key":"Mango"},{"floor":19.0,"key":"Sundial"},{"floor":25.0,"key":"Bronze Scales"},{"floor":26.0,"key":"War Paint"},{"floor":29.0,"key":"Bottled Lightning"},{"floor":40.0,"key":"Darkstone Periapt"},{"floor":46.0,"key":"Letter Opener"},{"floor":54.0,"key":"Centennial Puzzle"}],"event_choices":[{"damage_healed":0.0,"max_hp_gain":0.0,"max_hp_loss":0.0,"gold_gain":0.0,"event_name":"Lab","player_choice":"Got Potions","floor":2.0,"gold_loss":0.0,"damage_taken":0.0},{"damage_healed":0.0,"max_hp_gain":0.0,"max_hp_loss":0.0,"gold_gain":0.0,"event_name":"Liars Game","player_choice":"Ignored","floor":5.0,"gold_loss":0.0,"damage_taken":0.0},{"damage_healed":25.0,"max_hp_gain":0.0,"max_hp_loss":0.0,"gold_gain":0.0,"event_name":"Big Fish","player_choice":"Banana","floor":11.0,"gold_loss":0.0,"damage_taken":0.0},{"damage_healed":0.0,"max_hp_gain":0.0,"max_hp_loss":0.0,"gold_gain":0.0,"event_name":"Living Wall","player_choice":"Grow","floor":12.0,"gold_loss":0.0,"damage_taken":0.0,"cards_upgraded":["Dualcast"]},{"damage_healed":0.0,"max_hp_gain":0.0,"max_hp_loss":0.0,"gold_gain":0.0,"event_name":"Golden Idol","player_choice":"Ignored","floor":14.0,"gold_loss":0.0,"damage_taken":0.0},{"damage_healed":0.0,"max_hp_gain":0.0,"max_hp_loss":0.0,"gold_gain":0.0,"event_name":"Colosseum","player_choice":"Fight","floor":19.0,"gold_loss":0.0,"damage_taken":0.0},{"damage_healed":0.0,"max_hp_gain":0.0,"max_hp_loss":0.0,"gold_gain":0.0,"event_name":"Colosseum","player_choice":"Fought Nobs","floor":19.0,"gold_loss":0.0,"damage_taken":0.0},{"cards_removed":["Strike_B"],"damage_healed":0.0,"max_hp_gain":0.0,"max_hp_loss":0.0,"gold_gain":0.0,"event_name":"Beggar","player_choice":"Gave Gold","floor":20.0,"gold_loss":75.0,"damage_taken":0.0},{"damage_healed":0.0,"max_hp_gain":0.0,"max_hp_loss":0.0,"gold_gain":0.0,"event_name":"Addict","player_choice":"Obtained Relic","floor":30.0,"gold_loss":85.0,"damage_taken":0.0,"relics_obtained":["Dodecahedron"]},{"damage_healed":0.0,"max_hp_gain":0.0,"max_hp_loss":0.0,"gold_gain":0.0,"event_name":"Match and Keep!","player_choice":"0 cards matched","floor":36.0,"gold_loss":0.0,"damage_taken":0.0,"cards_obtained":[]},{"cards_removed":["Cold Snap"],"damage_healed":0.0,"max_hp_gain":0.0,"max_hp_loss":0.0,"gold_gain":0.0,"event_name":"Falling","player_choice":"Removed Attack","floor":45.0,"gold_loss":0.0,"damage_taken":0.0}],"is_beta":false,"boss_relics":[{"not_picked":["Snecko Eye","Tiny House"],"picked":"Fusion Hammer"},{"not_picked":["Calling Bell","Coffee Dripper"],"picked":"Astrolabe"}],"items_purged_floors":[28,41],"is_endless":false,"potions_floor_spawned":[1,6,10,13,19,22,23,33,35,38,46],"killed_by":"The Heart","ascension_level":12}