{"gold_per_floor":[17,28,28,43,43,43,61,80,80,80,97,124,144,157,157,230,230,247,247,247,227,238,238,254,254,281,298,298,0,0,13,13,89,89,107,126,126,126,126,126,152,71,98,110,134,157,169,198,210,222,234],"floor_reached":52,"playtime":3392,"items_purged":["Defend_B"],"score":1697,"play_id":"eda82954-05d5-4d5e-8889-8ff5d58d352e","local_time":"20180818220831","is_ascension_mode":true,"campfire_choices":[{"data":"Zap","floor":6.0,"key":"SMITH"},{"data":"Sunder","floor":10.0,"key":"SMITH"},{"data":"Hologram","floor":15.0,"key":"SMITH"},{"data":"Coolheaded","floor":23.0,"key":"SMITH"},{"data":"Buffer","floor":25.0,"key":"SMITH"},{"data":"Go for the Eyes","floor":28.0,"key":"SMITH"},{"data":"Hologram","floor":32.0,"key":"SMITH"},{"data":"Discovery","floor":40.0,"key":"SMITH"},{"data":"Creative AI","floor":47.0,"key":"SMITH"},{"floor":49.0,"key":"REST"}],"neow_cost":"NO_GOLD","seed_source_timestamp":10356920547721,"circlet_count":0,"master_deck":["Defend_B","Zap+1","Dualcast","AscendersBane","Scrape","Streamline","Go for the Eyes+1","Beam Cell","BootSequence","Hologram+1","Sunder+1","Auto Shields","Scrape","Beam Cell","Coolheaded+1","Buffer+1","Scrape+1","Gash","Hologram+1","Creative AI+1","Auto Shields+1","Skim+1","Steam Power+1","Rebound+1","Hologram+1","Discovery+1","Blind","Beam Cell","Coolheaded","Storm","Turbo+1"],"special_seed":0,"relics":["Cracked Core","Orichalcum","Vajra","Gremlin Horn","Sozu","Thread and Needle","Regal Pillow","Bag of Marbles","Astrolabe","Omamori","MawBank","Turnip"],"potions_floor_usage":[],"damage_taken":[{"damage":2.0,"enemies":"Jaw Worm","floor":1.0,"turns":3.0},{"damage":4.0,"enemies":"Small Slimes","floor":2.0,"turns":3.0},{"damage":1.0,"enemies":"Cultist","floor":4.0,"turns":4.0},{"damage":8.0,"enemies":"Exordium Wildlife","floor":7.0,"turns":4.0},{"damage":0.0,"enemies":"2 Fungi Beasts","floor":8.0,"turns":3.0},{"damage":0.0,"enemies":"Large Slime","floor":11.0,"turns":3.0},{"damage":10.0,"enemies":"Lagavulin","floor":12.0,"turns":6.0},{"damage":0.0,"enemies":"Gremlin Gang","floor":13.0,"turns":4.0},{"damage":0.0,"enemies":"Red Slaver","floor":14.0,"turns":2.0},{"damage":5.0,"enemies":"Slime Boss","floor":16.0,"turns":5.0},{"damage":6.0,"enemies":"Chosen","floor":18.0,"turns":4.0},{"damage":3.0,"enemies":"2 Thieves","floor":22.0,"turns":3.0},{"damage":0.0,"enemies":"Chosen and Byrds","floor":24.0,"turns":6.0},{"damage":0.0,"enemies":"Centurion and Healer","floor":27.0,"turns":5.0},{"damage":0.0,"enemies":"3 Cultists","floor":31.0,"turns":4.0},{"damage":31.0,"enemies":"Champ","floor":33.0,"turns":11.0},{"damage":0.0,"enemies":"Flame Bruiser 1 Orb","floor":35.0,"turns":2.0},{"damage":0.0,"enemies":"3 Shapes","floor":36.0,"turns":6.0},{"damage":8.0,"enemies":"Nemesis","floor":41.0,"turns":6.0},{"damage":0.0,"floor":44.0,"turns":5.0},{"damage":0.0,"enemies":"3 Darklings","floor":45.0,"turns":4.0},{"damage":11.0,"enemies":"Spire Growth","floor":46.0,"turns":5.0},{"damage":0.0,"enemies":"Jaw Worm Horde","floor":48.0,"turns":4.0},{"damage":22.0,"enemies":"Time Eater","floor":50.0,"turns":10.0},{"damage":28,"enemies":"Awakened One","floor":51,"turns":15}],"seed_played":"8944050326184729175","potions_obtained":[{"floor":7.0,"key":"Regen Potion"},{"floor":8.0,"key":"AttackPotion"},{"floor":12.0,"key":"EssenceOfSteel"}],"is_trial":false,"path_per_floor":["M","M","?","M","?","R","M","M","T","R","M","E","M","M","R","B",null,"M","T","?","?","M","R","M","R","T","M","R","$","?","M","R","B",null,"M","M","?","$","?","R","E","$","T","?","M","M","R","M","R","B","B"],"character_chosen":"DEFECT","items_purchased":["Bag of Marbles","Hologram","Storm"],"campfire_rested":1,"item_purchase_floors":[29,29,42],"current_hp_per_floor":[62,58,58,57,46,46,38,38,38,38,38,43,43,43,43,38,63,57,57,37,37,34,34,34,34,34,34,34,34,34,34,34,3,58,58,58,48,48,48,48,40,40,40,40,40,36,36,36,73,51,23],"gold":246,"neow_bonus":"TRANSFORM_TWO_CARDS","is_prod":false,"is_daily":false,"chose_seed":false,"campfire_upgraded":9,"win_rate":0,"timestamp":1534622911,"path_taken":["M","M","?","M","?","R","M","?","T","R","M","E","M","M","R","BOSS","M","?","?","?","?","R","M","R","T","M","R","$","?","M","R","BOSS","M","M","?","?","?","R","E","$","T","?","M","M","R","?","R","BOSS","BOSS"],"build_version":"2018-08-16","purchased_purges":1,"victory":true,"max_hp_per_floor":[71,71,71,71,71,71,71,71,71,71,71,71,71,71,71,71,71,71,71,76,76,76,76,76,76,76,76,76,76,76,76,76,76,76,76,76,76,76,76,76,76,76,76,76,76,76,76,76,76,76,76],"card_choices":[{"not_picked":["Sweeping Beam","Compile Driver"],"picked":"Go for the Eyes","floor":1.0},{"not_picked":["Steam","Stack"],"picked":"Beam Cell","floor":2.0},{"not_picked":["Redo","Scrape"],"picked":"BootSequence","floor":4.0},{"not_picked":["Rebound","Ball Lightning"],"picked":"Hologram","floor":7.0},{"not_picked":["Consume","Loop"],"picked":"Sunder","floor":8.0},{"not_picked":["Streamline","Darkness"],"picked":"Auto Shields","floor":11.0},{"not_picked":["Leap","Reinforced Body"],"picked":"Scrape","floor":12.0},{"not_picked":["Blizzard","Reinforced Body"],"picked":"Beam Cell","floor":13.0},{"not_picked":["Genetic Algorithm","Compile Driver"],"picked":"Coolheaded","floor":14.0},{"not_picked":["Thunder Strike","Biased Cognition"],"picked":"Buffer","floor":16.0},{"not_picked":["Go for the Eyes","Doom and Gloom"],"picked":"Scrape+1","floor":18.0},{"not_picked":["Go for the Eyes","Redo"],"picked":"Gash","floor":22.0},{"not_picked":["Redo","Leap","Beam Cell"],"picked":"SKIP","floor":24.0},{"not_picked":["Fusion","Redo","Hello World+1"],"picked":"SKIP","floor":27.0},{"not_picked":["Streamline","Leap","Rebound"],"picked":"SKIP","floor":31.0},{"not_picked":["Fission","Amplify"],"picked":"Creative AI","floor":33.0},{"not_picked":["Leap","Compile Driver+1"],"picked":"Rebound+1","floor":35.0},{"not_picked":["Leap+1","Capacitor"],"picked":"Hologram+1","floor":36.0},{"not_picked":["Enlightenment","Secret Weapon"],"picked":"Discovery","floor":37.0},{"not_picked":["Enlightenment","Forethought"],"picked":"Blind","floor":37.0},{"not_picked":["Self Repair+1","Sweeping Beam"],"picked":"Coolheaded","floor":41.0},{"not_picked":["Glacier","Heatsinks"],"picked":"Turbo+1","floor":45.0},{"not_picked":["BootSequence+1","Ball Lightning+1","Coolheaded"],"picked":"SKIP","floor":46.0},{"not_picked":["Coolheaded","Barrage","Compile Driver+1"],"picked":"SKIP","floor":48.0}],"player_experience":889956,"relics_obtained":[{"floor":9.0,"key":"Vajra"},{"floor":12.0,"key":"Gremlin Horn"},{"floor":19.0,"key":"Thread and Needle"},{"floor":26.0,"key":"Regal Pillow"},{"floor":41.0,"key":"Omamori"},{"floor":43.0,"key":"MawBank"},{"floor":44.0,"key":"Turnip"}],"event_choices":[{"event_name":"The Cleric","player_choice":"Leave","floor":3.0,"damage_taken":0.0},{"event_name":"Scrap Ooze","player_choice":"success","floor":5.0,"damage_taken":11.0},{"event_name":"Forgotten Altar","player_choice":"Shed Blood","floor":20.0,"damage_taken":0.0},{"event_name":"The Woman in Blue","player_choice":"Bought 1 Potion","floor":21.0,"damage_taken":0.0},{"event_name":"Beggar","player_choice":"Ignored","floor":30.0,"damage_taken":0.0},{"event_name":"SensoryStone","player_choice":"Memory 3","floor":37.0,"damage_taken":0.0},{"event_name":"Transmorgrifier","player_choice":"Transform","floor":39.0,"damage_taken":0.0},{"event_name":"MindBloom","player_choice":"Fight","floor":44.0,"damage_taken":0.0}],"is_beta":true,"boss_relics":[{"not_picked":["Runic Dome","Cursed Key"],"picked":"Sozu"},{"not_picked":["Inserter","Black Star"],"picked":"Astrolabe"}],"items_purged_floors":[29],"is_endless":false,"potions_floor_spawned":[7,8,12,14,22,24,33,44,45,48],"ascension_level":20}