{"gold_per_floor":[111,128,128,140,140,166,121,77,130,182,182],"floor_reached":11,"playtime":379,"items_purged":[],"score":117,"play_id":"82a7e9f6-bd88-4d52-b85e-415cd2d62ece","local_time":"20190130183420","is_ascension_mode":true,"campfire_choices":[],"neow_cost":"NONE","seed_source_timestamp":4228140322643486,"circlet_count":0,"master_deck":["AscendersBane","Defend_G","Defend_G","Defend_G","Defend_G","Defend_G","Strike_G+1","Strike_G","Strike_G","Strike_G","Survivor","Neutralize+1","Blur","Cloak And Dagger","Escape Plan","PiercingWail"],"relics":["Ring of the Snake","NeowsBlessing","Omamori","Tiny Chest","Whetstone"],"potions_floor_usage":[6],"damage_taken":[{"damage":0,"enemies":"Cultist","floor":1,"turns":1},{"damage":0,"enemies":"2 Louse","floor":2,"turns":2},{"damage":0,"enemies":"Small Slimes","floor":4,"turns":1},{"damage":64,"enemies":"Gremlin Nob","floor":6,"turns":8},{"damage":0,"enemies":"Looter","floor":7,"turns":5},{"damage":6,"enemies":"Lagavulin","floor":11,"turns":6}],"seed_played":"2508501773938428057","potions_obtained":[{"floor":1,"key":"AttackPotion"}],"is_trial":false,"path_per_floor":["M","M","?","M","?","E","M","?","T","T","E"],"character_chosen":"THE_SILENT","items_purchased":[],"campfire_rested":0,"item_purchase_floors":[],"current_hp_per_floor":[63,63,63,63,68,4,4,4,4,4,0],"gold":182,"neow_bonus":"THREE_ENEMY_KILL","is_prod":false,"is_daily":false,"chose_seed":false,"campfire_upgraded":0,"win_rate":0,"timestamp":1548891260,"path_taken":["M","?","?","M","?","E","M","?","T","?","E"],"build_version":"2019-01-23","purchased_purges":0,"victory":false,"max_hp_per_floor":[70,70,70,70,75,75,75,75,75,75,75],"card_choices":[{"not_picked":["Calculated Gamble","Expertise"],"picked":"Blur","floor":1},{"not_picked":["Catalyst","PiercingWail"],"picked":"Cloak And Dagger","floor":2},{"not_picked":["Distraction","Bane"],"picked":"Escape Plan","floor":4},{"not_picked":["Outmaneuver","Setup"],"picked":"PiercingWail","floor":6},{"not_picked":["Bane","Prepared","Poisoned Stab"],"picked":"SKIP","floor":7}],"player_experience":806840,"relics_obtained":[{"floor":6,"key":"Omamori"},{"floor":9,"key":"Tiny Chest"},{"floor":10,"key":"Whetstone"}],"event_choices":[{"cards_removed":["Strike_G"],"damage_healed":0,"gold_gain":0,"player_choice":"Forget","damage_taken":0,"max_hp_gain":0,"max_hp_loss":0,"event_name":"Living Wall","floor":3,"gold_loss":0},{"damage_healed":0,"gold_gain":0,"player_choice":"Donut","damage_taken":0,"max_hp_gain":5,"max_hp_loss":0,"event_name":"Big Fish","floor":5,"gold_loss":0},{"damage_healed":0,"gold_gain":0,"player_choice":"Left Gold","damage_taken":0,"max_hp_gain":0,"max_hp_loss":0,"event_name":"World of Goop","floor":8,"gold_loss":44}],"is_beta":false,"boss_relics":[],"items_purged_floors":[],"is_endless":false,"potions_floor_spawned":[1],"killed_by":"Lagavulin","ascension_level":13}