{"gold_per_floor":[119,129,145,74,24,58,35,35,80,99,99,24,24,57,57,162,162,179,199,213,231,71,71],"floor_reached":23,"playtime":1878,"items_purged":["Strike_G"],"score":241,"play_id":"ac00c94a-be22-4668-b67c-54608bd2e4d8","local_time":"20190310221939","is_ascension_mode":true,"campfire_choices":[{"data":"Sucker Punch","floor":8,"key":"SMITH"},{"floor":13,"key":"REST"},{"data":"Poisoned Stab","floor":15,"key":"SMITH"}],"neow_cost":"NONE","seed_source_timestamp":1928236671633295,"circlet_count":0,"master_deck":["Defend_G","Defend_G","Defend_G+1","Defend_G","Defend_G","Strike_G","Strike_G+1","Strike_G","Survivor","Neutralize","Poisoned Stab+1","Outmaneuver","Heel Hook","Backstab","Sucker Punch+1","Quick Slash","Poisoned Stab","After Image","Well Laid Plans+1","Cloak And Dagger+1","Backflip","Blade Dance","Corpse Explosion","Crippling Poison"],"relics":["Ring of the Snake","Pen Nib","Bag of Preparation","Orichalcum","Tingsha","Black Star"],"potions_floor_usage":[6,6,14,19,20,23],"damage_taken":[{"damage":0,"enemies":"2 Louse","floor":1,"turns":3},{"damage":2,"enemies":"Jaw Worm","floor":2,"turns":3},{"damage":7,"enemies":"Small Slimes","floor":3,"turns":3},{"damage":12,"enemies":"Gremlin Nob","floor":6,"turns":4},{"damage":1,"enemies":"2 Fungi Beasts","floor":10,"turns":3},{"damage":4,"enemies":"Lagavulin","floor":14,"turns":5},{"damage":16,"enemies":"Slime Boss","floor":16,"turns":9},{"damage":15,"enemies":"2 Thieves","floor":18,"turns":4},{"damage":4,"enemies":"Shell Parasite","floor":19,"turns":4},{"damage":12,"enemies":"Shelled Parasite and Fungi","floor":20,"turns":6},{"damage":7,"enemies":"Snake Plant","floor":21,"turns":4},{"damage":35,"enemies":"Book of Stabbing","floor":23,"turns":7}],"seed_played":"5013478820518396613","potions_obtained":[{"floor":2,"key":"Weak Potion"},{"floor":3,"key":"Poison Potion"},{"floor":6,"key":"Strength Potion"},{"floor":18,"key":"PowerPotion"},{"floor":19,"key":"SteroidPotion"},{"floor":21,"key":"Block Potion"}],"is_trial":false,"path_per_floor":["M","M","M","$","?","E","$","R","T","M","?","$","R","E","R","B",null,"M","M","M","M","$","E"],"character_chosen":"THE_SILENT","items_purchased":["Backstab","Quick Slash","Corpse Explosion","Crippling Poison"],"campfire_rested":1,"item_purchase_floors":[4,7,22,22],"current_hp_per_floor":[70,68,61,61,61,49,49,49,49,48,34,34,55,51,51,35,70,55,51,39,32,32,0],"gold":71,"neow_bonus":"RANDOM_COMMON_RELIC","is_prod":false,"is_daily":false,"chose_seed":false,"campfire_upgraded":2,"win_rate":0,"timestamp":1552245579,"path_taken":["M","M","M","$","?","E","?","R","T","M","?","?","R","E","R","BOSS","M","M","M","M","$","E"],"build_version":"2019-01-23","purchased_purges":1,"victory":false,"max_hp_per_floor":[70,70,70,70,70,70,70,70,70,70,70,70,70,70,70,70,70,70,70,70,70,70,70],"card_choices":[{"not_picked":["Dodge and Roll","PiercingWail"],"picked":"Poisoned Stab","floor":1},{"not_picked":["Riddle With Holes","Dodge and Roll"],"picked":"Outmaneuver","floor":2},{"not_picked":["Finisher","Quick Slash"],"picked":"Heel Hook","floor":3},{"not_picked":["Backflip","Prepared"],"picked":"Sucker Punch","floor":6},{"not_picked":["Acrobatics","Distraction","Outmaneuver"],"picked":"SKIP","floor":10},{"not_picked":["Accuracy","Wraith Form v2"],"picked":"Poisoned Stab","floor":14},{"not_picked":["Malaise","Grand Finale"],"picked":"After Image","floor":16},{"not_picked":["Noxious Fumes","Dodge and Roll"],"picked":"Well Laid Plans+1","floor":18},{"not_picked":["Choke","Calculated Gamble"],"picked":"Cloak And Dagger+1","floor":19},{"not_picked":["Expertise","Underhanded Strike+1"],"picked":"Backflip","floor":20},{"not_picked":["Flying Knee","Calculated Gamble"],"picked":"Blade Dance","floor":21}],"player_experience":293766,"relics_obtained":[{"floor":6,"key":"Bag of Preparation"},{"floor":9,"key":"Orichalcum"},{"floor":14,"key":"Tingsha"}],"event_choices":[{"cards_removed":["Strike_G"],"damage_healed":0,"gold_gain":0,"player_choice":"Card Removal","damage_taken":0,"max_hp_gain":0,"max_hp_loss":0,"event_name":"The Cleric","floor":5,"gold_loss":50},{"damage_healed":0,"gold_gain":0,"player_choice":"Entered Light","damage_taken":14,"max_hp_gain":0,"max_hp_loss":0,"event_name":"Shining Light","floor":11,"gold_loss":0,"cards_upgraded":["Strike_G","Defend_G"]}],"is_beta":false,"boss_relics":[{"not_picked":["Runic Dome","WristBlade"],"picked":"Black Star"}],"items_purged_floors":[12],"is_endless":false,"potions_floor_spawned":[2,3,6,18,19,21],"killed_by":"Book of Stabbing","ascension_level":4}