{"gold_per_floor":[112,127,144,157,170,170,197,222,222,222,232,265,23,40,40,139,139,150,6,26,26,26,39,39,39,64,64,80,137,137,185,185,281,281,300,46,66,83,95,95,124,124,124,153,165,40,70,70,70,70,70,70,2,32,32],"floor_reached":55,"playtime":4256,"items_purged":["Defend_B","Streamline","Rebound"],"score":1131,"play_id":"accbc515-d4f7-42ab-a366-464ca57a0b93","local_time":"20190607181803","is_ascension_mode":true,"campfire_choices":[{"data":"Gash","floor":6.0,"key":"SMITH"},{"floor":10.0,"key":"REST"},{"floor":15.0,"key":"REST"},{"data":"Secret Weapon","floor":24.0,"key":"SMITH"},{"floor":27.0,"key":"REST"},{"data":"Go for the Eyes","floor":30.0,"key":"SMITH"},{"data":"Beam Cell","floor":32.0,"key":"SMITH"},{"floor":40.0,"key":"REST"},{"floor":42.0,"key":"REST"},{"floor":49,"key":"RECALL"},{"floor":52,"key":"REST"}],"neow_cost":"TEN_PERCENT_HP_LOSS","seed_source_timestamp":0,"circlet_count":0,"master_deck":["Strike_B+1","Strike_B+1","Strike_B+1","Strike_B+1","Defend_B+1","Defend_B+1","Defend_B+1","Secret Weapon+1","Impatience","Auto Shields","Gash+1","Go for the Eyes","Scrape","Double Energy","Leap","White Noise","Beam Cell+1","FTL","Glacier","Core Surge","Reprogram","Scrape+1","Beam Cell+1","Go for the Eyes+1","Conserve Battery+1","Rip and Tear+1","All For One","Hologram","Hologram+1","Sunder","Hyperbeam","White Noise+1","Recycle+1","Hologram","Scrape+1","Steam+1"],"special_seed":0,"relics":["Cracked Core","Emotion Chip","Dream Catcher","Kunai","Regal Pillow","Bag of Preparation","Empty Cage","Lantern","Tiny Chest","Happy Flower","Fusion Hammer","Bronze Scales","Art of War","Meat on the Bone","Letter Opener","Vajra","Whetstone"],"potions_floor_usage":[50,54,55],"damage_taken":[{"damage":0.0,"enemies":"Cultist","floor":1.0,"turns":3.0},{"damage":3.0,"enemies":"2 Louse","floor":2.0,"turns":3.0},{"damage":0.0,"enemies":"Small Slimes","floor":3.0,"turns":3.0},{"damage":16.0,"enemies":"Blue Slaver","floor":4.0,"turns":4.0},{"damage":9.0,"enemies":"3 Louse","floor":5.0,"turns":3.0},{"damage":22.0,"enemies":"Lagavulin","floor":7.0,"turns":8.0},{"damage":0.0,"enemies":"Red Slaver","floor":11.0,"turns":3.0},{"damage":12.0,"enemies":"Gremlin Nob","floor":12.0,"turns":3.0},{"damage":0.0,"enemies":"Blue Slaver","floor":14.0,"turns":2.0},{"damage":16.0,"enemies":"Slime Boss","floor":16.0,"turns":13.0},{"damage":11.0,"enemies":"3 Byrds","floor":18.0,"turns":6.0},{"damage":9.0,"enemies":"Shell Parasite","floor":20.0,"turns":4.0},{"damage":18.0,"enemies":"Snake Plant","floor":23.0,"turns":3.0},{"damage":7.0,"enemies":"Shelled Parasite and Fungi","floor":28.0,"turns":6.0},{"damage":4.0,"enemies":"Slavers","floor":29.0,"turns":10.0},{"damage":24.0,"enemies":"Champ","floor":33.0,"turns":11.0},{"damage":20.0,"enemies":"3 Shapes","floor":35.0,"turns":4.0},{"damage":2.0,"enemies":"Orb Walker","floor":37.0,"turns":3.0},{"damage":1.0,"enemies":"Spire Growth","floor":38.0,"turns":4.0},{"damage":16.0,"enemies":"Maw","floor":39.0,"turns":7.0},{"damage":20.0,"enemies":"Giant Head","floor":41.0,"turns":7.0},{"damage":20,"enemies":"Reptomancer","floor":44,"turns":5},{"damage":0,"enemies":"Jaw Worm Horde","floor":45,"turns":1},{"damage":25,"enemies":"Nemesis","floor":47,"turns":5},{"damage":33,"enemies":"Awakened One","floor":50,"turns":11},{"damage":56,"enemies":"Shield and Spear","floor":54,"turns":7},{"damage":73,"enemies":"The Heart","floor":55,"turns":3}],"seed_played":"3855043310587491838","potions_obtained":[{"floor":2.0,"key":"Ancient Potion"},{"floor":3.0,"key":"FearPotion"},{"floor":5.0,"key":"Weak Potion"},{"floor":7.0,"key":"Poison Potion"},{"floor":14.0,"key":"Block Potion"},{"floor":18.0,"key":"AttackPotion"},{"floor":29.0,"key":"Energy Potion"},{"floor":35.0,"key":"SkillPotion"},{"floor":39.0,"key":"SpeedPotion"},{"floor":45,"key":"AttackPotion"},{"floor":47,"key":"Fire Potion"},{"floor":54,"key":"Block Potion"}],"is_trial":false,"path_per_floor":["M","M","M","M","M","R","E","T","T","R","M","E","$","M","R","B",null,"M","$","M","$","?","M","R","?","T","R","M","E","R","T","R","B",null,"M","$","M","M","M","R","E","R","T","E","M","$","E","?","R","B",null,"R","$","E","B"],"character_chosen":"DEFECT","items_purchased":["Beam Cell","Bag of Preparation","Reprogram","Scrape","Bronze Scales","Scrape"],"campfire_rested":6,"item_purchase_floors":[13,13,19,19,36,53],"current_hp_per_floor":[68,65,65,49,40,40,18,18,18,38,38,26,26,26,61,45,68,57,57,48,48,48,30,30,18,18,54,47,43,43,43,43,19,73,53,53,51,50,34,70,50,73,73,53,53,53,40,40,40,19,73,73,73,29,0],"gold":32,"neow_bonus":"RANDOM_COLORLESS_2","is_prod":false,"is_daily":false,"chose_seed":false,"campfire_upgraded":4,"win_rate":0,"timestamp":1559956683,"path_taken":["M","M","M","M","M","R","E","?","T","R","?","E","$","M","R","BOSS","M","$","M","$","?","M","R","?","T","R","M","E","R","?","R","BOSS","M","$","M","M","M","R","E","R","T","E","M","$","E","?","R","BOSS","R","$","E","BOSS"],"build_version":"2019-01-23","purchased_purges":3,"victory":false,"max_hp_per_floor":[68,68,68,68,68,68,68,68,68,68,68,68,68,68,68,68,68,68,68,68,68,68,68,68,73,73,73,73,73,73,73,73,73,73,73,73,73,73,73,73,73,73,73,73,73,73,73,73,73,73,73,73,73,73,73],"card_choices":[{"not_picked":["Glacier","Cold Snap"],"picked":"Auto Shields","floor":1.0},{"not_picked":["White Noise","Streamline"],"picked":"Gash","floor":2.0},{"not_picked":["Cold Snap","Stack","Consume"],"picked":"SKIP","floor":3.0},{"not_picked":["Redo","Stack"],"picked":"Go for the Eyes","floor":4.0},{"not_picked":["Self Repair","Conserve Battery"],"picked":"Scrape","floor":5.0},{"not_picked":["Chill","Turbo"],"picked":"Double Energy","floor":7.0},{"not_picked":["Steam","Melter"],"picked":"Leap","floor":10.0},{"not_picked":["Ball Lightning","Stack"],"picked":"Rebound","floor":11.0},{"not_picked":["Heatsinks","Electrodynamics"],"picked":"White Noise","floor":12.0},{"not_picked":["Undo","Coolheaded"],"picked":"FTL","floor":14.0},{"not_picked":["Redo","Capacitor"],"picked":"Glacier","floor":15.0},{"not_picked":["Meteor Strike","Multi-Cast"],"picked":"Core Surge","floor":16.0},{"not_picked":["Leap+1","Cold Snap+1"],"picked":"Streamline","floor":18.0},{"not_picked":["Auto Shields","Darkness"],"picked":"Beam Cell+1","floor":20.0},{"not_picked":["Melter+1","Consume","Streamline"],"picked":"SKIP","floor":23.0},{"not_picked":["Steam","Conserve Battery"],"picked":"Go for the Eyes","floor":27.0},{"not_picked":["Steam","Beam Cell"],"picked":"Conserve Battery+1","floor":28.0},{"not_picked":["Sweeping Beam","Conserve Battery+1"],"picked":"Rip and Tear+1","floor":29.0},{"not_picked":["Buffer","Echo Form"],"picked":"All For One","floor":33.0},{"not_picked":["Compile Driver","Undo+1","Coolheaded+1"],"picked":"SKIP","floor":35.0},{"not_picked":["Sweeping Beam","Compile Driver"],"picked":"Hologram","floor":37.0},{"not_picked":["Sweeping Beam+1","Ball Lightning"],"picked":"Hologram+1","floor":38.0},{"not_picked":["Rebound+1","Rip and Tear","Tempest+1"],"picked":"SKIP","floor":39.0},{"not_picked":["Turbo","Coolheaded"],"picked":"Sunder","floor":40.0},{"not_picked":["Streamline+1","Rip and Tear"],"picked":"Hyperbeam","floor":41.0},{"not_picked":["Go for the Eyes","Turbo+1"],"picked":"White Noise+1","floor":42.0},{"not_picked":["Doom and Gloom+1","Rebound"],"picked":"Recycle+1","floor":44},{"not_picked":["Reinforced Body+1","Scrape","Redo"],"picked":"SKIP","floor":45},{"not_picked":["Heatsinks","Leap","Tempest+1"],"picked":"SKIP","floor":47},{"not_picked":["Turbo","Barrage+1"],"picked":"Hologram","floor":52},{"not_picked":["Conserve Battery","Static Discharge"],"picked":"Steam+1","floor":54}],"player_experience":525672,"relics_obtained":[{"floor":7.0,"key":"Emotion Chip"},{"floor":8.0,"key":"Dream Catcher"},{"floor":9.0,"key":"Kunai"},{"floor":12.0,"key":"Regal Pillow"},{"floor":26.0,"key":"Lantern"},{"floor":29.0,"key":"Tiny Chest"},{"floor":31.0,"key":"Happy Flower"},{"floor":41.0,"key":"Art of War"},{"floor":44,"key":"Meat on the Bone"},{"floor":47,"key":"Letter Opener"},{"floor":54,"key":"Whetstone"}],"event_choices":[{"damage_healed":0.0,"max_hp_gain":0.0,"max_hp_loss":0.0,"gold_gain":0.0,"event_name":"Back to Basics","player_choice":"Simplicity","floor":22.0,"gold_loss":0.0,"damage_taken":0.0,"cards_upgraded":["Strike_B","Strike_B","Strike_B","Strike_B","Defend_B","Defend_B","Defend_B"]},{"damage_healed":0.0,"max_hp_gain":5.0,"max_hp_loss":0.0,"gold_gain":0.0,"event_name":"Forgotten Altar","player_choice":"Shed Blood","floor":25.0,"gold_loss":0.0,"damage_taken":17.0},{"damage_healed":0,"gold_gain":0,"player_choice":"Gave Potion","damage_taken":0,"relics_obtained":["Vajra"],"max_hp_gain":0,"max_hp_loss":0,"event_name":"WeMeetAgain","floor":48,"gold_loss":0}],"is_beta":false,"boss_relics":[{"not_picked":["Calling Bell","Tiny House"],"picked":"Empty Cage"},{"not_picked":["Snecko Eye","Runic Dome"],"picked":"Fusion Hammer"}],"items_purged_floors":[13,36,46],"is_endless":false,"potions_floor_spawned":[2,3,5,7,14,18,23,29,35,39,45,47,54],"killed_by":"The Heart","ascension_level":3}