{"gold_per_floor":[110,110,110,110,121,121,149,149,149,178,353,364,364,27,27,100,100,113,79,11,11,28,28,38,38,113,113,93,93,106,119,119,119],"floor_reached":33,"playtime":4175,"items_purged":[],"score":430,"play_id":"051b5fc9-9ee1-4445-8969-b43f15e811bf","local_time":"20190331144152","is_ascension_mode":true,"campfire_choices":[{"data":"Neutralize","floor":6.0,"key":"SMITH"},{"floor":8.0,"key":"REST"},{"floor":13.0,"key":"REST"},{"floor":15.0,"key":"REST"},{"floor":23,"key":"REST"},{"data":"1","floor":25,"key":"LIFT"},{"data":"2","floor":27,"key":"LIFT"},{"data":"3","floor":29,"key":"LIFT"},{"data":"After Image","floor":32,"key":"SMITH"}],"neow_cost":"NONE","seed_source_timestamp":709340716994800,"circlet_count":0,"master_deck":["AscendersBane","Defend_G","Defend_G","Defend_G+1","Defend_G","Defend_G+1","Strike_G","Strike_G","Strike_G","Strike_G","Survivor","Neutralize+1","Acrobatics","Dash","Leg Sweep","Backflip","Cloak And Dagger","After Image+1","Footwork","Bouncing Flask+1","Crippling Poison","Bouncing Flask"],"special_seed":0,"relics":["Ring of the Snake","Oddly Smooth Stone","Letter Opener","Omamori","Gremlin Horn","Girya","Anchor","Lantern","Cursed Key","Darkstone Periapt"],"potions_floor_usage":[22,33,33],"damage_taken":[{"damage":0.0,"enemies":"Jaw Worm","floor":1.0,"turns":6.0},{"damage":0.0,"enemies":"2 Louse","floor":5.0,"turns":5.0},{"damage":12.0,"enemies":"3 Sentries","floor":7.0,"turns":14.0},{"damage":24.0,"enemies":"Gremlin Nob","floor":10.0,"turns":6.0},{"damage":0.0,"enemies":"Cultist","floor":12.0,"turns":4.0},{"damage":48.0,"enemies":"The Guardian","floor":16.0,"turns":25.0},{"damage":17.0,"enemies":"Chosen","floor":18.0,"turns":11.0},{"damage":0.0,"enemies":"2 Thieves","floor":19.0,"turns":5.0},{"damage":1,"enemies":"Centurion and Healer","floor":22,"turns":12},{"damage":0,"enemies":"Snecko","floor":24,"turns":10},{"damage":4,"enemies":"Cultist and Chosen","floor":30,"turns":7},{"damage":0,"enemies":"Shelled Parasite and Fungi","floor":31,"turns":8},{"damage":55,"enemies":"Collector","floor":33,"turns":12}],"seed_played":"-4288561147793863252","potions_obtained":[{"floor":7.0,"key":"Energy Potion"},{"floor":10.0,"key":"Strength Potion"},{"floor":19.0,"key":"GhostInAJar"},{"floor":28,"key":"GhostInAJar"}],"is_trial":false,"path_per_floor":["M","?","T","?","M","R","E","R","T","E","?","M","R","$","R","B",null,"M","M","$","?","M","R","M","R","T","R","?","R","M","M","R","B"],"character_chosen":"THE_SILENT","items_purchased":["Anchor","Lantern","Cloak And Dagger","Footwork"],"campfire_rested":4,"item_purchase_floors":[14,14,14,20],"current_hp_per_floor":[59,46,46,46,46,46,34,53,53,29,29,29,48,48,66,18,54,37,37,37,37,36,55,55,55,55,55,55,55,51,51,51,0],"gold":119,"neow_bonus":"RANDOM_COMMON_RELIC","is_prod":false,"is_daily":false,"chose_seed":false,"campfire_upgraded":2,"win_rate":0,"timestamp":1554057712,"path_taken":["M","?","?","?","?","R","E","R","T","E","?","M","R","$","R","BOSS","M","M","$","?","?","R","M","R","T","R","?","R","M","M","R","BOSS"],"build_version":"2019-01-23","purchased_purges":0,"victory":false,"max_hp_per_floor":[66,66,66,66,66,66,66,66,66,66,66,66,66,66,66,66,66,66,66,66,66,66,66,66,66,66,66,66,66,66,66,66,66],"card_choices":[{"not_picked":["Deflect","Catalyst"],"picked":"Acrobatics","floor":1.0},{"not_picked":["Quick Slash","Slice"],"picked":"Dash","floor":5.0},{"not_picked":["Bane","Poisoned Stab"],"picked":"Leg Sweep","floor":7.0},{"not_picked":["Slice","Poisoned Stab","Tactician"],"picked":"SKIP","floor":10.0},{"not_picked":["Deadly Poison","Dodge and Roll"],"picked":"Backflip","floor":12.0},{"not_picked":["Night Terror","Doppelganger"],"picked":"After Image","floor":16.0},{"not_picked":["Acrobatics","Sucker Punch","Finisher"],"picked":"SKIP","floor":18.0},{"not_picked":["Sucker Punch+1","Prepared","Slice"],"picked":"SKIP","floor":19.0},{"not_picked":["Reflex","Accuracy","Expertise+1"],"picked":"SKIP","floor":22},{"not_picked":["Acrobatics","Outmaneuver"],"picked":"Bouncing Flask+1","floor":24},{"not_picked":["Infinite Blades","Dagger Spray"],"picked":"Crippling Poison","floor":30},{"not_picked":["Skewer+1","Heel Hook+1"],"picked":"Bouncing Flask","floor":31}],"player_experience":983304,"relics_obtained":[{"floor":3.0,"key":"Letter Opener"},{"floor":7.0,"key":"Omamori"},{"floor":9.0,"key":"Gremlin Horn"},{"floor":10.0,"key":"Girya"},{"floor":26,"key":"Darkstone Periapt"}],"event_choices":[{"damage_healed":0.0,"max_hp_gain":0.0,"max_hp_loss":0.0,"gold_gain":0.0,"event_name":"Shining Light","player_choice":"Entered Light","floor":2.0,"gold_loss":0.0,"damage_taken":13.0,"cards_upgraded":["Defend_G","Defend_G"]},{"cards_removed":["Strike_G"],"damage_healed":0.0,"max_hp_gain":0.0,"max_hp_loss":0.0,"gold_gain":0.0,"event_name":"Wheel of Change","player_choice":"Card Removal","floor":4.0,"gold_loss":0.0,"damage_taken":0.0},{"damage_healed":0.0,"max_hp_gain":0.0,"max_hp_loss":0.0,"gold_gain":175.0,"event_name":"Liars Game","player_choice":"AGREE","floor":11.0,"gold_loss":0.0,"damage_taken":0.0,"cards_obtained":["Doubt"]},{"damage_healed":0.0,"max_hp_gain":0.0,"max_hp_loss":0.0,"gold_gain":0.0,"event_name":"Lab","player_choice":"Got Potions","floor":21.0,"gold_loss":0.0,"damage_taken":0.0},{"damage_healed":0,"gold_gain":0,"player_choice":"Bought 1 Potion","damage_taken":0,"max_hp_gain":0,"max_hp_loss":0,"event_name":"The Woman in Blue","floor":28,"gold_loss":0}],"is_beta":false,"boss_relics":[{"not_picked":["WristBlade","Pandora\u0027s Box"],"picked":"Cursed Key"}],"items_purged_floors":[],"is_endless":false,"potions_floor_spawned":[7,10,19,31],"killed_by":"Collector","ascension_level":14}