{"gold_per_floor":[113,113,131,43,43,74,91,151,151,151,151,162,162,179,179,283,283,303,135,235,254,267,267,297,297,366,366,401,401,20,20,20,20],"floor_reached":33,"playtime":1872,"items_purged":["Clothesline","Feed"],"score":490,"play_id":"7c79a0eb-6558-46a4-b5d9-4532338ca59e","local_time":"20190422112138","is_ascension_mode":true,"campfire_choices":[{"data":"True Grit","floor":10.0,"key":"SMITH"},{"data":"Perfected Strike","floor":13.0,"key":"SMITH"},{"data":"Perfected Strike","floor":15.0,"key":"SMITH"},{"floor":23.0,"key":"REST"},{"floor":25.0,"key":"REST"},{"floor":29,"key":"REST"},{"floor":32,"key":"REST"}],"neow_cost":"NONE","seed_source_timestamp":132552165052000,"circlet_count":0,"master_deck":["AscendersBane","Strike_R+1","Strike_R","Strike_R","Strike_R","Strike_R+1","Defend_R","Defend_R","Defend_R+1","Bash","Perfected Strike+1","Spot Weakness","Perfected Strike+1","True Grit+1","Ghostly Armor","Pommel Strike","Perfected Strike+1","Headbutt","Impatience","Shrug It Off+1","Dual Wield","Decay"],"special_seed":0,"relics":["Burning Blood","NeowsBlessing","Matryoshka","Tiny Chest","Oddly Smooth Stone","Blue Candle","Black Star","Juzu Bracelet","Darkstone Periapt","Happy Flower","The Courier","Singing Bowl","Centennial Puzzle","Orichalcum","Whetstone"],"potions_floor_usage":[28,33],"damage_taken":[{"damage":0.0,"enemies":"Cultist","floor":1.0,"turns":1.0},{"damage":0.0,"enemies":"Small Slimes","floor":3.0,"turns":1.0},{"damage":0.0,"enemies":"Gremlin Nob","floor":6.0,"turns":1.0},{"damage":12.0,"enemies":"Jaw Worm","floor":7.0,"turns":2.0},{"damage":36.0,"enemies":"Lagavulin","floor":8.0,"turns":7.0},{"damage":10.0,"enemies":"Red Slaver","floor":12.0,"turns":6.0},{"damage":9.0,"enemies":"2 Fungi Beasts","floor":14.0,"turns":3.0},{"damage":36.0,"enemies":"Slime Boss","floor":16.0,"turns":7.0},{"damage":4.0,"enemies":"Chosen","floor":18.0,"turns":4.0},{"damage":17.0,"enemies":"Shell Parasite","floor":21.0,"turns":4.0},{"damage":30.0,"enemies":"Cultist and Chosen","floor":22.0,"turns":6.0},{"damage":45.0,"enemies":"Book of Stabbing","floor":24.0,"turns":5.0},{"damage":67,"enemies":"Gremlin Leader","floor":28,"turns":6},{"damage":74,"enemies":"Automaton","floor":33,"turns":6}],"seed_played":"-7199057626928609733","potions_obtained":[{"floor":3.0,"key":"GamblersBrew"},{"floor":7.0,"key":"SpeedPotion"},{"floor":11.0,"key":"BloodPotion"},{"floor":11.0,"key":"Swift Potion"},{"floor":14.0,"key":"FearPotion"},{"floor":21.0,"key":"Weak Potion"},{"floor":22.0,"key":"Poison Potion"},{"floor":24.0,"key":"SneckoOil"},{"floor":28,"key":"FearPotion"}],"is_trial":false,"path_per_floor":["M","?","M","$","?","E","M","E","T","R","?","M","R","M","R","B",null,"M","$","?","M","M","R","E","R","T","?","E","R","$","?","R","B"],"character_chosen":"IRONCLAD","items_purchased":["Spot Weakness","Perfected Strike","Impatience","Dual Wield","Orichalcum","Whetstone"],"campfire_rested":4,"item_purchase_floors":[4,4,19,30,30,30],"current_hp_per_floor":[78,62,68,68,68,74,68,38,38,38,38,42,42,39,39,9,62,64,64,64,53,32,56,17,41,41,68,9,34,34,40,67,0],"gold":20,"neow_bonus":"THREE_ENEMY_KILL","is_prod":false,"is_daily":false,"chose_seed":false,"campfire_upgraded":3,"win_rate":0,"timestamp":1555946498,"path_taken":["M","?","M","$","?","E","?","E","T","R","?","?","R","M","R","BOSS","M","$","?","M","?","R","E","R","T","?","E","R","?","?","R","BOSS"],"build_version":"2019-01-23","purchased_purges":2,"victory":false,"max_hp_per_floor":[80,80,80,80,80,80,80,80,80,80,80,80,80,80,80,80,80,80,80,80,80,83,83,83,83,83,83,85,85,85,91,91,91],"card_choices":[{"not_picked":["Anger","Headbutt"],"picked":"Perfected Strike","floor":1.0},{"not_picked":["Anger","Iron Wave"],"picked":"Clothesline","floor":3.0},{"not_picked":["Iron Wave","Body Slam"],"picked":"True Grit","floor":6.0},{"not_picked":["Searing Blow","Hemokinesis"],"picked":"Ghostly Armor","floor":7.0},{"not_picked":["Twin Strike","Havoc"],"picked":"Feed","floor":8.0},{"not_picked":["Bloodletting","Iron Wave"],"picked":"Pommel Strike","floor":12.0},{"not_picked":["Sword Boomerang","Thunderclap"],"picked":"Perfected Strike","floor":14.0},{"not_picked":["Thunderclap","Body Slam+1"],"picked":"Headbutt","floor":18.0},{"not_picked":["Sever Soul","Wild Strike"],"picked":"Shrug It Off+1","floor":21.0},{"not_picked":["Entrench","Carnage","Sentinel"],"picked":"SKIP","floor":22.0},{"not_picked":["Armaments+1","Thunderclap+1","Combust"],"picked":"SKIP","floor":24.0},{"not_picked":["Hemokinesis+1","Sever Soul","Thunderclap+1"],"picked":"Singing Bowl","floor":28}],"player_experience":374034,"relics_obtained":[{"floor":6.0,"key":"Matryoshka"},{"floor":8.0,"key":"Tiny Chest"},{"floor":9.0,"key":"Oddly Smooth Stone"},{"floor":9.0,"key":"Blue Candle"},{"floor":24.0,"key":"Juzu Bracelet"},{"floor":24.0,"key":"Darkstone Periapt"},{"floor":26.0,"key":"Happy Flower"},{"floor":26.0,"key":"The Courier"},{"floor":28,"key":"Singing Bowl"},{"floor":28,"key":"Centennial Puzzle"}],"event_choices":[{"damage_healed":0.0,"max_hp_gain":0.0,"max_hp_loss":0.0,"gold_gain":0.0,"event_name":"Shining Light","player_choice":"Entered Light","floor":2.0,"gold_loss":0.0,"damage_taken":16.0,"cards_upgraded":["Defend_R","Strike_R"]},{"cards_removed":["Defend_R"],"damage_healed":0.0,"max_hp_gain":0.0,"max_hp_loss":0.0,"gold_gain":0.0,"event_name":"Bonfire Elementals","player_choice":"Offered Basic","floor":5.0,"gold_loss":0.0,"damage_taken":0.0},{"damage_healed":0.0,"max_hp_gain":0.0,"max_hp_loss":0.0,"gold_gain":0.0,"event_name":"Lab","player_choice":"Got Potions","floor":11.0,"gold_loss":0.0,"damage_taken":0.0},{"damage_healed":0.0,"max_hp_gain":0.0,"max_hp_loss":0.0,"gold_gain":100.0,"event_name":"Golden Shrine","player_choice":"Pray","floor":20.0,"gold_loss":0.0,"damage_taken":0.0},{"damage_healed":27.0,"max_hp_gain":0.0,"max_hp_loss":0.0,"gold_gain":0.0,"event_name":"The Library","player_choice":"Heal","floor":27.0,"gold_loss":0.0,"damage_taken":0.0},{"damage_healed":0,"gold_gain":0,"player_choice":"Smashed Altar","damage_taken":0,"max_hp_gain":0,"max_hp_loss":0,"event_name":"Forgotten Altar","floor":31,"gold_loss":0,"cards_obtained":["Decay"]}],"is_beta":false,"boss_relics":[{"not_picked":["Lizard Tail","Fusion Hammer"],"picked":"Black Star"}],"items_purged_floors":[19,30],"is_endless":false,"potions_floor_spawned":[3,7,14,21,22,24,28],"killed_by":"Automaton","ascension_level":11}