{"gold_per_floor":[116,41,41,51,51,80,5,5,81,95,111,123,141,141],"floor_reached":14,"playtime":362,"items_purged":["Strike_B"],"score":117,"play_id":"a3685edf-5e1b-4ba7-a5f4-f05bd17ac555","local_time":"20181229150808","is_ascension_mode":false,"campfire_choices":[{"data":"Capacitor","floor":8,"key":"SMITH"}],"neow_cost":"NONE","seed_source_timestamp":586138547983710,"circlet_count":0,"master_deck":["Strike_B","Strike_B","Strike_B","Defend_B","Defend_B","Defend_B","Defend_B","Zap","Dualcast","White Noise","Loop","Loop","Capacitor+1","Loop","Lockon"],"relics":["Cracked Core","NeowsBlessing","Pen Nib","Boot","Ornamental Fan"],"potions_floor_usage":[14,14],"damage_taken":[{"damage":0,"enemies":"Cultist","floor":1,"turns":1},{"damage":0,"enemies":"Jaw Worm","floor":4,"turns":1},{"damage":0,"enemies":"Lagavulin","floor":6,"turns":1},{"damage":14,"enemies":"2 Louse","floor":10,"turns":3},{"damage":17,"enemies":"Looter","floor":11,"turns":4},{"damage":9,"enemies":"3 Louse","floor":12,"turns":4},{"damage":26,"enemies":"Lots of Slimes","floor":13,"turns":4},{"damage":16,"enemies":"2 Fungi Beasts","floor":14,"turns":3}],"seed_played":"4106652536666559411","potions_obtained":[{"floor":1,"key":"AttackPotion"},{"floor":10,"key":"GamblersBrew"},{"floor":13,"key":"Strength Potion"}],"is_trial":false,"path_per_floor":["M","$","?","M","$","E","$","R","T","M","M","M","M","M"],"character_chosen":"DEFECT","items_purchased":["Capacitor"],"campfire_rested":0,"item_purchase_floors":[7],"current_hp_per_floor":[75,75,75,75,75,75,75,75,75,61,44,35,9,0],"gold":141,"neow_bonus":"THREE_ENEMY_KILL","is_prod":false,"is_daily":false,"chose_seed":false,"campfire_upgraded":1,"win_rate":0.0,"timestamp":1546124888,"path_taken":["M","$","?","?","?","E","$","R","T","M","M","M","M","M"],"build_version":"2018-12-20","purchased_purges":1,"victory":false,"max_hp_per_floor":[75,75,75,75,75,75,75,75,75,75,75,75,75,75],"card_choices":[{"not_picked":["Darkness","Leap"],"picked":"White Noise","floor":1},{"not_picked":["Static Discharge","Cold Snap"],"picked":"Loop","floor":4},{"not_picked":["Lockon","Compile Driver"],"picked":"Loop","floor":6},{"not_picked":["Streamline","Sweeping Beam"],"picked":"Loop","floor":10},{"not_picked":["Sweeping Beam","Conserve Battery","Steam"],"picked":"SKIP","floor":11},{"not_picked":["Lockon","Sunder","White Noise"],"picked":"SKIP","floor":12},{"not_picked":["Sunder","White Noise"],"picked":"Lockon","floor":12},{"not_picked":["Gash","Sweeping Beam","Turbo"],"picked":"SKIP","floor":13}],"player_experience":280613,"relics_obtained":[{"floor":6,"key":"Boot"},{"floor":9,"key":"Ornamental Fan"}],"event_choices":[{"damage_healed":0,"gold_gain":0,"player_choice":"Gave Potion","damage_taken":0,"relics_obtained":["Pen Nib"],"max_hp_gain":0,"max_hp_loss":0,"event_name":"WeMeetAgain","floor":3,"gold_loss":0}],"is_beta":false,"boss_relics":[],"items_purged_floors":[2],"is_endless":false,"potions_floor_spawned":[1,10,13],"killed_by":"2 Fungi Beasts","ascension_level":0}