{"gold_per_floor":[110,121,121,221,236,236,293,322,322,354,365,394,394,426,426,523,523,533,568,455,455,370,370,403,403,403,403,438,453,478,497,497,597,597,609,609,662,682,682,682,713,713,766,791,802,802,14,24,24,24,24,24,24,24],"floor_reached":54,"playtime":9686,"items_purged":["Strike_B"],"score":869,"play_id":"814641b5-98f0-44d5-908b-1bdcf462cfa5","local_time":"20181202013319","is_ascension_mode":true,"campfire_choices":[{"floor":6,"key":"REST"},{"floor":13,"key":"REST"},{"floor":15,"key":"REST"},{"floor":23,"key":"REST"},{"floor":27,"key":"RECALL"},{"floor":32,"key":"REST"},{"floor":40,"key":"REST"},{"floor":42,"key":"REST"},{"floor":49,"key":"REST"},{"data":"Fusion","floor":52,"key":"SMITH"}],"neow_cost":"NONE","seed_source_timestamp":1383740347345898,"circlet_count":0,"master_deck":["Strike_B","Strike_B","Strike_B","Defend_B","Defend_B","Defend_B","Defend_B","Zap","Dualcast","Fusion+1","Hyperbeam","Go for the Eyes","Steam","Genetic Algorithm","Glacier","Chill","Fusion","Electrodynamics","Capacitor+1","Glacier","Self Repair","Darkness","Skim","Self Repair","Capacitor+1","Darkness+1","Meteor Strike+1","Go for the Eyes+1","Doom and Gloom+1","Sunder+1","Panacea","BootSequence","Steam+1","Buffer","Loop","Steam","Consume"],"relics":["Cracked Core","Mercury Hourglass","Orichalcum","Regal Pillow","Oddly Smooth Stone","PreservedInsect","Odd Mushroom","Bag of Marbles","Lizard Tail","Red Mask","Nilry\u0027s Codex","Letter Opener","The Courier","Molten Egg 2","Bronze Scales","Anchor","Inserter","Peace Pipe","Ice Cream","Lantern","Bottled Lightning","Strawberry","Calipers","Toolbox"],"potions_floor_usage":[7,8,16,16,16,33,33,45,45,50],"damage_taken":[{"damage":3,"enemies":"Jaw Worm","floor":1,"turns":4},{"damage":19,"enemies":"Small Slimes","floor":2,"turns":4},{"damage":0,"enemies":"Cultist","floor":5,"turns":3},{"damage":32,"enemies":"Lagavulin Event","floor":7,"turns":6},{"damage":8,"enemies":"Gremlin Nob","floor":8,"turns":4},{"damage":9,"enemies":"3 Sentries","floor":10,"turns":4},{"damage":1,"enemies":"Blue Slaver","floor":11,"turns":3},{"damage":5,"enemies":"The Mushroom Lair","floor":12,"turns":3},{"damage":7,"enemies":"Lagavulin","floor":14,"turns":5},{"damage":70,"enemies":"Hexaghost","floor":16,"turns":18},{"damage":17,"enemies":"Chosen","floor":18,"turns":8},{"damage":6,"enemies":"Masked Bandits","floor":19,"turns":2},{"damage":5,"enemies":"Slavers","floor":24,"turns":3},{"damage":17,"enemies":"Book of Stabbing","floor":28,"turns":8},{"damage":0,"enemies":"3 Byrds","floor":29,"turns":2},{"damage":2,"enemies":"Slavers","floor":30,"turns":2},{"damage":19,"enemies":"Cultist and Chosen","floor":31,"turns":7},{"damage":29,"enemies":"Champ","floor":33,"turns":13},{"damage":13,"enemies":"3 Shapes","floor":35,"turns":4},{"damage":62,"enemies":"2 Orb Walkers","floor":37,"turns":5},{"damage":5,"enemies":"Orb Walker","floor":38,"turns":4},{"damage":54,"enemies":"Reptomancer","floor":41,"turns":8},{"damage":44,"enemies":"Nemesis","floor":44,"turns":5},{"damage":0,"enemies":"3 Darklings","floor":45,"turns":2},{"damage":25,"enemies":"Maw","floor":48,"turns":8},{"damage":44,"enemies":"Time Eater","floor":50,"turns":12},{"damage":86,"enemies":"Shield and Spear","floor":54,"turns":5}],"seed_played":"3161339971039833394","potions_obtained":[{"floor":5,"key":"Poison Potion"},{"floor":7,"key":"Block Potion"},{"floor":10,"key":"EssenceOfSteel"},{"floor":12,"key":"SteroidPotion"},{"floor":14,"key":"FearPotion"},{"floor":28,"key":"SteroidPotion"},{"floor":30,"key":"Strength Potion"},{"floor":31,"key":"LiquidBronze"},{"floor":38,"key":"SteroidPotion"},{"floor":48,"key":"LiquidBronze"}],"is_trial":false,"path_per_floor":["M","M","?","?","M","R","?","E","T","E","M","?","R","E","R","B",null,"M","?","$","?","?","R","E","?","T","R","E","M","E","M","R","B",null,"M","?","?","M","?","R","E","R","T","E","M","?","$","M","R","B",null,"R","$","E"],"character_chosen":"DEFECT","items_purchased":["Self Repair","Bottled Lightning","Strawberry","Loop","Steam","Calipers","Toolbox"],"campfire_rested":8,"item_purchase_floors":[20,47,47,47,47,47,47],"current_hp_per_floor":[79,60,53,53,53,77,45,37,37,28,27,22,61,54,82,12,82,65,59,59,43,43,82,82,82,82,82,72,72,70,65,82,53,82,76,76,21,23,23,61,21,59,59,22,22,15,22,49,85,55,85,85,85,0],"gold":24,"neow_bonus":"TEN_PERCENT_HP_BONUS","is_prod":false,"is_daily":false,"chose_seed":false,"campfire_upgraded":1,"win_rate":0,"timestamp":1543732399,"path_taken":["M","M","?","?","?","R","?","E","T","E","M","?","R","E","R","BOSS","M","?","$","?","?","R","E","?","T","R","E","M","E","M","R","BOSS","M","?","?","M","?","R","E","R","T","E","M","?","$","M","R","BOSS","R","$","E"],"build_version":"2018-11-15","purchased_purges":1,"victory":false,"max_hp_per_floor":[82,82,82,82,82,82,82,82,82,82,82,82,82,82,82,82,82,82,82,82,82,82,82,82,82,82,82,82,82,82,82,82,82,82,82,78,78,78,78,78,78,78,78,78,78,78,85,85,85,85,85,85,85,85],"card_choices":[{"not_picked":["Barrage","Rebound","Aggregate"],"picked":"SKIP","floor":1},{"not_picked":["Hologram","Compile Driver"],"picked":"Fusion","floor":2},{"not_picked":["Redo","Sweeping Beam"],"picked":"Hyperbeam","floor":5},{"not_picked":["Barrage","Beam Cell"],"picked":"Go for the Eyes","floor":7},{"not_picked":["Cold Snap","Melter"],"picked":"Steam","floor":8},{"not_picked":["Streamline","Barrage"],"picked":"Genetic Algorithm","floor":10},{"not_picked":["Rip and Tear","Recycle"],"picked":"Glacier","floor":11},{"not_picked":["Steam","Blizzard"],"picked":"Chill","floor":12},{"not_picked":["Rebound","Barrage"],"picked":"Fusion","floor":14},{"not_picked":["Amplify","Seek"],"picked":"Electrodynamics","floor":16},{"not_picked":["Compile Driver","Hologram"],"picked":"Capacitor+1","floor":18},{"not_picked":["Double Energy","Barrage+1"],"picked":"Glacier","floor":19},{"not_picked":["Beam Cell+1","Coolheaded"],"picked":"Darkness","floor":24},{"not_picked":["Leap","Doom and Gloom+1"],"picked":"Skim","floor":28},{"not_picked":["Turbo","Gash+1"],"picked":"Self Repair","floor":29},{"not_picked":["Reprogram","Streamline+1"],"picked":"Capacitor+1","floor":30},{"not_picked":["Auto Shields+1","Steam+1"],"picked":"Darkness+1","floor":31},{"not_picked":["Hyperbeam+1","Machine Learning"],"picked":"Meteor Strike+1","floor":33},{"not_picked":["Coolheaded+1","Barrage+1"],"picked":"Go for the Eyes+1","floor":35},{"not_picked":["Barrage+1","Ball Lightning+1"],"picked":"Doom and Gloom+1","floor":37},{"not_picked":["Hello World+1","Hologram+1"],"picked":"Sunder+1","floor":38},{"not_picked":["Jack Of All Trades","Deep Breath"],"picked":"Panacea","floor":39},{"not_picked":["Ball Lightning+1","Melter+1"],"picked":"BootSequence","floor":41},{"not_picked":["Leap","Scrape+1"],"picked":"Steam+1","floor":44},{"not_picked":["Reinforced Body+1","Gash+1"],"picked":"Buffer","floor":45},{"not_picked":["Stack+1","Gash+1"],"picked":"Consume","floor":48}],"player_experience":359211,"relics_obtained":[{"floor":7,"key":"Orichalcum"},{"floor":8,"key":"Regal Pillow"},{"floor":9,"key":"Oddly Smooth Stone"},{"floor":10,"key":"PreservedInsect"},{"floor":12,"key":"Odd Mushroom"},{"floor":14,"key":"Bag of Marbles"},{"floor":19,"key":"Red Mask"},{"floor":21,"key":"Nilry\u0027s Codex"},{"floor":24,"key":"The Courier"},{"floor":26,"key":"Molten Egg 2"},{"floor":28,"key":"Bronze Scales"},{"floor":30,"key":"Anchor"},{"floor":37,"key":"Peace Pipe"},{"floor":41,"key":"Ice Cream"},{"floor":44,"key":"Lantern"}],"event_choices":[{"damage_healed":0,"gold_gain":0,"player_choice":"Success","damage_taken":7,"relics_obtained":["Mercury Hourglass"],"max_hp_gain":0,"max_hp_loss":0,"event_name":"Scrap Ooze","floor":3,"gold_loss":0},{"damage_healed":0,"gold_gain":100,"player_choice":"Pray","damage_taken":0,"max_hp_gain":0,"max_hp_loss":0,"event_name":"Golden Shrine","floor":4,"gold_loss":0},{"damage_healed":0,"gold_gain":0,"player_choice":"Searched \u00272\u0027 times","damage_taken":0,"max_hp_gain":0,"max_hp_loss":0,"event_name":"Dead Adventurer","floor":7,"gold_loss":0},{"damage_healed":0,"gold_gain":0,"player_choice":"Fought Mushrooms","damage_taken":0,"max_hp_gain":0,"max_hp_loss":0,"event_name":"Mushrooms","floor":12,"gold_loss":0},{"damage_healed":0,"gold_gain":0,"player_choice":"Fought Bandits","damage_taken":0,"max_hp_gain":0,"max_hp_loss":0,"event_name":"Masked Bandits","floor":19,"gold_loss":0},{"damage_healed":0,"gold_gain":0,"player_choice":"Obtained Book","damage_taken":16,"max_hp_gain":0,"max_hp_loss":0,"event_name":"Cursed Tome","floor":21,"gold_loss":0},{"damage_healed":0,"gold_gain":0,"player_choice":"Obtained Relic","damage_taken":0,"relics_obtained":["Letter Opener"],"max_hp_gain":0,"max_hp_loss":0,"event_name":"Addict","floor":22,"gold_loss":85},{"damage_healed":0,"gold_gain":0,"player_choice":"Ignored","damage_taken":0,"max_hp_gain":0,"max_hp_loss":0,"event_name":"Vampires","floor":25,"gold_loss":0},{"damage_healed":0,"gold_gain":0,"player_choice":"Max HP","damage_taken":0,"max_hp_gain":0,"max_hp_loss":4,"event_name":"Winding Halls","floor":36,"gold_loss":0},{"damage_healed":0,"gold_gain":0,"player_choice":"Fight","damage_taken":0,"max_hp_gain":0,"max_hp_loss":0,"event_name":"Mysterious Sphere","floor":37,"gold_loss":0},{"damage_healed":0,"gold_gain":0,"player_choice":"Memory 1","damage_taken":0,"max_hp_gain":0,"max_hp_loss":0,"event_name":"SensoryStone","floor":39,"gold_loss":0},{"damage_healed":0,"gold_gain":0,"player_choice":"Damaged","damage_taken":7,"max_hp_gain":0,"max_hp_loss":0,"event_name":"Wheel of Change","floor":46,"gold_loss":0}],"is_beta":false,"boss_relics":[{"not_picked":["Runic Pyramid","Velvet Choker"],"picked":"Lizard Tail"},{"not_picked":["Pandora\u0027s Box","Coffee Dripper"],"picked":"Inserter"}],"items_purged_floors":[20],"is_endless":false,"potions_floor_spawned":[5,7,10,12,14,28,30,31,38,48],"killed_by":"Shield and Spear","ascension_level":2}