{"gold_per_floor":[20,33,46,63,78,78,108,108,131,131,146,146,181,181,181,277,277,236,236,286,236,236],"floor_reached":22,"playtime":1363,"items_purged":["Writhe"],"score":388,"play_id":"5a23ee27-1b6c-4749-b289-6598313a4935","local_time":"20190202030333","is_ascension_mode":true,"campfire_choices":[{"data":"Zap","floor":6.0,"key":"SMITH"},{"data":"Go for the Eyes","floor":8.0,"key":"SMITH"},{"data":"Self Repair","floor":12.0,"key":"SMITH"},{"data":"Dualcast","floor":15.0,"key":"SMITH"}],"neow_cost":"NO_GOLD","seed_source_timestamp":0,"circlet_count":0,"master_deck":["AscendersBane","Strike_B","Strike_B","Defend_B","Defend_B","Defend_B","Defend_B","Zap+1","Dualcast+1","BootSequence","Go for the Eyes+1","Self Repair+1","Ball Lightning","Creative AI+1","Amplify","Sunder"],"special_seed":0,"relics":["Cracked Core","Frozen Egg 2","Golden Idol","Lantern","White Beast Statue","Smiling Mask"],"potions_floor_usage":[],"damage_taken":[{"damage":4.0,"enemies":"Jaw Worm","floor":1.0,"turns":4.0},{"damage":10.0,"enemies":"Small Slimes","floor":2.0,"turns":5.0},{"damage":0.0,"enemies":"2 Louse","floor":3.0,"turns":2.0},{"damage":11.0,"enemies":"Lots of Slimes","floor":4.0,"turns":5.0},{"damage":5.0,"enemies":"3 Louse","floor":5.0,"turns":4.0},{"damage":20.0,"enemies":"3 Sentries","floor":7.0,"turns":9.0},{"damage":3.0,"enemies":"Blue Slaver","floor":11.0,"turns":4.0},{"damage":19.0,"enemies":"Gremlin Nob","floor":13.0,"turns":5.0},{"damage":38.0,"enemies":"The Guardian","floor":16.0,"turns":10.0},{"damage":41.0,"enemies":"2 Thieves","floor":18.0,"turns":5.0},{"damage":39,"enemies":"Shell Parasite","floor":22,"turns":5}],"seed_played":"4524916698112021955","potions_obtained":[{"floor":4.0,"key":"Block Potion"},{"floor":5.0,"key":"PowerPotion"},{"floor":11.0,"key":"FearPotion"},{"floor":16.0,"key":"Regen Potion"},{"floor":18.0,"key":"Strength Potion"}],"is_trial":false,"path_per_floor":["M","M","M","M","M","R","E","R","T","?","M","R","E","?","R","B",null,"M","?","?","$","M"],"character_chosen":"DEFECT","items_purchased":[],"campfire_rested":0,"item_purchase_floors":[],"current_hp_per_floor":[60,50,50,46,48,48,42,42,42,42,46,46,37,42,42,14,55,39,39,39,39,0],"gold":236,"neow_bonus":"REMOVE_TWO","is_prod":false,"is_daily":false,"chose_seed":false,"campfire_upgraded":4,"win_rate":0,"timestamp":1549073013,"path_taken":["M","M","M","M","M","R","E","R","T","?","M","R","E","?","R","BOSS","M","?","?","$","?"],"build_version":"2019-01-23","purchased_purges":1,"victory":false,"max_hp_per_floor":[71,71,71,71,71,71,71,71,71,64,64,64,64,69,69,69,69,69,69,69,69,69],"card_choices":[{"not_picked":["Leap","Stack"],"picked":"BootSequence","floor":1.0},{"not_picked":["Compile Driver","Lockon"],"picked":"Go for the Eyes","floor":2.0},{"not_picked":["Sweeping Beam","Seek"],"picked":"Self Repair","floor":3.0},{"not_picked":["Barrage","Leap"],"picked":"Ball Lightning","floor":4.0},{"not_picked":["Lockon","Compile Driver","BootSequence"],"picked":"SKIP","floor":5.0},{"not_picked":["Fusion","Go for the Eyes","Chaos"],"picked":"SKIP","floor":7.0},{"not_picked":["Hologram","FTL"],"picked":"Creative AI+1","floor":11.0},{"not_picked":["Go for the Eyes","Ball Lightning","Lockon"],"picked":"SKIP","floor":13.0},{"not_picked":["Thunder Strike","Meteor Strike"],"picked":"Amplify","floor":16.0},{"not_picked":["Ball Lightning+1","Barrage+1"],"picked":"Sunder","floor":18.0}],"player_experience":1183436,"relics_obtained":[{"floor":7.0,"key":"Frozen Egg 2"},{"floor":13.0,"key":"Lantern"}],"event_choices":[{"damage_healed":0.0,"max_hp_gain":0.0,"max_hp_loss":7.0,"gold_gain":0.0,"event_name":"Golden Idol","player_choice":"Lose Max HP","floor":10.0,"gold_loss":0.0,"damage_taken":0.0,"relics_obtained":["Golden Idol"]},{"damage_healed":0.0,"max_hp_gain":5.0,"max_hp_loss":0.0,"gold_gain":0.0,"event_name":"Big Fish","player_choice":"Donut","floor":14.0,"gold_loss":0.0,"damage_taken":0.0},{"damage_healed":0.0,"max_hp_gain":0.0,"max_hp_loss":0.0,"gold_gain":0.0,"event_name":"The Mausoleum","player_choice":"Opened","floor":19.0,"gold_loss":0.0,"damage_taken":0.0,"relics_obtained":["Smiling Mask"],"cards_obtained":["Writhe"]},{"damage_healed":0,"gold_gain":100,"player_choice":"Bet on Murderer","damage_taken":0,"max_hp_gain":0,"max_hp_loss":0,"event_name":"The Joust","floor":20,"gold_loss":50}],"is_beta":true,"boss_relics":[{"not_picked":["Eternal Feather","Lizard Tail"],"picked":"White Beast Statue"}],"items_purged_floors":[21],"is_endless":false,"potions_floor_spawned":[4,5,11,16,18],"killed_by":"Shell Parasite","ascension_level":20}