{"gold_per_floor":[116,191,209,221,221,221,232,261,261,261,281,281,281,297,297,395,395,412,426,59,74,94,94,114,114,165,165,184,184,184,208,208,208],"floor_reached":33,"playtime":1621,"items_purged":[],"score":249,"play_id":"9cdb84d0-c512-4a6c-a510-a375f1a9d339","local_time":"20190607201055","is_ascension_mode":false,"campfire_choices":[{"data":"Bash","floor":6,"key":"SMITH"},{"data":"Armaments","floor":10,"key":"SMITH"},{"floor":12,"key":"REST"},{"data":"Pommel Strike","floor":15,"key":"SMITH"},{"data":"Shrug It Off","floor":23,"key":"SMITH"},{"data":"Thunderclap","floor":25,"key":"SMITH"},{"data":"Demon Form","floor":32,"key":"SMITH"}],"neow_cost":"NONE","seed_source_timestamp":1037679296239600,"circlet_count":0,"master_deck":["Strike_R+1","Strike_R+1","Strike_R+1","Strike_R+1","Strike_R+1","Defend_R+1","Defend_R+1","Defend_R+1","Bash+1","Twin Strike","Iron Wave","Hemokinesis","Armaments+1","Immolate","Thunderclap+1","Iron Wave","Pommel Strike+1","Barricade","Cleave+1","Spot Weakness","Shrug It Off+1","Headbutt","Cleave","Iron Wave+1","Perfected Strike+1","Spot Weakness","Demon Form+1","RitualDagger"],"relics":["Burning Blood","Lantern","Gremlin Horn","Nunchaku","Velvet Choker","Paper Frog","Omamori","MutagenicStrength","Smiling Mask"],"potions_floor_usage":[16,16],"damage_taken":[{"damage":6,"enemies":"Jaw Worm","floor":1,"turns":3},{"damage":0,"enemies":"Small Slimes","floor":3,"turns":4},{"damage":6,"enemies":"Cultist","floor":4,"turns":3},{"damage":5,"enemies":"Looter","floor":7,"turns":2},{"damage":37,"enemies":"3 Sentries","floor":8,"turns":8},{"damage":8,"enemies":"Gremlin Gang","floor":11,"turns":6},{"damage":14,"enemies":"Large Slime","floor":14,"turns":4},{"damage":21,"enemies":"Hexaghost","floor":16,"turns":9},{"damage":15,"enemies":"Shell Parasite","floor":18,"turns":5},{"damage":8,"enemies":"2 Thieves","floor":19,"turns":3},{"damage":7,"enemies":"Chosen and Byrds","floor":21,"turns":3},{"damage":0,"enemies":"3 Cultists","floor":22,"turns":2},{"damage":0,"enemies":"Sentry and Sphere","floor":24,"turns":3},{"damage":0,"enemies":"Centurion and Healer","floor":28,"turns":2},{"damage":81,"enemies":"Champ","floor":33,"turns":6}],"seed_played":"-3034502070562489505","potions_obtained":[{"floor":3,"key":"Weak Potion"},{"floor":5,"key":"Block Potion"},{"floor":5,"key":"SteroidPotion"},{"floor":8,"key":"FearPotion"},{"floor":11,"key":"LiquidBronze"},{"floor":16,"key":"SteroidPotion"},{"floor":21,"key":"AttackPotion"}],"is_trial":false,"path_per_floor":["M","?","M","M","?","R","M","E","T","R","M","R","?","M","R","B",null,"M","M","$","M","M","R","M","R","T","?","M","?","?","T","R","B"],"character_chosen":"IRONCLAD","items_purchased":["Shrug It Off","Headbutt","Paper Frog","Cleave"],"campfire_rested":1,"item_purchase_floors":[20,20,20,20],"current_hp_per_floor":[80,69,75,75,75,75,76,45,45,45,43,67,67,59,59,44,80,71,69,69,68,74,74,80,80,80,80,80,80,74,74,74,0],"gold":208,"neow_bonus":"RANDOM_COMMON_RELIC","is_prod":false,"is_daily":false,"chose_seed":false,"campfire_upgraded":6,"win_rate":0,"timestamp":1559963455,"path_taken":["M","?","M","M","?","R","?","E","T","R","M","R","?","M","R","BOSS","M","?","$","M","M","R","M","R","T","?","M","?","?","?","R","BOSS"],"build_version":"2019-01-23","purchased_purges":0,"victory":false,"max_hp_per_floor":[80,80,80,80,80,80,80,80,80,80,80,80,80,80,80,80,80,80,80,80,80,80,80,80,80,80,80,80,80,80,80,80,80],"card_choices":[{"not_picked":["Shockwave","Cleave"],"picked":"Twin Strike","floor":1},{"not_picked":["Searing Blow","Corruption"],"picked":"Iron Wave","floor":3},{"not_picked":["Clash","Havoc"],"picked":"Hemokinesis","floor":4},{"not_picked":["Headbutt","Body Slam"],"picked":"Armaments","floor":7},{"not_picked":["Ghostly Armor","Dropkick"],"picked":"Immolate","floor":8},{"not_picked":["Intimidate","Sword Boomerang"],"picked":"Thunderclap","floor":11},{"not_picked":["True Grit","Burning Pact"],"picked":"Pommel Strike","floor":14},{"not_picked":["Dark Embrace","Immolate"],"picked":"Barricade","floor":16},{"not_picked":["Hemokinesis","Thunderclap"],"picked":"Cleave+1","floor":18},{"not_picked":["Warcry","Shrug It Off"],"picked":"Spot Weakness","floor":19},{"not_picked":["Wild Strike","Armaments"],"picked":"Iron Wave+1","floor":21},{"not_picked":["Thunderclap","Pommel Strike"],"picked":"Perfected Strike+1","floor":22},{"not_picked":["Flex","Power Through"],"picked":"Spot Weakness","floor":24},{"not_picked":["Anger","Warcry"],"picked":"Demon Form","floor":28}],"player_experience":532847,"relics_obtained":[{"floor":8,"key":"Gremlin Horn"},{"floor":9,"key":"Nunchaku"},{"floor":26,"key":"Omamori"},{"floor":31,"key":"Smiling Mask"}],"event_choices":[{"damage_healed":0,"gold_gain":75,"player_choice":"Gather Gold","damage_taken":11,"max_hp_gain":0,"max_hp_loss":0,"event_name":"World of Goop","floor":2,"gold_loss":0},{"damage_healed":0,"gold_gain":0,"player_choice":"Got Potions","damage_taken":0,"max_hp_gain":0,"max_hp_loss":0,"event_name":"Lab","floor":5,"gold_loss":0},{"cards_removed":["Defend_R"],"damage_healed":0,"gold_gain":0,"player_choice":"Took Card","damage_taken":0,"max_hp_gain":0,"max_hp_loss":0,"event_name":"NoteForYourself","floor":13,"gold_loss":0,"cards_obtained":["Iron Wave"]},{"damage_healed":0,"gold_gain":0,"player_choice":"Simplicity","damage_taken":0,"max_hp_gain":0,"max_hp_loss":0,"event_name":"Back to Basics","floor":27,"gold_loss":0,"cards_upgraded":["Strike_R","Strike_R","Strike_R","Strike_R","Strike_R","Defend_R","Defend_R","Defend_R"]},{"damage_healed":0,"gold_gain":0,"player_choice":"Inject Mutagens","damage_taken":0,"relics_obtained":["MutagenicStrength"],"max_hp_gain":0,"max_hp_loss":0,"event_name":"Drug Dealer","floor":29,"gold_loss":0},{"damage_healed":0,"gold_gain":0,"player_choice":"Joined the Cult","damage_taken":6,"max_hp_gain":0,"max_hp_loss":0,"event_name":"Nest","floor":30,"gold_loss":0,"cards_obtained":["RitualDagger"]}],"is_beta":false,"boss_relics":[{"not_picked":["Calling Bell","Empty Cage"],"picked":"Velvet Choker"}],"items_purged_floors":[],"is_endless":false,"potions_floor_spawned":[3,8,11,16,21,22,24],"killed_by":"Champ","ascension_level":0}