{"gold_per_floor":[116,41,61,5,25,25,54,64,64,83,103,113,113,113,113,216,216,228,228,241,253,11,39,56,56,101,2,21,21,49,49,49,154,154,173,173,227,16,26,56,56,88,158,158,158,171,202,221,221,221,221,221,12,43,43],"floor_reached":56,"playtime":9665,"items_purged":["Doubt"],"score":1768,"play_id":"324f73f5-b62a-4ecc-a064-686678fc3421","local_time":"20190101122045","is_ascension_mode":true,"campfire_choices":[{"data":"Noxious Fumes","floor":6.0,"key":"SMITH"},{"floor":13.0,"key":"REST"},{"data":"Footwork","floor":15.0,"key":"SMITH"},{"floor":25.0,"key":"REST"},{"floor":32.0,"key":"REST"},{"floor":41.0,"key":"RECALL"},{"floor":44.0,"key":"REST"},{"data":"Footwork","floor":49.0,"key":"SMITH"},{"data":"Footwork","floor":52,"key":"SMITH"}],"neow_cost":"CURSE","seed_source_timestamp":1690088169782190,"circlet_count":0,"master_deck":["Survivor","Neutralize","Noxious Fumes+1","Footwork+1","Dash","Well Laid Plans","Crippling Poison","Footwork+1","Backstab","Envenom","Caltrops","PiercingWail+1","Bullet Time","Escape Plan","Burst","Caltrops","Backflip","Escape Plan","Catalyst","Noxious Fumes","PiercingWail","Backflip","Tools of the Trade","Prepared","Dash","Poisoned Stab","Caltrops","Caltrops","Flying Knee","Crippling Poison","Die Die Die","Terror","Predator","Escape Plan+1","Infinite Blades","Noxious Fumes","Backflip+1","Finesse","Leg Sweep","Footwork+1","Backstab","Malaise","Well Laid Plans","Infinite Blades"],"special_seed":0,"relics":["Ring of the Snake","Thread and Needle","Art of War","Prayer Wheel","The Courier","Black Star","Membership Card","Bronze Scales","Omamori","Meat on the Bone","Happy Flower","Pen Nib","Bird Faced Urn","Singing Bowl","Matryoshka","Paper Crane","Letter Opener","Pandora\u0027s Box","Dead Branch","Anchor","Centennial Puzzle","StoneCalendar","Ancient Tea Set","Mercury Hourglass","PreservedInsect","Blood Vial","Mummified Hand","Juzu Bracelet","Kunai","Torii","Ornamental Fan"],"potions_floor_usage":[55,55,55],"damage_taken":[{"damage":0.0,"enemies":"Jaw Worm","floor":1.0,"turns":5.0},{"damage":0.0,"enemies":"Cultist","floor":3.0,"turns":4.0},{"damage":1.0,"enemies":"2 Louse","floor":5.0,"turns":3.0},{"damage":37.0,"enemies":"Gremlin Nob","floor":7.0,"turns":6.0},{"damage":1.0,"enemies":"Blue Slaver","floor":8.0,"turns":5.0},{"damage":0.0,"enemies":"3 Louse","floor":10.0,"turns":4.0},{"damage":0.0,"enemies":"Exordium Wildlife","floor":11.0,"turns":5.0},{"damage":0.0,"enemies":"Looter","floor":12.0,"turns":4.0},{"damage":23.0,"enemies":"The Guardian","floor":16.0,"turns":13.0},{"damage":0.0,"enemies":"3 Byrds","floor":18.0,"turns":6.0},{"damage":5.0,"enemies":"Spheric Guardian","floor":20.0,"turns":7.0},{"damage":15.0,"enemies":"Snake Plant","floor":21.0,"turns":7.0},{"damage":11.0,"enemies":"Gremlin Leader","floor":23.0,"turns":10.0},{"damage":14.0,"enemies":"3 Cultists","floor":24.0,"turns":6.0},{"damage":0.0,"enemies":"Shelled Parasite and Fungi","floor":28.0,"turns":5.0},{"damage":25.0,"enemies":"Slavers","floor":30.0,"turns":7.0},{"damage":60.0,"enemies":"Champ","floor":33.0,"turns":13.0},{"damage":8.0,"enemies":"3 Darklings","floor":35.0,"turns":4.0},{"damage":32.0,"enemies":"2 Orb Walkers","floor":37.0,"turns":5.0},{"damage":15.0,"enemies":"Orb Walker","floor":39.0,"turns":4.0},{"damage":15.0,"enemies":"Nemesis","floor":40.0,"turns":7.0},{"damage":39.0,"enemies":"Giant Head","floor":42.0,"turns":9.0},{"damage":0.0,"enemies":"Maw","floor":46.0,"turns":7.0},{"damage":10.0,"enemies":"Nemesis","floor":47.0,"turns":7.0},{"damage":7.0,"enemies":"Sphere and 2 Shapes","floor":48.0,"turns":4.0},{"damage":13,"enemies":"Time Eater","floor":50,"turns":9},{"damage":0,"enemies":"Shield and Spear","floor":54,"turns":4},{"damage":56,"enemies":"The Heart","floor":55,"turns":5}],"seed_played":"-2979834960420927355","potions_obtained":[{"floor":1.0,"key":"Dexterity Potion"},{"floor":5.0,"key":"Poison Potion"},{"floor":10.0,"key":"Swift Potion"},{"floor":11.0,"key":"Regen Potion"},{"floor":12.0,"key":"SmokeBomb"},{"floor":20.0,"key":"GhostInAJar"},{"floor":21.0,"key":"Poison Potion"},{"floor":23.0,"key":"Block Potion"},{"floor":30.0,"key":"Fire Potion"},{"floor":39.0,"key":"GhostInAJar"},{"floor":40.0,"key":"Explosive Potion"},{"floor":46.0,"key":"LiquidBronze"},{"floor":54,"key":"Poison Potion"}],"is_trial":false,"path_per_floor":["M","$","M","?","M","R","E","M","T","M","M","M","R","?","R","B",null,"M","?","M","M","$","E","M","R","T","$","M","?","E","T","R","B",null,"M","?","?","$","M","E","R","E","T","R","?","M","E","M","R","B",null,"R","$","E","B",null],"character_chosen":"THE_SILENT","items_purchased":["Membership Card","Bronze Scales","Backflip","Noxious Fumes","PiercingWail","Pen Nib","Infinite Blades","Anchor","Centennial Puzzle","Noxious Fumes","Regen Potion","Kunai","Malaise","Energy Potion","Well Laid Plans"],"campfire_rested":4,"item_purchase_floors":[22,22,22,27,27,27,38,38,38,38,38,53,53,53,53],"current_hp_per_floor":[63,63,63,63,62,62,25,24,24,24,24,24,45,68,68,45,64,70,70,65,50,50,39,37,58,58,58,58,58,45,45,66,34,63,71,71,53,53,56,68,68,47,47,71,71,82,84,86,86,86,86,86,86,86,55],"gold":43,"neow_bonus":"ONE_RARE_RELIC","is_prod":false,"is_daily":false,"chose_seed":false,"campfire_upgraded":4,"win_rate":0,"timestamp":1546363245,"path_taken":["M","$","M","?","M","R","E","M","T","M","?","M","R","?","R","BOSS","M","?","?","M","$","E","M","R","T","$","M","?","E","?","R","BOSS","M","?","?","?","M","E","R","E","T","R","?","M","E","M","R","BOSS","R","$","E","BOSS"],"build_version":"2018-12-20","purchased_purges":1,"victory":true,"max_hp_per_floor":[70,70,70,70,70,70,70,70,70,70,70,70,70,70,70,70,70,70,70,70,70,70,70,70,70,70,70,70,70,72,72,72,72,72,76,76,76,76,78,80,80,82,82,82,82,82,84,86,86,86,86,86,86,86,86],"card_choices":[{"not_picked":["Riddle With Holes","Quick Slash","Prepared"],"picked":"SKIP","floor":1.0},{"not_picked":["Dash","Outmaneuver"],"picked":"Noxious Fumes","floor":3.0},{"not_picked":["Bane","Flying Knee","Night Terror"],"picked":"SKIP","floor":5.0},{"not_picked":["Dagger Throw","Sucker Punch"],"picked":"Footwork","floor":7.0},{"not_picked":["Slice","Deadly Poison"],"picked":"Dash","floor":8.0},{"not_picked":["Prepared","Quick Slash","Deflect"],"picked":"SKIP","floor":8.0},{"not_picked":["Dodge and Roll","Skewer"],"picked":"Well Laid Plans","floor":10.0},{"not_picked":["Dagger Spray","Deflect","Distraction"],"picked":"SKIP","floor":10.0},{"not_picked":["Acrobatics","Skewer"],"picked":"Crippling Poison","floor":11.0},{"not_picked":["Blade Dance","Masterful Stab","Dagger Spray"],"picked":"SKIP","floor":11.0},{"not_picked":["Setup","Underhanded Strike"],"picked":"Footwork","floor":12.0},{"not_picked":["Accuracy","Catalyst"],"picked":"Backstab","floor":12.0},{"not_picked":["Grand Finale","Wraith Form v2"],"picked":"Envenom","floor":16.0},{"not_picked":["Flying Knee","Acrobatics"],"picked":"Caltrops","floor":18.0},{"not_picked":["Dagger Spray","Quick Slash"],"picked":"PiercingWail+1","floor":18.0},{"not_picked":["Heel Hook","Outmaneuver+1"],"picked":"Escape Plan","floor":20.0},{"not_picked":["Dagger Throw","Slice+1","Tactician"],"picked":"SKIP","floor":20.0},{"not_picked":["Well Laid Plans","Backflip"],"picked":"Burst","floor":21.0},{"not_picked":["Expertise","Masterful Stab"],"picked":"Caltrops","floor":21.0},{"not_picked":["Masterful Stab","Bane+1"],"picked":"Escape Plan","floor":23.0},{"not_picked":["Deflect","Deadly Poison"],"picked":"Catalyst","floor":24.0},{"not_picked":["Riddle With Holes","Blade Dance","Distraction"],"picked":"SKIP","floor":24.0},{"not_picked":["Crippling Poison","Underhanded Strike"],"picked":"Backflip","floor":28.0},{"not_picked":["Underhanded Strike+1","Bane","PiercingWail"],"picked":"SKIP","floor":28.0},{"not_picked":["Bullet Time","Catalyst","Deflect"],"picked":"Singing Bowl","floor":30.0},{"not_picked":["Wraith Form v2","Phantasmal Killer"],"picked":"Tools of the Trade","floor":33.0},{"not_picked":["Deadly Poison+1","Slice","Dagger Throw+1"],"picked":"Singing Bowl","floor":35.0},{"not_picked":["Bane","Endless Agony+1","Slice"],"picked":"Singing Bowl","floor":35.0},{"not_picked":["Bouncing Flask","Concentrate"],"picked":"Escape Plan+1","floor":37.0},{"not_picked":["Reflex","Dagger Throw+1"],"picked":"Backflip+1","floor":39.0},{"not_picked":["Dodge and Roll","Poisoned Stab","Finisher+1"],"picked":"Singing Bowl","floor":39.0},{"not_picked":["Cloak And Dagger","Deadly Poison","Predator"],"picked":"Singing Bowl","floor":40.0},{"not_picked":["Masterful Stab","Cloak And Dagger+1","Bouncing Flask"],"picked":"Singing Bowl","floor":42.0},{"not_picked":["Mind Blast","Dramatic Entrance"],"picked":"Finesse","floor":45.0},{"not_picked":["Flying Knee","Poisoned Stab+1"],"picked":"Leg Sweep","floor":46.0},{"not_picked":["Grand Finale","Masterful Stab+1"],"picked":"Footwork","floor":46.0},{"not_picked":["Reflex+1","Underhanded Strike","Distraction"],"picked":"Singing Bowl","floor":47.0},{"not_picked":["Dagger Spray","Dodge and Roll","Poisoned Stab+1"],"picked":"Singing Bowl","floor":48.0},{"not_picked":["Outmaneuver+1","Quick Slash+1"],"picked":"Backstab","floor":48.0},{"not_picked":["Outmaneuver+1","Bane+1"],"picked":"Infinite Blades","floor":54}],"player_experience":510731,"relics_obtained":[{"floor":7.0,"key":"Prayer Wheel"},{"floor":9.0,"key":"The Courier"},{"floor":23.0,"key":"Omamori"},{"floor":23.0,"key":"Meat on the Bone"},{"floor":26.0,"key":"Happy Flower"},{"floor":30.0,"key":"Singing Bowl"},{"floor":30.0,"key":"Matryoshka"},{"floor":31.0,"key":"Paper Crane"},{"floor":31.0,"key":"Letter Opener"},{"floor":37.0,"key":"Dead Branch"},{"floor":40.0,"key":"StoneCalendar"},{"floor":40.0,"key":"Ancient Tea Set"},{"floor":42.0,"key":"Mercury Hourglass"},{"floor":42.0,"key":"PreservedInsect"},{"floor":43.0,"key":"Blood Vial"},{"floor":47.0,"key":"Mummified Hand"},{"floor":47.0,"key":"Juzu Bracelet"},{"floor":54,"key":"Torii"},{"floor":54,"key":"Ornamental Fan"}],"event_choices":[{"damage_healed":0.0,"max_hp_gain":0.0,"max_hp_loss":0.0,"gold_gain":0.0,"event_name":"WeMeetAgain","player_choice":"Paid Gold","floor":4.0,"gold_loss":56.0,"damage_taken":0.0,"relics_obtained":["Art of War"]},{"damage_healed":23.0,"max_hp_gain":0.0,"max_hp_loss":0.0,"gold_gain":0.0,"event_name":"Big Fish","player_choice":"Banana","floor":14.0,"gold_loss":0.0,"damage_taken":0.0},{"damage_healed":0.0,"max_hp_gain":0.0,"max_hp_loss":0.0,"gold_gain":0.0,"event_name":"Match and Keep!","player_choice":"2 cards matched","floor":19.0,"gold_loss":0.0,"damage_taken":0.0,"cards_obtained":["Bullet Time","Escape Plan"]},{"damage_healed":0.0,"max_hp_gain":0.0,"max_hp_loss":0.0,"gold_gain":0.0,"event_name":"Addict","player_choice":"Stole Relic","floor":29.0,"gold_loss":0.0,"damage_taken":0.0,"relics_obtained":["Bird Faced Urn"],"cards_obtained":["Shame"]},{"cards_removed":["Escape Plan"],"damage_healed":0.0,"max_hp_gain":0.0,"max_hp_loss":0.0,"gold_gain":0.0,"event_name":"Falling","player_choice":"Removed Skill","floor":36.0,"gold_loss":0.0,"damage_taken":0.0},{"damage_healed":0.0,"max_hp_gain":0.0,"max_hp_loss":0.0,"gold_gain":0.0,"event_name":"Mysterious Sphere","player_choice":"Fight","floor":37.0,"gold_loss":0.0,"damage_taken":0.0},{"damage_healed":0.0,"max_hp_gain":0.0,"max_hp_loss":0.0,"gold_gain":0.0,"event_name":"SensoryStone","player_choice":"Memory 1","floor":45.0,"gold_loss":0.0,"damage_taken":0.0}],"is_beta":false,"boss_relics":[{"not_picked":["Astrolabe","Velvet Choker"],"picked":"Black Star"},{"not_picked":["Orrery","WristBlade"],"picked":"Pandora\u0027s Box"}],"items_purged_floors":[2],"is_endless":false,"potions_floor_spawned":[1,5,10,11,12,20,21,23,30,39,40,46,54],"ascension_level":7}