{"gold_per_floor":[115,115,133,58,76,76,110,110,110,128,153,153,178,208,208,308,308,321,321,521,533,546,578,578,590,636,636,649,663,578,603,603,705,705,721,731,398,417,91,418,418,418,444,498,508,533,561,576,576,576,576,576,26,60,60],"floor_reached":56,"playtime":13507,"items_purged":["Parasite","Strike_R+1","Parasite"],"score":1873,"play_id":"29732669-6e19-4b5f-9211-406dee15a292","local_time":"20190309161735","is_ascension_mode":true,"campfire_choices":[{"data":"Shockwave","floor":6.0,"key":"SMITH"},{"floor":8.0,"key":"REST"},{"floor":12.0,"key":"REST"},{"floor":15.0,"key":"REST"},{"floor":24.0,"key":"REST"},{"data":"Demon Form","floor":27.0,"key":"SMITH"},{"data":"Inflame","floor":32.0,"key":"SMITH"},{"floor":41.0,"key":"REST"},{"floor":49.0,"key":"RECALL"},{"floor":52.0,"key":"REST"}],"neow_cost":"CURSE","seed_source_timestamp":0,"circlet_count":0,"master_deck":["AscendersBane","Strike_R+1","Strike_R+1","Strike_R+1","Strike_R+1","Defend_R+1","Defend_R+1","Defend_R+1","Defend_R+1","Bash","Twin Strike","Shockwave+1","Shrug It Off+1","Inflame+1","Demon Form+1","Uppercut","Feed","Immolate","Flame Barrier+1","True Grit+1","Heavy Blade","Master of Strategy","Power Through","Enlightenment","Seeing Red"],"special_seed":0,"relics":["Burning Blood","Mango","Torii","Red Skull","Dead Branch","Meat on the Bone","Odd Mushroom","Gambling Chip","Busted Crown","Blood Vial","Oddly Smooth Stone","Mercury Hourglass","Darkstone Periapt","Fusion Hammer","Sling","Medical Kit","Old Coin","Girya","Anchor","War Paint","ClockworkSouvenir","Orichalcum"],"potions_floor_usage":[55,55,55],"damage_taken":[{"damage":1.0,"enemies":"Cultist","floor":1.0,"turns":4.0},{"damage":13.0,"enemies":"Jaw Worm","floor":3.0,"turns":5.0},{"damage":2.0,"enemies":"Small Slimes","floor":5.0,"turns":4.0},{"damage":30.0,"enemies":"Gremlin Nob","floor":7.0,"turns":5.0},{"damage":1.0,"enemies":"Blue Slaver","floor":10.0,"turns":3.0},{"damage":36.0,"enemies":"3 Sentries","floor":11.0,"turns":8.0},{"damage":9.0,"enemies":"The Mushroom Lair","floor":13.0,"turns":5.0},{"damage":45.0,"enemies":"Gremlin Nob","floor":14.0,"turns":5.0},{"damage":34.0,"enemies":"Slime Boss","floor":16.0,"turns":9.0},{"damage":22.0,"enemies":"Shell Parasite","floor":18.0,"turns":5.0},{"damage":0.0,"enemies":"Spheric Guardian","floor":21.0,"turns":3.0},{"damage":16.0,"enemies":"Centurion and Healer","floor":22.0,"turns":6.0},{"damage":24.0,"enemies":"Slavers","floor":23.0,"turns":6.0},{"damage":15.0,"enemies":"Snake Plant","floor":25.0,"turns":5.0},{"damage":0.0,"enemies":"Snecko","floor":28.0,"turns":4.0},{"damage":14.0,"enemies":"Sentry and Sphere","floor":29.0,"turns":6.0},{"damage":31.0,"enemies":"Gremlin Leader","floor":31.0,"turns":7.0},{"damage":62.0,"enemies":"Collector","floor":33.0,"turns":8.0},{"damage":1.0,"enemies":"Orb Walker","floor":35.0,"turns":3.0},{"damage":23.0,"enemies":"3 Shapes","floor":36.0,"turns":5.0},{"damage":1.0,"enemies":"Writhing Mass","floor":38.0,"turns":6.0},{"damage":20.0,"enemies":"Reptomancer","floor":40.0,"turns":6.0},{"damage":27.0,"enemies":"2 Orb Walkers","floor":44.0,"turns":4.0},{"damage":17.0,"enemies":"Jaw Worm Horde","floor":45.0,"turns":4.0},{"damage":17.0,"enemies":"Giant Head","floor":47.0,"turns":6.0},{"damage":20.0,"enemies":"Sphere and 2 Shapes","floor":48.0,"turns":5.0},{"damage":62.0,"enemies":"Time Eater","floor":50.0,"turns":10.0},{"damage":47.0,"enemies":"Shield and Spear","floor":54.0,"turns":5.0},{"damage":62,"enemies":"The Heart","floor":55,"turns":9}],"seed_played":"-8521338697285134146","potions_obtained":[{"floor":10.0,"key":"Explosive Potion"},{"floor":14.0,"key":"SmokeBomb"},{"floor":16.0,"key":"EssenceOfSteel"},{"floor":28.0,"key":"Regen Potion"},{"floor":31.0,"key":"Ancient Potion"},{"floor":44.0,"key":"Ancient Potion"},{"floor":54.0,"key":"Ancient Potion"}],"is_trial":false,"path_per_floor":["M","T","M","$","M","R","E","R","T","M","E","R","?","E","R","B",null,"M","?","?","M","M","E","R","M","T","R","M","M","?","E","R","B",null,"M","M","$","M","$","E","R","?","T","?","M","T","E","M","R","B",null,"R","$","E","B",null],"character_chosen":"IRONCLAD","items_purchased":["Flame Barrier","Sling","Medical Kit","Master of Strategy","ClockworkSouvenir","Power Through","Enlightenment"],"campfire_rested":6,"item_purchase_floors":[37,37,39,53,53,53,53],"current_hp_per_floor":[91,91,84,84,88,88,64,91,91,91,61,88,85,58,85,57,83,67,67,67,73,63,60,88,81,81,81,89,83,83,68,68,26,79,86,71,71,84,84,72,100,95,95,77,71,71,65,68,68,29,90,110,110,72,30],"gold":60,"neow_bonus":"ONE_RARE_RELIC","is_prod":false,"is_daily":false,"chose_seed":false,"campfire_upgraded":3,"win_rate":0,"timestamp":1552166255,"path_taken":["M","?","M","$","?","R","E","R","T","M","E","R","?","E","R","BOSS","M","?","?","M","?","E","R","M","T","R","M","M","?","E","R","BOSS","M","M","$","M","$","E","R","?","T","?","M","?","E","M","R","BOSS","R","$","E","BOSS"],"build_version":"2019-01-23","purchased_purges":3,"victory":true,"max_hp_per_floor":[94,94,94,91,91,91,91,91,91,91,91,91,91,91,91,91,91,91,91,91,91,91,94,94,94,94,94,94,94,94,97,97,97,97,97,97,97,103,100,100,100,95,95,98,101,101,104,107,107,110,110,110,110,113,113],"card_choices":[{"not_picked":["Perfected Strike","Clash","Corruption"],"picked":"SKIP","floor":1.0},{"not_picked":["Sentinel","Rage"],"picked":"Twin Strike","floor":3.0},{"not_picked":["Flex","Searing Blow"],"picked":"Shockwave","floor":5.0},{"not_picked":["Flex","Thunderclap"],"picked":"Shrug It Off","floor":7.0},{"not_picked":["Shrug It Off","Burning Pact"],"picked":"Inflame","floor":10.0},{"not_picked":["Clash","Uppercut"],"picked":"Demon Form","floor":11.0},{"not_picked":["Anger","Havoc"],"picked":"Uppercut","floor":13.0},{"not_picked":["Headbutt","Clash","Iron Wave"],"picked":"SKIP","floor":14.0},{"not_picked":["Brutality","Fiend Fire"],"picked":"Feed","floor":16.0},{"not_picked":["Pommel Strike"],"picked":"SKIP","floor":18.0},{"not_picked":["Headbutt"],"picked":"SKIP","floor":21.0},{"not_picked":["Blood for Blood"],"picked":"SKIP","floor":22.0},{"not_picked":["Pummel"],"picked":"SKIP","floor":23.0},{"not_picked":["Body Slam"],"picked":"SKIP","floor":25.0},{"not_picked":["Wild Strike"],"picked":"SKIP","floor":28.0},{"not_picked":["Sever Soul"],"picked":"SKIP","floor":29.0},{"not_picked":["Inflame"],"picked":"SKIP","floor":31.0},{"not_picked":[],"picked":"Immolate","floor":33.0},{"not_picked":["True Grit"],"picked":"SKIP","floor":35.0},{"not_picked":["Flex+1"],"picked":"SKIP","floor":36.0},{"not_picked":["Flex+1"],"picked":"SKIP","floor":38.0},{"not_picked":[],"picked":"True Grit+1","floor":40.0},{"not_picked":[],"picked":"Heavy Blade","floor":44.0},{"not_picked":["Headbutt+1"],"picked":"SKIP","floor":45.0},{"not_picked":["Dropkick+1"],"picked":"SKIP","floor":47.0},{"not_picked":["True Grit+1"],"picked":"SKIP","floor":48.0},{"not_picked":[],"picked":"Seeing Red","floor":54.0}],"player_experience":951979,"relics_obtained":[{"floor":2.0,"key":"Torii"},{"floor":7.0,"key":"Red Skull"},{"floor":9.0,"key":"Dead Branch"},{"floor":11.0,"key":"Meat on the Bone"},{"floor":13.0,"key":"Odd Mushroom"},{"floor":14.0,"key":"Gambling Chip"},{"floor":23.0,"key":"Blood Vial"},{"floor":26.0,"key":"Oddly Smooth Stone"},{"floor":31.0,"key":"Darkstone Periapt"},{"floor":40.0,"key":"Old Coin"},{"floor":44.0,"key":"Girya"},{"floor":46.0,"key":"Anchor"},{"floor":47.0,"key":"War Paint"},{"floor":54.0,"key":"Orichalcum"}],"event_choices":[{"damage_healed":0.0,"max_hp_gain":0.0,"max_hp_loss":0.0,"gold_gain":0.0,"event_name":"Mushrooms","player_choice":"Fought Mushrooms","floor":13.0,"gold_loss":0.0,"damage_taken":0.0},{"damage_healed":0.0,"max_hp_gain":0.0,"max_hp_loss":0.0,"gold_gain":0.0,"event_name":"Back to Basics","player_choice":"Simplicity","floor":19.0,"gold_loss":0.0,"damage_taken":0.0,"cards_upgraded":["Strike_R","Strike_R","Strike_R","Strike_R","Strike_R","Defend_R","Defend_R","Defend_R","Defend_R"]},{"damage_healed":0.0,"max_hp_gain":0.0,"max_hp_loss":0.0,"gold_gain":200.0,"event_name":"Wheel of Change","player_choice":"Gold","floor":20.0,"gold_loss":0.0,"damage_taken":0.0},{"damage_healed":0.0,"max_hp_gain":0.0,"max_hp_loss":0.0,"gold_gain":0.0,"event_name":"Addict","player_choice":"Obtained Relic","floor":30.0,"gold_loss":85.0,"damage_taken":0.0,"relics_obtained":["Mercury Hourglass"]},{"damage_healed":0.0,"max_hp_gain":0.0,"max_hp_loss":5.0,"gold_gain":0.0,"event_name":"Winding Halls","player_choice":"Max HP","floor":42.0,"gold_loss":0.0,"damage_taken":0.0},{"damage_healed":0.0,"max_hp_gain":0.0,"max_hp_loss":0.0,"gold_gain":0.0,"event_name":"Mysterious Sphere","player_choice":"Fight","floor":44.0,"gold_loss":0.0,"damage_taken":0.0}],"is_beta":false,"boss_relics":[{"not_picked":["Lizard Tail","Black Blood"],"picked":"Busted Crown"},{"not_picked":["Coffee Dripper","Pandora\u0027s Box"],"picked":"Fusion Hammer"}],"items_purged_floors":[4,37,39],"is_endless":false,"potions_floor_spawned":[10,14,16,28,31,33,36,44,54],"ascension_level":10}