{"gold_per_floor":[217,231,251,8,8,8,46,46,46,82,82,95,95,128,128,221,221,237,60,81,94,119,119,5,24,24,24,24,48,48,48,48,141,141,165,185,518,533,299,331,343,343,397,417,88,0,26,36,36,36,36],"floor_reached":52,"playtime":4639,"items_purged":["Doom and Gloom"],"score":2164,"play_id":"5180ece9-622d-4d92-ac62-c2c201bd8691","local_time":"20180826221344","is_ascension_mode":true,"campfire_choices":[{"data":"Zap","floor":6.0,"key":"SMITH"},{"data":"Hologram","floor":11.0,"key":"SMITH"},{"data":"Beam Cell","floor":13.0,"key":"SMITH"},{"data":"Dualcast","floor":15.0,"key":"SMITH"},{"data":"Go for the Eyes","floor":23.0,"key":"SMITH"},{"data":"Scrape","floor":30.0,"key":"SMITH"},{"data":"Scrape","floor":32.0,"key":"SMITH"},{"data":"Go for the Eyes","floor":42.0,"key":"SMITH"},{"data":"Beam Cell","floor":49,"key":"SMITH"}],"neow_cost":"NONE","seed_source_timestamp":60399068128306,"circlet_count":0,"master_deck":["Zap+1","Dualcast+1","AscendersBane","Gash","Hologram+1","Beam Cell+1","Buffer+1","Scrape+1","Seek+1","Leap+1","Coolheaded+1","Biased Cognition","Go for the Eyes+1","Coolheaded+1","Scrape+1","Conserve Battery+1","Flash of Steel","Fission+1","Hologram+1","Ghostly+1","Ghostly+1","Ghostly+1","Ghostly+1","Ghostly+1","Turbo+1","All For One","Recycle+1","Turbo+1","Conserve Battery+1","Go for the Eyes+1","Glacier+1","Steam+1","Compile Driver","Compile Driver","Seek+1","White Noise+1","Hologram+1","Hologram+1","All For One","Flash of Steel","Beam Cell+1"],"special_seed":0,"relics":["Cracked Core","Toxic Egg 2","Blue Candle","Bottled Lightning","Ornamental Fan","Philosopher\u0027s Stone","DataDisk","Mercury Hourglass","Pandora\u0027s Box","Singing Bowl","Bag of Preparation","DollysMirror","Red Mask","Dream Catcher"],"potions_floor_usage":[51,51],"damage_taken":[{"damage":2.0,"enemies":"Jaw Worm","floor":1.0,"turns":4.0},{"damage":1.0,"enemies":"2 Louse","floor":2.0,"turns":2.0},{"damage":3.0,"enemies":"Small Slimes","floor":3.0,"turns":3.0},{"damage":28.0,"enemies":"Gremlin Nob","floor":7.0,"turns":4.0},{"damage":0.0,"enemies":"Lagavulin","floor":10.0,"turns":7.0},{"damage":0.0,"enemies":"Red Slaver","floor":12.0,"turns":2.0},{"damage":15.0,"enemies":"3 Sentries","floor":14.0,"turns":8.0},{"damage":12.0,"enemies":"The Guardian","floor":16.0,"turns":12.0},{"damage":0.0,"enemies":"Chosen","floor":18.0,"turns":5.0},{"damage":28.0,"enemies":"3 Byrds","floor":20.0,"turns":6.0},{"damage":0.0,"enemies":"Snecko","floor":21.0,"turns":4.0},{"damage":0.0,"enemies":"Centurion and Healer","floor":22.0,"turns":6.0},{"damage":0.0,"enemies":"Snake Plant","floor":25.0,"turns":5.0},{"damage":0.0,"enemies":"Sentry and Sphere","floor":29.0,"turns":6.0},{"damage":10.0,"enemies":"Automaton","floor":33.0,"turns":13.0},{"damage":0.0,"enemies":"3 Shapes","floor":35.0,"turns":5.0},{"damage":0.0,"enemies":"Flame Bruiser 1 Orb","floor":36.0,"turns":5.0},{"damage":0.0,"enemies":"Sphere and 2 Shapes","floor":38.0,"turns":5.0},{"damage":0.0,"enemies":"Nemesis","floor":40.0,"turns":5.0},{"damage":1.0,"enemies":"4 Shapes","floor":41.0,"turns":1.0},{"damage":0.0,"enemies":"Flame Bruiser 2 Orb","floor":44.0,"turns":4.0},{"damage":0,"enemies":"2 Orb Walkers","floor":47,"turns":2},{"damage":0,"enemies":"Spire Growth","floor":48,"turns":4},{"damage":3,"enemies":"Donu and Deca","floor":50,"turns":9},{"damage":0,"enemies":"Time Eater","floor":51,"turns":10}],"seed_played":"2701600884869238503","potions_obtained":[{"floor":2.0,"key":"Swift Potion"},{"floor":10.0,"key":"Poison Potion"},{"floor":12.0,"key":"PowerPotion"},{"floor":20.0,"key":"Strength Potion"},{"floor":21.0,"key":"EssenceOfSteel"},{"floor":25.0,"key":"AttackPotion"},{"floor":35.0,"key":"FearPotion"},{"floor":48,"key":"FocusPotion"}],"is_trial":false,"path_per_floor":["M","M","M","$","?","R","E","?","T","E","R","M","R","E","R","B",null,"M","$","M","M","M","R","$","M","T","?","?","M","R","?","R","B",null,"M","M","?","M","$","E","M","R","T","M","$","?","E","M","R","B","B"],"character_chosen":"DEFECT","items_purchased":["Buffer","Scrape","DataDisk","Flash of Steel","Seek+1","DollysMirror","Flash of Steel"],"campfire_rested":0,"item_purchase_floors":[4,4,19,24,39,45,45],"current_hp_per_floor":[62,61,58,58,58,58,30,30,30,30,30,30,30,15,15,3,49,49,49,21,21,21,21,21,21,21,21,21,21,21,21,21,11,27,27,27,27,27,27,27,26,26,26,26,26,26,28,28,28,25,25],"gold":36,"neow_bonus":"HUNDRED_GOLD","is_prod":false,"is_daily":false,"chose_seed":false,"campfire_upgraded":9,"win_rate":0,"timestamp":1535314424,"path_taken":["M","M","M","$","?","R","E","?","T","E","R","M","R","E","R","BOSS","M","$","M","M","M","R","$","M","T","?","?","M","R","?","R","BOSS","M","M","?","M","$","E","M","R","T","M","$","?","E","M","R","BOSS","BOSS"],"build_version":"2018-08-23v2","purchased_purges":1,"victory":true,"max_hp_per_floor":[71,71,71,71,64,64,64,64,64,64,64,64,64,64,64,64,64,64,64,64,64,64,64,64,64,64,64,32,32,32,32,32,32,32,32,32,32,32,32,32,32,32,32,32,32,32,34,34,34,34,34],"card_choices":[{"not_picked":["Barrage","Go for the Eyes"],"picked":"Gash","floor":1.0},{"not_picked":["Double Energy","Capacitor"],"picked":"Hologram","floor":2.0},{"not_picked":["BootSequence","Barrage"],"picked":"Beam Cell","floor":3.0},{"not_picked":["Stack","Loop","Rainbow"],"picked":"SKIP","floor":7.0},{"not_picked":["Stack","Loop","Rainbow"],"picked":"SKIP","floor":7.0},{"not_picked":["Loop","Conserve Battery+1"],"picked":"Seek+1","floor":10.0},{"not_picked":["Compile Driver","Double Energy+1"],"picked":"Leap+1","floor":12.0},{"not_picked":["Turbo+1","Stack+1"],"picked":"Coolheaded+1","floor":14.0},{"not_picked":["Amplify+1","Thunder Strike"],"picked":"Biased Cognition","floor":16.0},{"not_picked":["Blizzard","Compile Driver+1"],"picked":"Go for the Eyes","floor":18.0},{"not_picked":["Streamline","Barrage"],"picked":"Coolheaded+1","floor":20.0},{"not_picked":["Stack+1","Barrage"],"picked":"Scrape","floor":21.0},{"not_picked":["Loop+1","Turbo+1"],"picked":"Conserve Battery+1","floor":22.0},{"not_picked":["Darkness+1","Rebound"],"picked":"Fission+1","floor":25.0},{"not_picked":["Cold Snap","Loop"],"picked":"Turbo+1","floor":29.0},{"not_picked":["Core Surge","Electrodynamics"],"picked":"All For One","floor":33.0},{"not_picked":["Ball Lightning","Stack+1","Force Field+1"],"picked":"SKIP","floor":35.0},{"not_picked":["Cold Snap","Barrage","Scrape+1"],"picked":"SKIP","floor":36.0},{"not_picked":["Leap+1","Lockon"],"picked":"Compile Driver","floor":38.0},{"not_picked":["Compile Driver","Stack+1"],"picked":"White Noise+1","floor":40.0},{"not_picked":["Defragment","Sweeping Beam"],"picked":"Hologram+1","floor":41.0},{"not_picked":["Redo+1","Coolheaded+1"],"picked":"Hologram+1","floor":44.0},{"not_picked":["Redo+1","Barrage","Tempest+1"],"picked":"Singing Bowl","floor":47},{"not_picked":["Rainbow+1","Rebound+1"],"picked":"Beam Cell","floor":48}],"player_experience":933976,"relics_obtained":[{"floor":7.0,"key":"Toxic Egg 2"},{"floor":9.0,"key":"Blue Candle"},{"floor":10.0,"key":"Bottled Lightning"},{"floor":14.0,"key":"Ornamental Fan"},{"floor":26.0,"key":"Mercury Hourglass"},{"floor":40.0,"key":"Singing Bowl"},{"floor":43.0,"key":"Bag of Preparation"},{"floor":47,"key":"Dream Catcher"}],"event_choices":[{"event_name":"Golden Idol","player_choice":"Lose Max HP","floor":5.0,"damage_taken":0.0},{"event_name":"Upgrade Shrine","player_choice":"Upgraded","floor":8.0,"damage_taken":0.0},{"event_name":"The Library","player_choice":"Read","floor":27.0,"damage_taken":0.0},{"event_name":"Ghosts","player_choice":"Became a Ghost","floor":28.0,"damage_taken":0.0},{"event_name":"Vampires","player_choice":"Ignored","floor":31.0,"damage_taken":0.0},{"event_name":"The Moai Head","player_choice":"Gave Idol","floor":37.0,"damage_taken":0.0},{"event_name":"Tomb of Lord Red Mask","player_choice":"Paid","floor":46,"damage_taken":0}],"is_beta":true,"boss_relics":[{"not_picked":["Inserter","Nuclear Battery"],"picked":"Philosopher\u0027s Stone"},{"not_picked":["Lizard Tail","White Beast Statue"],"picked":"Pandora\u0027s Box"}],"items_purged_floors":[39],"is_endless":false,"potions_floor_spawned":[2,10,12,20,21,25,35,40,44,48],"ascension_level":20}