{"gold_per_floor":[118,98,112,128,2,34,34,64,91,123,168,180,192,237,249,365,377,405,434,446,100,113,143,143,155,206,206,64,163,175,208,208,208],"floor_reached":33,"playtime":2168,"items_purged":["Strike_G","Infinite Blades"],"score":343,"play_id":"fec110ea-0e84-4a16-837c-f83729580151","local_time":"20190119155627","is_ascension_mode":true,"campfire_choices":[{"data":"Deadly Poison","floor":7,"key":"SMITH"},{"floor":15,"key":"REST"},{"floor":27,"key":"REST"},{"floor":32,"key":"REST"}],"neow_cost":"NONE","seed_source_timestamp":144753078030107,"circlet_count":0,"master_deck":["Defend_G","Defend_G","Defend_G","Defend_G","Defend_G","Strike_G","Strike_G","Strike_G","Survivor","Neutralize","Poisoned Stab","Poisoned Stab","Deadly Poison+1","Quick Slash","Bane","Envenom+1","Sucker Punch","Noxious Fumes+1","Flying Knee","Backflip","Catalyst","Poisoned Stab","Poisoned Stab+1","Dodge and Roll","Footwork+1","Leg Sweep","Acrobatics+1"],"relics":["Ring of the Snake","Snake Skull","Frozen Egg 2","MawBank","Boot","Ornamental Fan","Lantern","Black Star","MutagenicStrength","Bag of Preparation","Letter Opener","Omamori","Strawberry","Molten Egg 2"],"potions_floor_usage":[6,14,14,16,23,23,31],"damage_taken":[{"damage":0,"enemies":"Small Slimes","floor":1,"turns":6},{"damage":0,"enemies":"Cultist","floor":3,"turns":3},{"damage":0,"enemies":"Jaw Worm","floor":4,"turns":5},{"damage":6,"enemies":"Gremlin Nob","floor":6,"turns":3},{"damage":17,"enemies":"Large Slime","floor":10,"turns":6},{"damage":8,"enemies":"Lagavulin","floor":11,"turns":5},{"damage":2,"enemies":"3 Sentries","floor":14,"turns":7},{"damage":6,"enemies":"Slime Boss","floor":16,"turns":9},{"damage":0,"enemies":"Shell Parasite","floor":18,"turns":4},{"damage":24,"enemies":"2 Thieves","floor":19,"turns":4},{"damage":2,"enemies":"Chosen and Byrds","floor":22,"turns":4},{"damage":20,"enemies":"Book of Stabbing","floor":23,"turns":5},{"damage":25,"enemies":"Cultist and Chosen","floor":25,"turns":6},{"damage":2,"enemies":"Snecko","floor":30,"turns":3},{"damage":26,"enemies":"Gremlin Leader","floor":31,"turns":5},{"damage":65,"enemies":"Champ","floor":33,"turns":7}],"seed_played":"-7493030509872254206","potions_obtained":[{"floor":2,"key":"Dexterity Potion"},{"floor":4,"key":"Fire Potion"},{"floor":6,"key":"SpeedPotion"},{"floor":10,"key":"GamblersBrew"},{"floor":14,"key":"Energy Potion"},{"floor":19,"key":"GhostInAJar"},{"floor":30,"key":"Poison Potion"}],"is_trial":false,"path_per_floor":["M","?","M","M","$","E","R","?","T","M","E","?","?","E","R","B",null,"M","M","?","$","M","E","?","M","T","R","$","?","M","E","R","B"],"character_chosen":"THE_SILENT","items_purchased":["Deadly Poison","Noxious Fumes+1","Flying Knee","Backflip","Catalyst","Poisoned Stab","Footwork+1","Leg Sweep"],"campfire_rested":3,"item_purchase_floors":[5,21,21,21,21,21,28,28],"current_hp_per_floor":[77,77,77,77,77,71,71,71,71,54,46,34,34,32,55,49,77,77,53,53,53,51,31,56,31,31,54,54,54,52,33,58,0],"gold":208,"neow_bonus":"TEN_PERCENT_HP_BONUS","is_prod":false,"is_daily":false,"chose_seed":false,"campfire_upgraded":1,"win_rate":1,"timestamp":1547902587,"path_taken":["M","?","?","M","$","E","R","?","T","M","E","?","?","E","R","BOSS","M","M","?","$","M","E","?","M","T","R","$","?","?","E","R","BOSS"],"build_version":"2019-01-17v2","purchased_purges":2,"victory":false,"max_hp_per_floor":[77,77,77,77,77,77,77,77,77,77,77,77,77,77,77,77,77,77,77,77,77,77,77,77,77,77,77,77,77,77,84,84,84],"card_choices":[{"not_picked":["PiercingWail","Blade Dance"],"picked":"Infinite Blades","floor":1},{"not_picked":["Quick Slash","Sucker Punch"],"picked":"Poisoned Stab","floor":3},{"not_picked":["Quick Slash","Skewer"],"picked":"Poisoned Stab","floor":4},{"not_picked":["Flechettes","PiercingWail"],"picked":"Quick Slash","floor":6},{"not_picked":["PiercingWail","Terror"],"picked":"Bane","floor":10},{"not_picked":["Bullet Time","Quick Slash","Caltrops+1"],"picked":"SKIP","floor":11},{"not_picked":["Underhanded Strike","Prepared","Choke"],"picked":"SKIP","floor":14},{"not_picked":["Tools of the Trade+1","Die Die Die"],"picked":"Envenom+1","floor":16},{"not_picked":["Bouncing Flask","Blade Dance","PiercingWail"],"picked":"SKIP","floor":18},{"not_picked":["Bane","Outmaneuver"],"picked":"Sucker Punch","floor":19},{"not_picked":["Expertise","Blade Dance","Distraction"],"picked":"SKIP","floor":22},{"not_picked":["Crippling Poison","Calculated Gamble"],"picked":"Poisoned Stab+1","floor":23},{"not_picked":["Blade Dance","Calculated Gamble"],"picked":"Dodge and Roll","floor":25},{"not_picked":["Flying Knee","Tactician"],"picked":"Acrobatics+1","floor":30},{"not_picked":["Outmaneuver+1","Acrobatics","Glass Knife"],"picked":"SKIP","floor":31}],"player_experience":71374,"relics_obtained":[{"floor":6,"key":"Snake Skull"},{"floor":9,"key":"MawBank"},{"floor":11,"key":"Boot"},{"floor":14,"key":"Lantern"},{"floor":23,"key":"Bag of Preparation"},{"floor":23,"key":"Letter Opener"},{"floor":26,"key":"Omamori"},{"floor":31,"key":"Strawberry"},{"floor":31,"key":"Molten Egg 2"}],"event_choices":[{"damage_healed":0,"gold_gain":0,"player_choice":"Bought 1 Potion","damage_taken":0,"max_hp_gain":0,"max_hp_loss":0,"event_name":"The Woman in Blue","floor":2,"gold_loss":0},{"damage_healed":0,"gold_gain":30,"player_choice":"Searched \u00272\u0027 times","damage_taken":0,"relics_obtained":["Frozen Egg 2"],"max_hp_gain":0,"max_hp_loss":0,"event_name":"Dead Adventurer","floor":8,"gold_loss":0},{"damage_healed":0,"gold_gain":0,"player_choice":"Success","damage_taken":12,"relics_obtained":["Ornamental Fan"],"max_hp_gain":0,"max_hp_loss":0,"event_name":"Scrap Ooze","floor":12,"gold_loss":0},{"cards_removed":["Strike_G"],"damage_healed":0,"gold_gain":0,"player_choice":"Forget","damage_taken":0,"max_hp_gain":0,"max_hp_loss":0,"event_name":"Living Wall","floor":13,"gold_loss":0},{"damage_healed":0,"gold_gain":0,"player_choice":"Inject Mutagens","damage_taken":0,"relics_obtained":["MutagenicStrength"],"max_hp_gain":0,"max_hp_loss":0,"event_name":"Drug Dealer","floor":20,"gold_loss":0},{"damage_healed":25,"gold_gain":0,"player_choice":"Heal","damage_taken":0,"max_hp_gain":0,"max_hp_loss":0,"event_name":"The Library","floor":24,"gold_loss":0},{"damage_healed":0,"gold_gain":99,"player_choice":"Stole From Cult","damage_taken":0,"max_hp_gain":0,"max_hp_loss":0,"event_name":"Nest","floor":29,"gold_loss":0}],"is_beta":false,"boss_relics":[{"not_picked":["Ring of the Serpent","Eternal Feather"],"picked":"Black Star"}],"items_purged_floors":[5,21],"is_endless":false,"potions_floor_spawned":[4,6,10,14,19,30],"killed_by":"Champ","ascension_level":1}