{"gold_per_floor":[112,37,49,49,64,97,97,126,179,198,198,209,209,222,222,297,297,313,313,324,337,237,237],"floor_reached":23,"playtime":5800,"items_purged":["Writhe","Strike_B"],"score":355,"play_id":"b5743257-63b0-4eae-b982-f1776df50bf5","local_time":"20190219204359","is_ascension_mode":true,"campfire_choices":[{"floor":7.0,"key":"REST"},{"floor":11,"key":"REST"},{"floor":15,"key":"REST"}],"neow_cost":"CURSE","seed_source_timestamp":355196824674100,"circlet_count":0,"master_deck":["AscendersBane","Strike_B","Strike_B","Defend_B","Defend_B","Defend_B","Defend_B","Zap","Dualcast","Gash","Biased Cognition","Conserve Battery","Sunder","Electrodynamics","Gash","Coolheaded","Genetic Algorithm","Electrodynamics","Hologram","Self Repair"],"special_seed":0,"relics":["Cracked Core","Dodecahedron","Potion Belt","Regal Pillow","DataDisk","Velvet Choker"],"potions_floor_usage":[18],"damage_taken":[{"damage":1.0,"enemies":"Cultist","floor":1.0,"turns":3.0},{"damage":5.0,"enemies":"2 Louse","floor":3.0,"turns":2.0},{"damage":12.0,"enemies":"Small Slimes","floor":5.0,"turns":3.0},{"damage":40.0,"enemies":"Gremlin Nob","floor":6.0,"turns":5.0},{"damage":30,"enemies":"3 Sentries","floor":8,"turns":6},{"damage":1,"enemies":"2 Fungi Beasts","floor":10,"turns":2},{"damage":0,"enemies":"3 Louse","floor":12,"turns":1},{"damage":7,"enemies":"Exordium Thugs","floor":14,"turns":3},{"damage":25,"enemies":"Slime Boss","floor":16,"turns":6},{"damage":4,"enemies":"Spheric Guardian","floor":18,"turns":5},{"damage":18,"enemies":"Shell Parasite","floor":20,"turns":6},{"damage":39,"enemies":"Shelled Parasite and Fungi","floor":21,"turns":5},{"damage":25,"enemies":"Gremlin Leader","floor":23,"turns":2}],"seed_played":"-8985591583537555979","potions_obtained":[{"floor":10,"key":"SteroidPotion"},{"floor":12,"key":"LiquidBronze"},{"floor":14,"key":"Block Potion"},{"floor":16,"key":"FearPotion"},{"floor":18,"key":"FearPotion"},{"floor":19,"key":"Ancient Potion"}],"is_trial":false,"path_per_floor":["M","$","M","?","M","E","R","E","T","M","R","M","?","M","R","B",null,"M","?","M","M","$","E"],"character_chosen":"DEFECT","items_purchased":[],"campfire_rested":3,"item_purchase_floors":[],"current_hp_per_floor":[77,77,72,72,60,20,45,15,15,14,54,54,47,40,80,55,78,74,74,56,17,17,0],"gold":237,"neow_bonus":"TWENTY_PERCENT_HP_BONUS","is_prod":false,"is_daily":false,"chose_seed":false,"campfire_upgraded":0,"win_rate":0,"timestamp":1550627039,"path_taken":["M","$","M","?","M","E","R","E","T","?","R","M","?","M","R","BOSS","M","?","?","M","$","E"],"build_version":"2019-01-23","purchased_purges":2,"victory":false,"max_hp_per_floor":[85,85,85,85,85,85,85,85,85,85,85,85,85,85,85,85,85,85,85,85,85,85,85],"card_choices":[{"not_picked":["Leap","Redo"],"picked":"Gash","floor":1.0},{"not_picked":["Coolheaded","Recycle"],"picked":"Biased Cognition","floor":3.0},{"not_picked":["Steam","Turbo"],"picked":"Conserve Battery","floor":5.0},{"not_picked":["Reprogram","Leap"],"picked":"Sunder","floor":6.0},{"not_picked":["Barrage","Hologram"],"picked":"Electrodynamics","floor":8},{"not_picked":["Aggregate","Consume"],"picked":"Gash","floor":10},{"not_picked":["Streamline","Stack"],"picked":"Coolheaded","floor":12},{"not_picked":["Undo","Rebound"],"picked":"Genetic Algorithm","floor":14},{"not_picked":["Amplify","Multi-Cast"],"picked":"Electrodynamics","floor":16},{"not_picked":["Auto Shields","Turbo"],"picked":"Hologram","floor":18},{"not_picked":["Auto Shields","Conserve Battery","Steam"],"picked":"SKIP","floor":20},{"not_picked":["Turbo","Steam+1"],"picked":"Self Repair","floor":21}],"player_experience":905141,"relics_obtained":[{"floor":4.0,"key":"Dodecahedron"},{"floor":6.0,"key":"Potion Belt"},{"floor":8,"key":"Regal Pillow"},{"floor":9,"key":"DataDisk"}],"event_choices":[{"damage_healed":0.0,"max_hp_gain":0.0,"max_hp_loss":0.0,"gold_gain":0.0,"event_name":"Wheel of Change","player_choice":"Relic","floor":4.0,"gold_loss":0.0,"damage_taken":0.0},{"cards_removed":["Strike_B"],"damage_healed":0,"gold_gain":0,"player_choice":"Card Removal","damage_taken":7,"max_hp_gain":0,"max_hp_loss":0,"event_name":"Golden Wing","floor":13,"gold_loss":0},{"damage_healed":0,"gold_gain":0,"player_choice":"Got Potions","damage_taken":0,"max_hp_gain":0,"max_hp_loss":0,"event_name":"Lab","floor":19,"gold_loss":0}],"is_beta":false,"boss_relics":[{"not_picked":["Eternal Feather","FrozenCore"],"picked":"Velvet Choker"}],"items_purged_floors":[2,22],"is_endless":false,"potions_floor_spawned":[10,12,14,16,18],"killed_by":"Gremlin Leader","ascension_level":15}