{"gold_per_floor":[112,122,136,153,168,202,202,8,78,88,98,98,98,124,124,203,203,219,14,29,29,48,48,48,48,48,48,80,80,91,111,111,184,184,203,203,103,115,95,95,120,120,143,143,153,165,180,180,180,180],"floor_reached":50,"playtime":2202,"items_purged":["Defend_R","Strike_R"],"score":1005,"play_id":"32bbfdb3-46ed-44f7-a179-d3d3cf2f4faa","local_time":"20190512053653","is_ascension_mode":true,"campfire_choices":[{"data":"Bash","floor":7,"key":"SMITH"},{"floor":13,"key":"REST"},{"data":"Armaments","floor":15,"key":"SMITH"},{"floor":23,"key":"REST"},{"data":"The Bomb","floor":29,"key":"SMITH"},{"data":"Ghostly","floor":32,"key":"SMITH"},{"data":"Ghostly","floor":40,"key":"SMITH"},{"data":"Ghostly","floor":42,"key":"SMITH"},{"data":"Fiend Fire","floor":44,"key":"SMITH"},{"data":"Evolve","floor":49,"key":"SMITH"}],"neow_cost":"NONE","seed_source_timestamp":182260454830500,"circlet_count":0,"master_deck":["AscendersBane","Strike_R","Strike_R","Defend_R","Defend_R","Defend_R","Bash+1","Carnage","Whirlwind","Evolve+1","Pommel Strike","Armaments+1","Clothesline","The Bomb+1","Ghostly+1","Ghostly+1","Ghostly+1","Dropkick+1","Fiend Fire+1"],"relics":["Busted Crown","Gremlin Horn","Mercury Hourglass","Pocketwatch","Eternal Feather","Gambling Chip","Blood Vial","Velvet Choker","Omamori","Bronze Scales"],"potions_floor_usage":[6,6,14,20,28,41,45,50,50],"damage_taken":[{"damage":2,"enemies":"Small Slimes","floor":1,"turns":3},{"damage":0,"enemies":"2 Louse","floor":2,"turns":2},{"damage":0,"enemies":"Cultist","floor":3,"turns":2},{"damage":24,"enemies":"Exordium Thugs","floor":4,"turns":4},{"damage":4,"enemies":"Red Slaver","floor":5,"turns":2},{"damage":18,"enemies":"Lagavulin","floor":6,"turns":5},{"damage":0,"enemies":"2 Fungi Beasts","floor":10,"turns":2},{"damage":8,"enemies":"Large Slime","floor":11,"turns":4},{"damage":0,"enemies":"3 Sentries","floor":14,"turns":2},{"damage":8,"enemies":"Hexaghost","floor":16,"turns":7},{"damage":12,"enemies":"Chosen","floor":18,"turns":3},{"damage":0,"enemies":"3 Byrds","floor":20,"turns":3},{"damage":30,"enemies":"Snake Plant","floor":22,"turns":4},{"damage":13,"enemies":"Slavers","floor":28,"turns":6},{"damage":4,"enemies":"Cultist and Chosen","floor":30,"turns":5},{"damage":8,"enemies":"3 Cultists","floor":31,"turns":4},{"damage":51,"enemies":"Automaton","floor":33,"turns":9},{"damage":0,"enemies":"3 Shapes","floor":35,"turns":4},{"damage":1,"enemies":"Orb Walker","floor":38,"turns":3},{"damage":21,"enemies":"Nemesis","floor":41,"turns":7},{"damage":8,"enemies":"Transient","floor":45,"turns":6},{"damage":11,"enemies":"3 Darklings","floor":46,"turns":3},{"damage":18,"enemies":"Maw","floor":47,"turns":7},{"damage":55,"enemies":"Time Eater","floor":50,"turns":9}],"seed_played":"-7530932147940263363","potions_obtained":[{"floor":1,"key":"EssenceOfSteel"},{"floor":5,"key":"Poison Potion"},{"floor":10,"key":"Block Potion"},{"floor":11,"key":"Explosive Potion"},{"floor":22,"key":"BloodPotion"},{"floor":28,"key":"Fire Potion"},{"floor":31,"key":"FairyPotion"},{"floor":33,"key":"Explosive Potion"},{"floor":35,"key":"Swift Potion"},{"floor":46,"key":"Strength Potion"},{"floor":47,"key":"Swift Potion"}],"is_trial":false,"path_per_floor":["M","M","M","M","M","E","R","$","T","M","M","?","R","E","R","B",null,"M","$","M","$","M","R","?","?","T","?","E","R","M","M","R","B",null,"M","?","$","M","?","R","E","R","T","R","M","M","M","?","R","B"],"character_chosen":"IRONCLAD","items_purchased":["Whirlwind","Evolve","The Bomb"],"campfire_rested":2,"item_purchase_floors":[8,8,19],"current_hp_per_floor":[66,66,66,42,38,20,20,20,20,20,12,5,27,27,27,19,61,49,49,49,49,19,50,37,37,37,37,27,36,33,27,36,3,29,31,31,31,32,32,37,16,25,25,34,28,19,3,37,37,0],"gold":180,"neow_bonus":"BOSS_RELIC","is_prod":false,"is_daily":false,"chose_seed":false,"campfire_upgraded":8,"win_rate":0,"timestamp":1557653813,"path_taken":["M","M","M","M","M","E","R","$","T","M","M","?","R","E","R","BOSS","M","$","M","$","M","R","?","?","T","?","E","R","M","?","R","BOSS","M","?","$","?","?","R","E","R","T","R","M","?","M","?","R","BOSS"],"build_version":"2019-01-23","purchased_purges":2,"victory":false,"max_hp_per_floor":[75,75,75,75,75,75,75,75,75,75,75,75,75,75,75,75,75,75,75,75,75,75,75,37,37,37,37,37,37,37,37,37,37,37,37,37,37,37,37,37,37,37,37,37,37,37,37,37,37,37],"card_choices":[{"not_picked":[],"picked":"Carnage","floor":1},{"not_picked":["Entrench"],"picked":"SKIP","floor":2},{"not_picked":["Anger"],"picked":"SKIP","floor":3},{"not_picked":["Iron Wave"],"picked":"SKIP","floor":4},{"not_picked":["Second Wind"],"picked":"SKIP","floor":5},{"not_picked":["Anger"],"picked":"SKIP","floor":6},{"not_picked":[],"picked":"Pommel Strike","floor":10},{"not_picked":["Warcry"],"picked":"SKIP","floor":11},{"not_picked":[],"picked":"Armaments","floor":14},{"not_picked":[],"picked":"Clothesline","floor":18},{"not_picked":["True Grit"],"picked":"SKIP","floor":20},{"not_picked":["Headbutt"],"picked":"SKIP","floor":22},{"not_picked":[],"picked":"Dropkick+1","floor":28},{"not_picked":["Clothesline"],"picked":"SKIP","floor":30},{"not_picked":["Iron Wave"],"picked":"SKIP","floor":31},{"not_picked":[],"picked":"Fiend Fire","floor":33},{"not_picked":["Headbutt+1"],"picked":"SKIP","floor":35},{"not_picked":["Inflame"],"picked":"SKIP","floor":38},{"not_picked":["Blood for Blood+1"],"picked":"SKIP","floor":41},{"not_picked":["Sword Boomerang"],"picked":"SKIP","floor":45},{"not_picked":["Heavy Blade+1"],"picked":"SKIP","floor":46},{"not_picked":["Inflame"],"picked":"SKIP","floor":47}],"player_experience":442724,"relics_obtained":[{"floor":6,"key":"Gremlin Horn"},{"floor":9,"key":"Mercury Hourglass"},{"floor":14,"key":"Pocketwatch"},{"floor":26,"key":"Gambling Chip"},{"floor":28,"key":"Blood Vial"},{"floor":41,"key":"Omamori"},{"floor":43,"key":"Bronze Scales"}],"event_choices":[{"cards_removed":["Strike_R"],"damage_healed":0,"gold_gain":0,"player_choice":"Card Removal","damage_taken":7,"max_hp_gain":0,"max_hp_loss":0,"event_name":"Golden Wing","floor":12,"gold_loss":0},{"damage_healed":0,"gold_gain":0,"player_choice":"Became a Ghost","damage_taken":0,"max_hp_gain":0,"max_hp_loss":38,"event_name":"Ghosts","floor":24,"gold_loss":0,"cards_obtained":["Ghostly","Ghostly","Ghostly"]},{"damage_healed":0,"gold_gain":0,"player_choice":"Ignored","damage_taken":0,"max_hp_gain":0,"max_hp_loss":0,"event_name":"Vampires","floor":25,"gold_loss":0},{"cards_removed":["Strike_R"],"damage_healed":0,"gold_gain":0,"player_choice":"Offered Basic","damage_taken":0,"max_hp_gain":0,"max_hp_loss":0,"event_name":"Bonfire Elementals","floor":27,"gold_loss":0},{"damage_healed":0,"gold_gain":0,"player_choice":"Got Potions","damage_taken":0,"max_hp_gain":0,"max_hp_loss":0,"event_name":"Lab","floor":36,"gold_loss":0},{"damage_healed":0,"gold_gain":0,"player_choice":"Bought 1 Potion","damage_taken":0,"max_hp_gain":0,"max_hp_loss":0,"event_name":"The Woman in Blue","floor":39,"gold_loss":0},{"damage_healed":34,"gold_gain":0,"player_choice":"Heal","damage_taken":0,"max_hp_gain":0,"max_hp_loss":0,"event_name":"MindBloom","floor":48,"gold_loss":0,"cards_obtained":["Doubt"]}],"is_beta":false,"boss_relics":[{"not_picked":["Pandora\u0027s Box","Mark of Pain"],"picked":"Eternal Feather"},{"not_picked":["Astrolabe","Black Star"],"picked":"Velvet Choker"}],"items_purged_floors":[8,37],"is_endless":false,"potions_floor_spawned":[1,5,10,11,22,28,31,33,35,46,47],"killed_by":"Time Eater","ascension_level":18}