{"gold_per_floor":[214,232,307,45,195,195,47,47,47,64,64,83,83,24,24,101,101,121,121],"floor_reached":19,"playtime":507,"items_purged":["Defend_R"],"score":302,"play_id":"0866b56e-3e81-410e-aebd-0d55821dfc3c","local_time":"20190530191557","is_ascension_mode":true,"campfire_choices":[{"data":"Bash","floor":6,"key":"SMITH"},{"data":"Carnage","floor":8,"key":"SMITH"},{"data":"Anger","floor":11,"key":"SMITH"},{"data":"Spot Weakness","floor":13,"key":"SMITH"},{"data":"Shrug It Off","floor":15,"key":"SMITH"}],"neow_cost":"NONE","seed_source_timestamp":344297303424300,"circlet_count":0,"master_deck":["AscendersBane","Strike_R","Strike_R","Strike_R","Strike_R","Defend_R","Defend_R","Defend_R","Bash+1","Anger+1","Carnage+1","Shrug It Off+1","Spot Weakness+1","Twin Strike","Limit Break"],"relics":["Burning Blood","Art of War","Ancient Tea Set","Paper Frog","Empty Cage"],"potions_floor_usage":[16],"damage_taken":[{"damage":11,"enemies":"2 Louse","floor":1,"turns":3},{"damage":2,"enemies":"Jaw Worm","floor":2,"turns":3},{"damage":0,"enemies":"Small Slimes","floor":10,"turns":2},{"damage":14,"enemies":"Red Slaver","floor":12,"turns":2},{"damage":49,"enemies":"Slime Boss","floor":16,"turns":6},{"damage":44,"enemies":"Spheric Guardian","floor":18,"turns":5},{"damage":23,"enemies":"Chosen","floor":19,"turns":4}],"seed_played":"-339416311453639260","potions_obtained":[{"floor":10,"key":"Poison Potion"},{"floor":12,"key":"Strength Potion"}],"is_trial":false,"path_per_floor":["M","M","?","$","?","R","?","R","T","M","R","M","R","$","R","B",null,"M","M"],"character_chosen":"IRONCLAD","items_purchased":["Shrug It Off","Art of War","Twin Strike"],"campfire_rested":0,"item_purchase_floors":[4,4,14],"current_hp_per_floor":[63,67,56,56,56,56,56,56,56,62,62,54,54,54,54,11,59,21,0],"gold":121,"neow_bonus":"HUNDRED_GOLD","is_prod":false,"is_daily":false,"chose_seed":false,"campfire_upgraded":5,"win_rate":0,"timestamp":1559268957,"path_taken":["M","M","?","$","?","R","?","R","T","M","R","?","R","?","R","BOSS","M","?"],"build_version":"2019-01-23","purchased_purges":1,"victory":false,"max_hp_per_floor":[75,75,75,75,75,75,75,75,75,75,75,75,75,75,75,75,75,75,75],"card_choices":[{"not_picked":["Iron Wave","Dropkick"],"picked":"Anger","floor":1},{"not_picked":["Clothesline","Uppercut"],"picked":"Carnage","floor":2},{"not_picked":["Anger","Shockwave","Body Slam"],"picked":"SKIP","floor":10},{"not_picked":["Pommel Strike","Armaments"],"picked":"Spot Weakness","floor":12},{"not_picked":["Reaper","Feed"],"picked":"Limit Break","floor":16},{"not_picked":["Flex+1","Power Through","Warcry"],"picked":"SKIP","floor":18}],"player_experience":499810,"relics_obtained":[{"floor":9,"key":"Paper Frog"}],"event_choices":[{"damage_healed":0,"gold_gain":75,"player_choice":"Gather Gold","damage_taken":11,"max_hp_gain":0,"max_hp_loss":0,"event_name":"World of Goop","floor":3,"gold_loss":0},{"damage_healed":0,"gold_gain":150,"player_choice":"AGREE","damage_taken":0,"max_hp_gain":0,"max_hp_loss":0,"event_name":"Liars Game","floor":5,"gold_loss":0,"cards_obtained":["Doubt"]},{"damage_healed":0,"gold_gain":0,"player_choice":"Paid Gold","damage_taken":0,"relics_obtained":["Ancient Tea Set"],"max_hp_gain":0,"max_hp_loss":0,"event_name":"WeMeetAgain","floor":7,"gold_loss":148}],"is_beta":false,"boss_relics":[{"not_picked":["Coffee Dripper","Mark of Pain"],"picked":"Empty Cage"}],"items_purged_floors":[4],"is_endless":false,"potions_floor_spawned":[10,12],"killed_by":"Chosen","ascension_level":19}