{"gold_per_floor":[114,114,129,144,171,183,225,252,264,276,363,26,41,56,56,156,156,171,186,186,201,216,246,261,276,301,316,66,81,111,126,126,226,226,241,241,256,271,286,316,316,331,331,361,376,376,406,106,106,106],"floor_reached":51,"playtime":2181,"items_purged":["Steam","Sweeping Beam"],"score":1189,"play_id":"c55d66e5-3d87-486b-b1d5-86a000f4f409","local_time":"20190419112221","daily_mods":["SealedDeck","Vintage","Lethality"],"is_ascension_mode":false,"campfire_choices":[{"data":"Streamline","floor":6.0,"key":"SMITH"},{"data":"Go for the Eyes","floor":15.0,"key":"SMITH"},{"data":"Gash","floor":32.0,"key":"SMITH"},{"data":"Steam","floor":41.0,"key":"SMITH"},{"data":"Steam","floor":49.0,"key":"SMITH"}],"neow_cost":"","seed_source_timestamp":0,"circlet_count":0,"master_deck":["Steam+1","Streamline+1","Steam+1","Steam+1","Steam+1","Go for the Eyes+1","Gash+1","Gash+1"],"special_seed":18005,"relics":["Cracked Core","Potion Belt","Blue Candle","MawBank","PreservedInsect","Happy Flower","Boot","Question Card","Gremlin Horn","Toxic Egg 2","Shuriken","Pen Nib","Eternal Feather","Blood Vial","Pantograph","Nilry\u0027s Codex","Regal Pillow","Unceasing Top","Bottled Flame","Bag of Preparation","Letter Opener","Anchor","Whetstone","Strawberry","Art of War","Matryoshka","Omamori","Orrery","Meat on the Bone","Darkstone Periapt","Orichalcum","Ancient Tea Set","Juzu Bracelet","War Paint","Molten Egg 2","Dodecahedron","Vajra","Torii","Bottled Lightning","Kunai"],"potions_floor_usage":[],"damage_taken":[{"damage":2.0,"enemies":"Jaw Worm","floor":1.0,"turns":2.0},{"damage":0.0,"enemies":"Small Slimes","floor":3.0,"turns":2.0},{"damage":0.0,"enemies":"Cultist","floor":4.0,"turns":2.0},{"damage":0.0,"enemies":"2 Fungi Beasts","floor":5.0,"turns":3.0},{"damage":0.0,"enemies":"Gremlin Nob","floor":7.0,"turns":2.0},{"damage":1.0,"enemies":"Blue Slaver","floor":8.0,"turns":2.0},{"damage":0.0,"enemies":"Lots of Slimes","floor":13.0,"turns":2.0},{"damage":0.0,"enemies":"2 Fungi Beasts","floor":14.0,"turns":2.0},{"damage":22.0,"enemies":"Hexaghost","floor":16.0,"turns":5.0},{"damage":3.0,"enemies":"3 Byrds","floor":18.0,"turns":3.0},{"damage":0.0,"enemies":"Spheric Guardian","floor":19.0,"turns":1.0},{"damage":2.0,"enemies":"Snecko","floor":21.0,"turns":3.0},{"damage":5.0,"enemies":"Shelled Parasite and Fungi","floor":22.0,"turns":3.0},{"damage":0.0,"enemies":"Gremlin Leader","floor":23.0,"turns":1.0},{"damage":0.0,"enemies":"3 Cultists","floor":24.0,"turns":1.0},{"damage":0.0,"enemies":"Snake Plant","floor":25.0,"turns":2.0},{"damage":0.0,"enemies":"Snecko","floor":27.0,"turns":1.0},{"damage":0.0,"enemies":"3 Cultists","floor":29.0,"turns":1.0},{"damage":0.0,"enemies":"Book of Stabbing","floor":30.0,"turns":1.0},{"damage":0.0,"enemies":"Shelled Parasite and Fungi","floor":31.0,"turns":1.0},{"damage":0.0,"enemies":"Champ","floor":33.0,"turns":1.0},{"damage":0.0,"enemies":"3 Darklings","floor":35.0,"turns":1.0},{"damage":0.0,"enemies":"3 Shapes","floor":37.0,"turns":1.0},{"damage":0.0,"enemies":"Writhing Mass","floor":38.0,"turns":1.0},{"damage":0.0,"enemies":"3 Darklings","floor":39.0,"turns":1.0},{"damage":0.0,"enemies":"Reptomancer","floor":40.0,"turns":1.0},{"damage":0.0,"enemies":"Transient","floor":42.0,"turns":1.0},{"damage":0.0,"enemies":"Nemesis","floor":44.0,"turns":1.0},{"damage":0.0,"enemies":"Maw","floor":45.0,"turns":2.0},{"damage":0.0,"enemies":"Reptomancer","floor":47.0,"turns":1.0},{"damage":0,"enemies":"Time Eater","floor":50,"turns":3}],"seed_played":"4326965394540901003","potions_obtained":[{"floor":5.0,"key":"PowerPotion"},{"floor":7.0,"key":"SpeedPotion"},{"floor":14.0,"key":"LiquidBronze"},{"floor":16.0,"key":"SpeedPotion"},{"floor":18.0,"key":"Ancient Potion"},{"floor":21.0,"key":"SpeedPotion"},{"floor":27.0,"key":"EntropicBrew"},{"floor":30.0,"key":"Regen Potion"},{"floor":39.0,"key":"Poison Potion"},{"floor":40.0,"key":"PowerPotion"}],"is_trial":false,"path_per_floor":["M","?","M","M","M","R","E","M","T","?","T","$","M","M","R","B",null,"M","M","?","M","M","E","M","M","T","M","$","M","E","M","R","B",null,"M","?","M","M","M","E","R","M","T","E","M","?","E","$","R","B",null],"character_chosen":"DEFECT","items_purchased":["Gash","Toxic Egg 2","Strawberry","Kunai","Weak Potion"],"campfire_rested":0,"item_purchase_floors":[12,12,28,48,48],"current_hp_per_floor":[73,66,66,66,66,66,66,65,65,70,70,70,70,70,70,48,80,77,79,63,63,60,62,64,66,66,68,75,77,79,81,84,87,87,87,87,87,87,87,87,87,87,87,87,87,87,87,87,87,87],"gold":106,"neow_bonus":"","is_prod":false,"is_daily":true,"chose_seed":false,"campfire_upgraded":5,"win_rate":0,"timestamp":1555665741,"path_taken":["M","?","M","M","M","R","E","M","T","?","?","$","M","M","R","BOSS","M","M","?","M","M","E","M","M","T","M","$","M","E","M","R","BOSS","M","?","M","M","M","E","R","M","T","E","M","?","E","$","R","BOSS"],"build_version":"2019-01-23","purchased_purges":2,"victory":true,"max_hp_per_floor":[75,75,75,75,75,75,75,75,75,80,80,80,80,80,80,80,80,80,80,80,80,80,80,80,80,80,80,87,87,87,87,87,87,87,87,87,87,87,87,87,87,87,87,87,87,87,87,87,87,87],"card_choices":[{"not_picked":["Reprogram","Steam"],"picked":"Gash","floor":7.0},{"not_picked":["Biased Cognition","Streamline","Leap+1","Rebound"],"picked":"SKIP","floor":23.0},{"not_picked":["Biased Cognition","Streamline","Leap+1","Rebound"],"picked":"SKIP","floor":23.0},{"not_picked":["Biased Cognition","Streamline","Leap+1","Rebound"],"picked":"SKIP","floor":23.0},{"not_picked":["Skim+1","Heatsinks","Sweeping Beam+1","Stack+1"],"picked":"SKIP","floor":30.0},{"not_picked":["Hologram+1","Tempest+1","Recycle+1","Consume+1"],"picked":"SKIP","floor":40.0},{"not_picked":["Electrodynamics","Lockon+1","Go for the Eyes+1","Skim+1"],"picked":"SKIP","floor":44.0},{"not_picked":["Stack+1","Streamline+1","Compile Driver+1","Tempest+1"],"picked":"SKIP","floor":47.0}],"player_experience":476322,"relics_obtained":[{"floor":1.0,"key":"Potion Belt"},{"floor":3.0,"key":"Blue Candle"},{"floor":4.0,"key":"MawBank"},{"floor":5.0,"key":"PreservedInsect"},{"floor":7.0,"key":"Happy Flower"},{"floor":8.0,"key":"Boot"},{"floor":9.0,"key":"Question Card"},{"floor":11.0,"key":"Gremlin Horn"},{"floor":13.0,"key":"Shuriken"},{"floor":14.0,"key":"Pen Nib"},{"floor":18.0,"key":"Blood Vial"},{"floor":19.0,"key":"Pantograph"},{"floor":20.0,"key":"Nilry\u0027s Codex"},{"floor":21.0,"key":"Regal Pillow"},{"floor":22.0,"key":"Unceasing Top"},{"floor":23.0,"key":"Bottled Flame"},{"floor":24.0,"key":"Bag of Preparation"},{"floor":25.0,"key":"Letter Opener"},{"floor":26.0,"key":"Anchor"},{"floor":27.0,"key":"Whetstone"},{"floor":29.0,"key":"Art of War"},{"floor":30.0,"key":"Matryoshka"},{"floor":31.0,"key":"Omamori"},{"floor":35.0,"key":"Meat on the Bone"},{"floor":37.0,"key":"Darkstone Periapt"},{"floor":38.0,"key":"Orichalcum"},{"floor":39.0,"key":"Ancient Tea Set"},{"floor":40.0,"key":"Juzu Bracelet"},{"floor":42.0,"key":"War Paint"},{"floor":43.0,"key":"Molten Egg 2"},{"floor":43.0,"key":"Dodecahedron"},{"floor":44.0,"key":"Vajra"},{"floor":45.0,"key":"Torii"},{"floor":47.0,"key":"Bottled Lightning"}],"event_choices":[{"cards_removed":["Reprogram"],"damage_healed":0.0,"max_hp_gain":0.0,"max_hp_loss":0.0,"gold_gain":0.0,"event_name":"Golden Wing","player_choice":"Card Removal","floor":2.0,"gold_loss":0.0,"damage_taken":7.0},{"damage_healed":0.0,"max_hp_gain":5.0,"max_hp_loss":0.0,"gold_gain":0.0,"event_name":"Big Fish","player_choice":"Donut","floor":10.0,"gold_loss":0.0,"damage_taken":0.0},{"damage_healed":0.0,"max_hp_gain":0.0,"max_hp_loss":0.0,"gold_gain":0.0,"event_name":"Cursed Tome","player_choice":"Obtained Book","floor":20.0,"gold_loss":0.0,"damage_taken":16.0},{"damage_healed":0.0,"max_hp_gain":0.0,"max_hp_loss":0.0,"gold_gain":0.0,"event_name":"Tomb of Lord Red Mask","player_choice":"Ignored","floor":36.0,"gold_loss":0.0,"damage_taken":0.0},{"cards_removed":["Gash"],"damage_healed":0.0,"max_hp_gain":0.0,"max_hp_loss":0.0,"gold_gain":0.0,"event_name":"Falling","player_choice":"Removed Attack","floor":46.0,"gold_loss":0.0,"damage_taken":0.0}],"is_beta":false,"boss_relics":[{"not_picked":["Inserter","White Beast Statue"],"picked":"Eternal Feather"},{"not_picked":["Nuclear Battery","Philosopher\u0027s Stone"],"picked":"Orrery"}],"items_purged_floors":[12,28],"is_endless":false,"potions_floor_spawned":[5,7,14,16,18,21,27,30,33,39,40,47],"ascension_level":0}