{"gold_per_floor":[112,112,130,130,150,176,176,196,196,222,22,38,57,0,0,100,100,111,111,111,125,125,125],"floor_reached":23,"playtime":1521,"items_purged":["Strike_B"],"score":312,"play_id":"ba56d9cf-e785-4ef7-822e-58bb37bd3ac9","local_time":"20190127193952","is_ascension_mode":true,"campfire_choices":[{"floor":7,"key":"REST"},{"floor":15,"key":"REST"}],"neow_cost":"NONE","seed_source_timestamp":3971670811712321,"circlet_count":0,"master_deck":["AscendersBane","Strike_B","Strike_B","Strike_B","Defend_B","Defend_B","Defend_B","Defend_B","Zap+1","Dualcast","Coolheaded","Cold Snap","Loop","Machine Learning","Glacier","Rainbow","Coolheaded","Capacitor","Chill","Biased Cognition","Genetic Algorithm+1"],"relics":["Cracked Core","Bronze Scales","Symbiotic Virus","Mango","Shovel","Membership Card","Sozu","Omamori"],"potions_floor_usage":[16,16],"damage_taken":[{"damage":2,"enemies":"Jaw Worm","floor":1,"turns":3},{"damage":0,"enemies":"Cultist","floor":3,"turns":4},{"damage":3,"enemies":"2 Louse","floor":5,"turns":2},{"damage":31,"enemies":"3 Sentries","floor":6,"turns":10},{"damage":9,"enemies":"Blue Slaver","floor":8,"turns":3},{"damage":15,"enemies":"Lagavulin","floor":10,"turns":5},{"damage":12,"enemies":"3 Louse","floor":12,"turns":2},{"damage":9,"enemies":"Lots of Slimes","floor":13,"turns":4},{"damage":14,"enemies":"Hexaghost","floor":16,"turns":11},{"damage":18,"enemies":"Spheric Guardian","floor":18,"turns":4},{"damage":12,"enemies":"Shell Parasite","floor":21,"turns":6},{"damage":50,"enemies":"Slavers","floor":23,"turns":4}],"seed_played":"-1208854980308147597","potions_obtained":[{"floor":6,"key":"SkillPotion"},{"floor":12,"key":"PowerPotion"},{"floor":16,"key":"Fire Potion"}],"is_trial":false,"path_per_floor":["M","?","M","?","M","E","R","M","T","E","$","M","M","$","R","B",null,"M","?","?","M","T","E"],"character_chosen":"DEFECT","items_purchased":["Membership Card","Chill"],"campfire_rested":2,"item_purchase_floors":[11,14],"current_hp_per_floor":[66,66,66,66,63,32,54,45,59,44,44,32,23,23,49,35,76,58,58,58,46,46,0],"gold":125,"neow_bonus":"RANDOM_COMMON_RELIC","is_prod":false,"is_daily":false,"chose_seed":false,"campfire_upgraded":0,"win_rate":0,"timestamp":1548635992,"path_taken":["M","?","?","?","M","E","R","M","T","E","?","M","M","$","R","BOSS","M","?","?","M","?","E"],"build_version":"2019-01-23","purchased_purges":1,"victory":false,"max_hp_per_floor":[75,75,75,75,75,75,75,75,89,89,89,89,89,89,89,89,89,89,89,89,89,89,89],"card_choices":[{"not_picked":["Turbo","Doom and Gloom"],"picked":"Coolheaded","floor":1},{"not_picked":["Compile Driver","Stack"],"picked":"Cold Snap","floor":3},{"not_picked":["Cold Snap","Force Field"],"picked":"Loop","floor":5},{"not_picked":["Ball Lightning","Scrape"],"picked":"Machine Learning","floor":6},{"not_picked":["Rebound","Compile Driver"],"picked":"Glacier","floor":8},{"not_picked":["Heatsinks","Lockon"],"picked":"Rainbow","floor":10},{"not_picked":["Storm","Reprogram"],"picked":"Coolheaded","floor":12},{"not_picked":["Gash","Consume"],"picked":"Capacitor","floor":13},{"not_picked":["All For One","Rainbow"],"picked":"Biased Cognition","floor":16},{"not_picked":["Ball Lightning","Go for the Eyes"],"picked":"Genetic Algorithm+1","floor":18},{"not_picked":["Sweeping Beam+1","Leap","Chaos"],"picked":"SKIP","floor":21}],"player_experience":805319,"relics_obtained":[{"floor":6,"key":"Symbiotic Virus"},{"floor":9,"key":"Mango"},{"floor":10,"key":"Shovel"},{"floor":22,"key":"Omamori"}],"event_choices":[{"damage_healed":0,"gold_gain":0,"player_choice":"Upgraded","damage_taken":0,"max_hp_gain":0,"max_hp_loss":0,"event_name":"Upgrade Shrine","floor":2,"gold_loss":0,"cards_upgraded":["Zap"]},{"damage_healed":0,"gold_gain":0,"player_choice":"Bought 0 Potions","damage_taken":0,"max_hp_gain":0,"max_hp_loss":0,"event_name":"The Woman in Blue","floor":4,"gold_loss":0},{"damage_healed":0,"gold_gain":0,"player_choice":"Ignored","damage_taken":0,"max_hp_gain":0,"max_hp_loss":0,"event_name":"The Mausoleum","floor":19,"gold_loss":0},{"damage_healed":0,"gold_gain":0,"player_choice":"Ignored","damage_taken":0,"max_hp_gain":0,"max_hp_loss":0,"event_name":"Vampires","floor":20,"gold_loss":0}],"is_beta":false,"boss_relics":[{"not_picked":["Black Star","Philosopher\u0027s Stone"],"picked":"Sozu"}],"items_purged_floors":[14],"is_endless":false,"potions_floor_spawned":[6,12,13,16,18],"killed_by":"Slavers","ascension_level":11}