{"gold_per_floor":[16,16,16,34,97,122,138,138,138,138,171,171,183,199,199,303,303,288,175,175,191,210,210,235,235,235,267,267],"floor_reached":28,"playtime":1613,"items_purged":["Venomology"],"score":458,"play_id":"f43070f8-5b16-4e48-ba94-ffc6da950b30","local_time":"20180914213002","is_ascension_mode":true,"campfire_choices":[{"floor":8,"key":"REST"},{"floor":10,"key":"REST"},{"floor":15,"key":"REST"},{"data":"Footwork","floor":23,"key":"SMITH"}],"neow_cost":"NO_GOLD","seed_source_timestamp":179839944909896,"circlet_count":0,"master_deck":["Defend_G","Defend_G","Defend_G","Defend_G","Defend_G","Strike_G","Strike_G","Strike_G","Survivor","Neutralize","Backstab","Outmaneuver","Caltrops","Neutralize","Bane","Footwork+1","Heel Hook","Backflip","Blur","Glass Knife","Backstab","Footwork","Footwork+1","Heel Hook","Acrobatics+1","Cloak And Dagger","Cloak And Dagger"],"relics":["Ring of the Snake","Ginger","Ornamental Fan","Snake Skull","Sozu","Nunchaku","The Courier","Meat on the Bone"],"potions_floor_usage":[11,16,16,22,24],"damage_taken":[{"damage":0,"enemies":"2 Louse","floor":1,"turns":4},{"damage":0,"enemies":"Cultist","floor":4,"turns":4},{"damage":40,"enemies":"Gremlin Nob","floor":6,"turns":6},{"damage":2,"enemies":"Small Slimes","floor":7,"turns":3},{"damage":25,"enemies":"Lagavulin","floor":11,"turns":9},{"damage":2,"enemies":"3 Louse","floor":13,"turns":3},{"damage":6,"enemies":"Large Slime","floor":14,"turns":8},{"damage":0,"enemies":"The Guardian","floor":16,"turns":13},{"damage":4,"enemies":"2 Thieves","floor":18,"turns":4},{"damage":0,"enemies":"3 Byrds","floor":21,"turns":4},{"damage":4,"enemies":"Sentry and Sphere","floor":22,"turns":9},{"damage":31,"enemies":"Slavers","floor":24,"turns":10},{"damage":9,"enemies":"Book of Stabbing","floor":27,"turns":9},{"damage":19,"enemies":"Shelled Parasite and Fungi","floor":28,"turns":2}],"seed_played":"-6699333745169843875","potions_obtained":[{"floor":7,"key":"Weak Potion"},{"floor":11,"key":"Strength Potion"},{"floor":13,"key":"GhostInAJar"}],"is_trial":false,"path_per_floor":["M","$","?","M","?","E","M","R","T","R","E","?","M","M","R","B",null,"M","$","?","M","M","R","E","?","T","E"],"character_chosen":"THE_SILENT","items_purchased":["Footwork"],"campfire_rested":3,"item_purchase_floors":[19],"current_hp_per_floor":[63,63,63,63,63,23,21,42,42,63,38,38,36,30,51,51,65,61,61,61,61,57,57,26,26,26,17,0],"gold":267,"neow_bonus":"TRANSFORM_TWO_CARDS","is_prod":false,"is_daily":false,"chose_seed":false,"campfire_upgraded":1,"win_rate":0,"timestamp":1536975002,"path_taken":["M","$","?","?","?","E","?","R","T","R","E","?","?","M","R","BOSS","M","$","?","M","M","R","E","?","T","E","?"],"build_version":"2018-09-06","purchased_purges":1,"victory":false,"max_hp_per_floor":[70,70,70,70,70,70,70,70,70,70,70,70,70,70,70,70,70,70,70,70,70,70,70,70,70,70,70,70],"card_choices":[{"not_picked":["Dagger Spray","Accuracy"],"picked":"Caltrops","floor":1},{"not_picked":["Slice","Underhanded Strike"],"picked":"Bane","floor":4},{"not_picked":["Underhanded Strike","Cloak And Dagger"],"picked":"Footwork","floor":6},{"not_picked":["Acrobatics","Deflect"],"picked":"Heel Hook","floor":7},{"not_picked":["Acrobatics","Dagger Spray"],"picked":"Venomology","floor":11},{"not_picked":["Blade Dance","Outmaneuver"],"picked":"Backflip","floor":13},{"not_picked":["Dagger Spray","Bane"],"picked":"Blur","floor":14},{"not_picked":["Night Terror","Doppelganger"],"picked":"Glass Knife","floor":16},{"not_picked":["Flying Knee+1","Concentrate"],"picked":"Backstab","floor":18},{"not_picked":["Slice","Underhanded Strike"],"picked":"Heel Hook","floor":21},{"not_picked":["Heel Hook","Quick Slash"],"picked":"Acrobatics+1","floor":22},{"not_picked":["Slice+1","Prepared"],"picked":"Cloak And Dagger","floor":24},{"not_picked":["Heel Hook","Quick Slash"],"picked":"Cloak And Dagger","floor":27}],"player_experience":198115,"relics_obtained":[{"floor":6,"key":"Ginger"},{"floor":9,"key":"Ornamental Fan"},{"floor":11,"key":"Snake Skull"},{"floor":24,"key":"Nunchaku"},{"floor":26,"key":"The Courier"},{"floor":27,"key":"Meat on the Bone"}],"event_choices":[{"event_name":"Match and Keep!","player_choice":"1 cards matched","floor":3,"damage_taken":0},{"event_name":"Golden Wing","player_choice":"Gained Gold","floor":5,"damage_taken":0},{"event_name":"Living Wall","player_choice":"Grow","floor":12,"damage_taken":0},{"event_name":"The Library","player_choice":"Read","floor":20,"damage_taken":0},{"event_name":"Beggar","player_choice":"Ignored","floor":25,"damage_taken":0}],"is_beta":false,"boss_relics":[{"not_picked":["Runic Pyramid","Runic Dome"],"picked":"Sozu"}],"items_purged_floors":[19],"is_endless":false,"potions_floor_spawned":[7,11,13,22,24,27],"killed_by":"Shelled Parasite and Fungi","ascension_level":9}