{"gold_per_floor":[116,216,234,234,245,275,275,133,133,152,179,190,207,127,127,224,224,234,260,280,299,299,299,299],"floor_reached":24,"playtime":2171,"items_purged":["Regret"],"score":208,"play_id":"0405e829-6877-4479-9924-cd00343c90ce","local_time":"20180723012459","is_ascension_mode":false,"campfire_choices":[{"floor":7.0,"key":"REST"},{"floor":15.0,"key":"REST"},{"floor":23,"key":"REST"}],"neow_cost":"NONE","seed_source_timestamp":0,"circlet_count":0,"master_deck":["Strike_R","Strike_R","Strike_R","Strike_R","Strike_R","Defend_R","Defend_R","Defend_R","Defend_R","Bash","Brutality","Metallicize","Armaments","Shockwave","Blood for Blood","Fiend Fire","Pummel","Warcry+1","Flex+1","Disarm+1","Fire Breathing","Demon Form","Flex+1","Clothesline+1","Bloodletting+1","Second Wind+1"],"special_seed":0,"relics":["Burning Blood","Sundial","Mummified Hand","Toxic Egg 2","Pen Nib","Black Star","Lantern"],"potions_floor_usage":[21,24,24],"damage_taken":[{"damage":10.0,"enemies":"Jaw Worm","floor":1.0,"turns":4.0},{"damage":10.0,"enemies":"Cultist","floor":3.0,"turns":4.0},{"damage":6.0,"enemies":"2 Louse","floor":5.0,"turns":3.0},{"damage":46.0,"enemies":"Lagavulin","floor":6.0,"turns":10.0},{"damage":3.0,"enemies":"Blue Slaver","floor":10.0,"turns":3.0},{"damage":26.0,"enemies":"3 Sentries","floor":11.0,"turns":9.0},{"damage":11.0,"enemies":"2 Fungi Beasts","floor":12.0,"turns":4.0},{"damage":6.0,"enemies":"Exordium Wildlife","floor":13.0,"turns":4.0},{"damage":44.0,"enemies":"The Guardian","floor":16.0,"turns":7.0},{"damage":24,"enemies":"Shell Parasite","floor":18,"turns":6},{"damage":5,"enemies":"Chosen","floor":20,"turns":5},{"damage":47,"enemies":"Sentry and Sphere","floor":21,"turns":6},{"damage":59,"enemies":"Slavers","floor":24,"turns":4}],"seed_played":"6802744988443153703","potions_obtained":[{"floor":5.0,"key":"Explosive Potion"},{"floor":10.0,"key":"EssenceOfSteel"},{"floor":11.0,"key":"Dexterity Potion"},{"floor":13.0,"key":"PowerPotion"},{"floor":20,"key":"Regen Potion"}],"is_trial":false,"path_per_floor":["M","?","M","?","M","E","R","$","T","M","E","M","M","$","R","B",null,"M","T","M","M","?","R"],"character_chosen":"IRONCLAD","items_purchased":["Fiend Fire","Fire Breathing"],"campfire_rested":3,"item_purchase_floors":[8,14],"current_hp_per_floor":[76,76,72,72,72,32,56,56,56,59,39,34,34,34,58,20,80,62,62,63,27,27,51,0],"gold":299,"neow_bonus":"ONE_RANDOM_RARE_CARD","is_prod":false,"is_daily":false,"chose_seed":false,"campfire_upgraded":0,"win_rate":0.0,"timestamp":1532323499,"path_taken":["M","?","M","?","M","E","R","?","T","M","E","?","M","$","R","BOSS","M","?","?","M","?","R","E"],"build_version":"2018-07-19v2","purchased_purges":1,"victory":false,"max_hp_per_floor":[80,80,80,80,80,80,80,80,80,80,80,80,80,80,80,80,80,80,80,80,80,80,80,80],"card_choices":[{"not_picked":["Iron Wave","Infernal Blade"],"picked":"Metallicize","floor":1.0},{"not_picked":["Twin Strike","Carnage"],"picked":"Armaments","floor":3.0},{"not_picked":["Iron Wave","Power Through"],"picked":"Shockwave","floor":5.0},{"not_picked":["Hemokinesis","Clash"],"picked":"Blood for Blood","floor":6.0},{"not_picked":["Warcry+1","Anger"],"picked":"Pummel","floor":10.0},{"not_picked":["Sever Soul","Heavy Blade"],"picked":"Warcry+1","floor":11.0},{"not_picked":["Combust","True Grit+1"],"picked":"Flex+1","floor":12.0},{"not_picked":["Anger","Heavy Blade"],"picked":"Disarm+1","floor":13.0},{"not_picked":["Barricade","Dark Embrace"],"picked":"Demon Form","floor":16.0},{"not_picked":["Clash","Heavy Blade"],"picked":"Flex+1","floor":18},{"not_picked":["Thunderclap","Flex+1"],"picked":"Clothesline+1","floor":20},{"not_picked":["Anger","Headbutt"],"picked":"Bloodletting+1","floor":21}],"player_experience":58009,"relics_obtained":[{"floor":6.0,"key":"Mummified Hand"},{"floor":9.0,"key":"Toxic Egg 2"},{"floor":11.0,"key":"Pen Nib"},{"floor":19,"key":"Lantern"}],"event_choices":[{"event_name":"Golden Shrine","player_choice":"Pray","floor":2.0,"damage_taken":0.0},{"event_name":"Big Fish","player_choice":"Box","floor":4.0,"damage_taken":0.0},{"event_name":"The Library","player_choice":"Read","floor":22,"damage_taken":0}],"is_beta":false,"boss_relics":[{"not_picked":["Calling Bell","Mark of Pain"],"picked":"Black Star"}],"items_purged_floors":[8],"is_endless":false,"potions_floor_spawned":[5,10,11,13,20],"killed_by":"Slavers","ascension_level":0}