{"gold_per_floor":[114,114,114,129,144,174,174,204,229,244,259,274,4,19,19,119,119,104,104,119,34,34,34,49,79,129,129,129,129,129,144,144,244,244,259,604,604,26,0,0,0,15,15,15,15,30,45,60,60,60],"floor_reached":50,"playtime":3456,"items_purged":[],"score":549,"play_id":"4699922b-3792-40fc-a41a-5125f4ca7105","local_time":"20180831023309","daily_mods":["Specialized","Elite Swarm","Night Terrors"],"is_ascension_mode":false,"campfire_choices":[{"data":"Dash","floor":7,"key":"SMITH"},{"data":"Footwork","floor":15,"key":"SMITH"},{"floor":23,"key":"REST"},{"floor":28,"key":"REST"},{"data":"After Image","floor":32,"key":"SMITH"},{"data":"PiercingWail","floor":40,"key":"SMITH"},{"floor":44,"key":"REST"},{"data":"Bullet Time","floor":49,"key":"SMITH"}],"neow_cost":"","seed_source_timestamp":0,"circlet_count":0,"master_deck":["Survivor","Neutralize","Venomology","Venomology","Venomology","Venomology","Venomology","Dash+1","Crippling Poison","Infinite Blades","Corpse Explosion","Adrenaline","Backflip","Adrenaline","Bouncing Flask","Deadly Poison","Accuracy","Footwork+1","Burst","Underhanded Strike","Predator","Outmaneuver","Bouncing Flask","Quick Slash","Dagger Throw","Masterful Stab","Deflect","Acrobatics+1","RitualDagger","Skewer+1","Predator","After Image+1","Footwork+1","Dodge and Roll","Corpse Explosion","PiercingWail+1","Skewer+1","Infinite Blades+1","Bullet Time+1","Blade Dance+1","Backflip","Catalyst","Crippling Poison"],"special_seed":17774,"relics":["Ring of the Snake","Question Card","Pear","The Specimen","Vajra","Strawberry","Pandora\u0027s Box","Blood Vial","Art of War","Oddly Smooth Stone","Frozen Egg 2","Snake Skull","Philosopher\u0027s Stone","Old Coin","TwistedFunnel","Anchor","Bronze Scales","Red Mask","Sundial"],"potions_floor_usage":[1,4,5,5,6,6,6,6,8,8,8,8,8,11,14,14,16,16,16,16,18,24,25,25,31,31,31,33,33,33,33,33,35,36,36,42,45,46,46,46,47,50],"damage_taken":[{"damage":6,"enemies":"2 Louse","floor":1,"turns":4},{"damage":0,"enemies":"Small Slimes","floor":4,"turns":4},{"damage":0,"enemies":"Cultist","floor":5,"turns":3},{"damage":6,"enemies":"Lagavulin","floor":6,"turns":5},{"damage":2,"enemies":"3 Sentries","floor":8,"turns":7},{"damage":5,"enemies":"2 Fungi Beasts","floor":10,"turns":3},{"damage":2,"enemies":"Gremlin Gang","floor":11,"turns":2},{"damage":4,"enemies":"Exordium Thugs","floor":12,"turns":3},{"damage":1,"enemies":"Looter","floor":14,"turns":3},{"damage":8,"enemies":"The Guardian","floor":16,"turns":9},{"damage":10,"enemies":"2 Thieves","floor":18,"turns":4},{"damage":38,"enemies":"3 Byrds","floor":20,"turns":4},{"damage":2,"enemies":"Cultist and Chosen","floor":24,"turns":4},{"damage":47,"enemies":"Gremlin Leader","floor":25,"turns":7},{"damage":11,"enemies":"Snake Plant","floor":31,"turns":4},{"damage":33,"enemies":"Automaton","floor":33,"turns":12},{"damage":7,"enemies":"Orb Walker","floor":35,"turns":3},{"damage":26,"enemies":"Mysterious Sphere","floor":36,"turns":3},{"damage":9,"enemies":"3 Shapes","floor":42,"turns":2},{"damage":0,"enemies":"3 Darklings","floor":45,"turns":1},{"damage":0,"enemies":"Maw","floor":46,"turns":7},{"damage":0,"enemies":"4 Shapes","floor":47,"turns":2},{"damage":0,"enemies":"Sphere and 2 Shapes","floor":48,"turns":3},{"damage":85,"enemies":"Donu and Deca","floor":50,"turns":7}],"seed_played":"-8244340238949798716","potions_obtained":[{"floor":4,"key":"Poison Potion"},{"floor":5,"key":"Energy Potion"},{"floor":8,"key":"Regen Potion"},{"floor":16,"key":"EssenceOfSteel"},{"floor":20,"key":"EssenceOfSteel"},{"floor":31,"key":"Dexterity Potion"},{"floor":35,"key":"Explosive Potion"},{"floor":46,"key":"Explosive Potion"},{"floor":47,"key":"Poison Potion"}],"is_trial":false,"path_per_floor":["M","?","?","M","M","E","R","E","T","M","M","M","$","M","R","B",null,"M","?","M","?","$","R","M","E","T","?","R","?","T","M","R","B",null,"M","?","?","$","?","R","?","M","T","R","M","M","M","M","R"],"character_chosen":"THE_SILENT","items_purchased":["Strawberry","Deadly Poison","Accuracy","Infinite Blades+1","TwistedFunnel","Anchor","Bronze Scales"],"campfire_rested":3,"item_purchase_floors":[13,13,13,38,38,38,38],"current_hp_per_floor":[64,61,70,70,70,74,74,72,72,67,65,61,68,67,67,74,87,77,71,33,33,33,82,80,35,35,35,77,77,77,66,66,35,77,70,55,55,55,55,55,55,48,48,72,72,72,72,72,72,0],"gold":60,"neow_bonus":"","is_prod":false,"is_daily":true,"chose_seed":false,"campfire_upgraded":5,"win_rate":0,"timestamp":1535697189,"path_taken":["M","?","?","M","?","E","R","E","T","M","M","M","?","M","R","BOSS","M","?","?","?","$","R","M","E","T","?","R","?","?","M","R","BOSS","M","?","?","$","?","R","?","?","T","R","M","M","M","M","R","BOSS"],"build_version":"2018-08-30","purchased_purges":0,"victory":false,"max_hp_per_floor":[70,70,70,70,70,80,80,80,80,80,80,80,87,87,87,87,87,87,87,87,87,87,82,82,82,82,82,77,77,77,77,77,77,77,77,77,77,77,77,77,77,77,77,72,72,72,72,72,72,72],"card_choices":[{"not_picked":["Flechettes","Blade Dance"],"picked":"Dash","floor":1},{"not_picked":["Deflect","Finisher","Flying Knee"],"picked":"Crippling Poison","floor":4},{"not_picked":["Quick Slash","Underhanded Strike","Flechettes"],"picked":"Infinite Blades","floor":5},{"not_picked":["A Thousand Cuts","Envenom","Venomology"],"picked":"Corpse Explosion","floor":6},{"not_picked":["Night Terror","Unload","Burst"],"picked":"Adrenaline","floor":8},{"not_picked":["Acrobatics","Concentrate","Sucker Punch"],"picked":"Backflip","floor":10},{"not_picked":["Concentrate","Choke","Prepared"],"picked":"Adrenaline","floor":11},{"not_picked":["Flying Knee","Calculated Gamble","All Out Attack"],"picked":"Bouncing Flask","floor":12},{"not_picked":["Bane","Quick Slash","Flying Knee"],"picked":"Footwork","floor":14},{"not_picked":["Storm of Steel","Bullet Time","Tools of the Trade"],"picked":"Burst","floor":16},{"not_picked":["Blade Dance","Infinite Blades","Well Laid Plans"],"picked":"Acrobatics+1","floor":18},{"not_picked":["Distraction","Dagger Throw","Accuracy+1"],"picked":"Skewer+1","floor":20},{"not_picked":["Bane","Setup","Flying Knee"],"picked":"Predator","floor":24},{"not_picked":["Adrenaline","Corpse Explosion","Malaise"],"picked":"After Image","floor":25},{"not_picked":["Acrobatics+1","Prepared","Bane"],"picked":"Dodge and Roll","floor":31},{"not_picked":["Storm of Steel","Burst","Wraith Form v2+1"],"picked":"Corpse Explosion","floor":33},{"not_picked":["Endless Agony","Backflip","Dagger Spray"],"picked":"PiercingWail","floor":35},{"not_picked":["Underhanded Strike","Poisoned Stab","Tactician+1"],"picked":"Skewer+1","floor":36},{"not_picked":["Poisoned Stab","Flying Knee+1","Sucker Punch+1"],"picked":"Blade Dance+1","floor":42},{"not_picked":["Bane","Bullet Time","Caltrops+1"],"picked":"Backflip","floor":46},{"not_picked":["Infinite Blades+1","Masterful Stab+1","Dodge and Roll+1"],"picked":"Catalyst","floor":47},{"not_picked":["PiercingWail","Dodge and Roll+1","Dagger Spray+1"],"picked":"Crippling Poison","floor":48}],"player_experience":126447,"relics_obtained":[{"floor":6,"key":"Pear"},{"floor":8,"key":"The Specimen"},{"floor":9,"key":"Vajra"},{"floor":25,"key":"Art of War"},{"floor":26,"key":"Oddly Smooth Stone"},{"floor":30,"key":"Snake Skull"},{"floor":36,"key":"Old Coin"},{"floor":43,"key":"Sundial"}],"event_choices":[{"event_name":"Scrap Ooze","player_choice":"success","floor":2,"damage_taken":3},{"event_name":"Wheel of Change","player_choice":"Full Heal","floor":3,"damage_taken":0},{"event_name":"Nest","player_choice":"Joined the Cult","floor":19,"damage_taken":0},{"event_name":"Addict","player_choice":"Obtained Relic","floor":21,"damage_taken":0},{"event_name":"The Mausoleum","player_choice":"Yes","floor":27,"damage_taken":0},{"event_name":"The Library","player_choice":"Read","floor":29,"damage_taken":0},{"event_name":"Mysterious Sphere","player_choice":"Fight","floor":36,"damage_taken":0},{"event_name":"Falling","player_choice":"Removed Attack","floor":37,"damage_taken":0},{"event_name":"Tomb of Lord Red Mask","player_choice":"Paid","floor":39,"damage_taken":0},{"event_name":"Transmorgrifier","player_choice":"Transform","floor":41,"damage_taken":0}],"is_beta":false,"boss_relics":[{"not_picked":["Velvet Choker","Astrolabe"],"picked":"Pandora\u0027s Box"},{"not_picked":["HoveringKite","Snecko Eye"],"picked":"Philosopher\u0027s Stone"}],"items_purged_floors":[],"is_endless":false,"potions_floor_spawned":[4,5,8,10,16,20,31,35,46,47],"killed_by":"Donu and Deca","ascension_level":0}