{"gold_per_floor":[115,131,146,156,13,13,23,46,73,106,124,124,124,149,149,278,278,299,109,109,109,109,109,134,134,134,134,134,134,134,167,167,288,288,301,301,49,49,49,174,0,0,47,47,63,78,78,122,122,122],"floor_reached":51,"playtime":1937,"items_purged":["Strike_B","Strike_B"],"score":789,"play_id":"dba69fc2-929a-49b7-84cd-41ac8a4e382d","local_time":"20181030032216","is_ascension_mode":false,"campfire_choices":[{"data":"Sunder","floor":6.0,"key":"SMITH"},{"data":"Zap","floor":12.0,"key":"SMITH"},{"data":"Chaos","floor":15.0,"key":"SMITH"},{"data":"Hologram","floor":23.0,"key":"SMITH"},{"data":"Capacitor","floor":25.0,"key":"SMITH"},{"data":"Dualcast","floor":28.0,"key":"SMITH"},{"data":"Biased Cognition","floor":30.0,"key":"SMITH"},{"data":"Consume","floor":32.0,"key":"SMITH"},{"data":"Apotheosis","floor":42.0,"key":"SMITH"},{"data":"Thinking Ahead","floor":44.0,"key":"SMITH"},{"data":"Electrodynamics","floor":47,"key":"SMITH"},{"data":"Blind","floor":49,"key":"SMITH"}],"neow_cost":"PERCENT_DAMAGE","seed_source_timestamp":10878624027234,"circlet_count":0,"master_deck":["Defend_B+1","Defend_B+1","Defend_B+1","Defend_B+1","Zap+1","Dualcast+1","Ball Lightning","Chaos+1","Compile Driver","Sunder+1","Glacier","Genetic Algorithm","Go for the Eyes+1","Conserve Battery","Biased Cognition+1","Capacitor+1","Compile Driver","Doom and Gloom","Hologram+1","Compile Driver","Consume+1","Electrodynamics+1","Compile Driver+1","Thinking Ahead+1","Blind+1","Apotheosis+1","Glacier","Turbo+1","Parasite","Compile Driver+1","Chill+1"],"special_seed":0,"relics":["Cracked Core","Bronze Scales","Juzu Bracelet","Dream Catcher","Golden Idol","Coffee Dripper","Darkstone Periapt","Anchor","Cables","Nuclear Battery","Mummified Hand","Turnip","Red Mask","DataDisk","Strawberry"],"potions_floor_usage":[],"damage_taken":[{"damage":0.0,"enemies":"Cultist","floor":1.0,"turns":4.0},{"damage":0.0,"enemies":"Small Slimes","floor":2.0,"turns":2.0},{"damage":3.0,"enemies":"Jaw Worm","floor":3.0,"turns":3.0},{"damage":11.0,"enemies":"3 Louse","floor":4.0,"turns":4.0},{"damage":12.0,"enemies":"Blue Slaver","floor":7.0,"turns":3.0},{"damage":9.0,"enemies":"Lagavulin","floor":10.0,"turns":7.0},{"damage":0.0,"enemies":"Large Slime","floor":11.0,"turns":3.0},{"damage":0.0,"enemies":"Exordium Thugs","floor":14.0,"turns":3.0},{"damage":15.0,"enemies":"Slime Boss","floor":16.0,"turns":8.0},{"damage":0.0,"enemies":"Chosen","floor":18.0,"turns":4.0},{"damage":0.0,"enemies":"2 Thieves","floor":24.0,"turns":2.0},{"damage":0.0,"enemies":"Gremlin Leader","floor":31.0,"turns":5.0},{"damage":26.0,"enemies":"Collector","floor":33.0,"turns":7.0},{"damage":0.0,"enemies":"3 Shapes","floor":35.0,"turns":2.0},{"damage":16.0,"enemies":"Mind Bloom Boss Battle","floor":40.0,"turns":5.0},{"damage":0.0,"enemies":"3 Darklings","floor":45.0,"turns":3.0},{"damage":3,"enemies":"Writhing Mass","floor":46,"turns":5},{"damage":0,"enemies":"Reptomancer","floor":48,"turns":4},{"damage":10,"enemies":"Donu and Deca","floor":50,"turns":6}],"seed_played":"-753440764893379943","potions_obtained":[{"floor":7.0,"key":"Poison Potion"},{"floor":14.0,"key":"Poison Potion"},{"floor":16.0,"key":"Strength Potion"},{"floor":31.0,"key":"Strength Potion"},{"floor":33.0,"key":"Weak Potion"},{"floor":35.0,"key":"Dexterity Potion"}],"is_trial":false,"path_per_floor":["M","M","M","M","$","R","M","T","T","E","M","R","?","M","R","B",null,"M","$","?","?","?","R","M","R","T","?","R","?","R","E","R","B",null,"M","?","$","?","$","?","?","R","T","R","M","M","R","E","R","B"],"character_chosen":"DEFECT","items_purchased":["Sunder","Capacitor","Compile Driver","Mummified Hand"],"campfire_rested":0,"item_purchase_floors":[5,19,19,37],"current_hp_per_floor":[68,68,65,54,54,54,42,42,42,33,33,33,33,33,33,18,82,82,82,82,82,82,82,82,82,82,82,82,82,82,82,82,56,82,82,78,78,68,68,52,52,52,52,52,52,55,55,62,62,52],"gold":122,"neow_bonus":"TWENTY_PERCENT_HP_BONUS","is_prod":false,"is_daily":false,"chose_seed":false,"campfire_upgraded":12,"win_rate":0,"timestamp":1540866136,"path_taken":["M","?","?","M","$","R","M","?","T","E","M","R","?","M","R","BOSS","M","$","?","?","?","R","M","R","T","?","R","?","R","E","R","BOSS","M","?","$","?","$","?","?","R","T","R","M","M","R","E","R","BOSS"],"build_version":"2018-10-29v2","purchased_purges":2,"victory":true,"max_hp_per_floor":[89,89,89,89,89,89,89,89,89,89,89,89,82,82,82,82,82,82,82,82,82,82,82,82,82,82,82,82,82,82,82,82,82,82,82,78,78,78,78,78,78,78,78,78,78,84,84,91,91,91],"card_choices":[{"not_picked":["Coolheaded","Redo"],"picked":"Ball Lightning","floor":1.0},{"not_picked":["Double Energy","Loop","Compile Driver"],"picked":"SKIP","floor":2.0},{"not_picked":["Stack","Compile Driver"],"picked":"Chaos","floor":3.0},{"not_picked":["Hello World","FTL"],"picked":"Compile Driver","floor":4.0},{"not_picked":["Skim","Hologram"],"picked":"Glacier","floor":7.0},{"not_picked":["Thunder Strike","Melter"],"picked":"Genetic Algorithm","floor":10.0},{"not_picked":["Streamline","Ball Lightning"],"picked":"Go for the Eyes","floor":11.0},{"not_picked":["Blizzard","Consume"],"picked":"Conserve Battery","floor":14.0},{"not_picked":["Reboot","Multi-Cast"],"picked":"Biased Cognition","floor":16.0},{"not_picked":["Fusion","Coolheaded","Gash"],"picked":"SKIP","floor":18.0},{"not_picked":["Beam Cell+1","Loop"],"picked":"Compile Driver","floor":24.0},{"not_picked":["Cold Snap+1","Go for the Eyes"],"picked":"Consume","floor":31.0},{"not_picked":["All For One","Seek"],"picked":"Electrodynamics","floor":33.0},{"not_picked":["Beam Cell","Streamline+1"],"picked":"Compile Driver+1","floor":35.0},{"not_picked":["Dark Shackles","The Bomb"],"picked":"Thinking Ahead","floor":38.0},{"not_picked":["Secret Technique","Enlightenment"],"picked":"Blind","floor":38.0},{"not_picked":["Bandage Up","Panache"],"picked":"Apotheosis","floor":38.0},{"not_picked":["Reprogram","Gash+1"],"picked":"Glacier","floor":40.0},{"not_picked":["Go for the Eyes","Gash"],"picked":"Turbo+1","floor":45.0},{"not_picked":["Steam+1","Sweeping Beam+1"],"picked":"Compile Driver+1","floor":46},{"not_picked":["Coolheaded+1","Scrape+1"],"picked":"Chill+1","floor":48}],"player_experience":1033792,"relics_obtained":[{"floor":8.0,"key":"Bronze Scales"},{"floor":9.0,"key":"Juzu Bracelet"},{"floor":10.0,"key":"Dream Catcher"},{"floor":26.0,"key":"Darkstone Periapt"},{"floor":31.0,"key":"Cables"},{"floor":40.0,"key":"Turnip"},{"floor":43.0,"key":"DataDisk"},{"floor":48,"key":"Strawberry"}],"event_choices":[{"damage_healed":0.0,"max_hp_gain":0.0,"max_hp_loss":7.0,"gold_gain":0.0,"event_name":"Golden Idol","player_choice":"Lose Max HP","floor":13.0,"gold_loss":0.0,"damage_taken":0.0,"relics_obtained":["Golden Idol"]},{"damage_healed":0.0,"max_hp_gain":0.0,"max_hp_loss":0.0,"gold_gain":0.0,"event_name":"Upgrade Shrine","player_choice":"Upgraded","floor":20.0,"gold_loss":0.0,"damage_taken":0.0,"cards_upgraded":["Go for the Eyes"]},{"damage_healed":0.0,"max_hp_gain":0.0,"max_hp_loss":0.0,"gold_gain":0.0,"event_name":"Back to Basics","player_choice":"Simplicity","floor":21.0,"gold_loss":0.0,"damage_taken":0.0,"cards_upgraded":["Strike_B","Strike_B","Defend_B","Defend_B","Defend_B","Defend_B"]},{"damage_healed":0.0,"max_hp_gain":0.0,"max_hp_loss":0.0,"gold_gain":0.0,"cards_transformed":["Strike_B","Strike_B"],"event_name":"Drug Dealer","player_choice":"Became Test Subject","floor":22.0,"gold_loss":0.0,"damage_taken":0.0,"cards_obtained":["Doom and Gloom","Hologram"]},{"damage_healed":0.0,"max_hp_gain":0.0,"max_hp_loss":0.0,"gold_gain":0.0,"event_name":"Vampires","player_choice":"Ignored","floor":27.0,"gold_loss":0.0,"damage_taken":0.0},{"damage_healed":0.0,"max_hp_gain":0.0,"max_hp_loss":0.0,"gold_gain":0.0,"event_name":"The Mausoleum","player_choice":"Opened","floor":29.0,"gold_loss":0.0,"damage_taken":0.0,"relics_obtained":["Anchor"]},{"damage_healed":0.0,"max_hp_gain":0.0,"max_hp_loss":4.0,"gold_gain":0.0,"event_name":"Winding Halls","player_choice":"Max HP","floor":36.0,"gold_loss":0.0,"damage_taken":0.0},{"damage_healed":0.0,"max_hp_gain":0.0,"max_hp_loss":0.0,"gold_gain":0.0,"event_name":"SensoryStone","player_choice":"Memory 3","floor":38.0,"gold_loss":0.0,"damage_taken":10.0},{"damage_healed":0.0,"max_hp_gain":0.0,"max_hp_loss":0.0,"gold_gain":0.0,"event_name":"MindBloom","player_choice":"Fight","floor":40.0,"gold_loss":0.0,"damage_taken":0.0},{"damage_healed":0.0,"max_hp_gain":0.0,"max_hp_loss":0.0,"gold_gain":0.0,"event_name":"Tomb of Lord Red Mask","player_choice":"Paid","floor":41.0,"gold_loss":174.0,"damage_taken":0.0,"relics_obtained":["Red Mask"]}],"is_beta":true,"boss_relics":[{"not_picked":["Eternal Feather","Busted Crown"],"picked":"Coffee Dripper"},{"not_picked":["Velvet Choker","Astrolabe"],"picked":"Nuclear Battery"}],"items_purged_floors":[5,19],"is_endless":false,"potions_floor_spawned":[7,14,16,31,33,35],"ascension_level":0}