{"gold_per_floor":[119,130,143,143,158,190,190,224,224,244,258,273,273,285,285,386,386,396,407,271,288,288,288,180,180],"floor_reached":25,"playtime":2480,"items_purged":[],"score":262,"play_id":"24e85422-1ce8-405b-92e4-e4f51f373579","local_time":"20180719124114","is_ascension_mode":false,"campfire_choices":[{"floor":7.0,"key":"REST"},{"floor":15,"key":"REST"}],"neow_cost":"NONE","seed_source_timestamp":0,"circlet_count":0,"master_deck":["Survivor","Neutralize","Infinite Blades","Deadly Poison","Accuracy","Distraction","Choke","Tools of the Trade","Quick Slash","Accuracy","A Thousand Cuts","Blade Dance","Finisher","After Image","Deadly Poison","Poisoned Stab","Dagger Spray","Choke","Dagger Spray","Deflect","Slice","Slice","Deflect","Bane","Endless Agony","Caltrops","Malaise","Footwork","Calculated Gamble","Finesse","Crippling Poison"],"special_seed":0,"relics":["Ring of the Snake","Ornamental Fan","The Courier","Shuriken","Pandora\u0027s Box"],"potions_floor_usage":[12,14,16,23,25,25],"damage_taken":[{"damage":0.0,"enemies":"Small Slimes","floor":1.0,"turns":4.0},{"damage":0.0,"enemies":"2 Louse","floor":2.0,"turns":3.0},{"damage":9.0,"enemies":"Cultist","floor":3.0,"turns":4.0},{"damage":8.0,"enemies":"Red Slaver","floor":5.0,"turns":4.0},{"damage":21.0,"enemies":"Gremlin Nob","floor":6.0,"turns":5.0},{"damage":16.0,"enemies":"Lagavulin","floor":8.0,"turns":6.0},{"damage":16,"enemies":"Lots of Slimes","floor":10,"turns":5},{"damage":7,"enemies":"Blue Slaver","floor":11,"turns":6},{"damage":8,"enemies":"Exordium Wildlife","floor":12,"turns":6},{"damage":3,"enemies":"Red Slaver","floor":14,"turns":4},{"damage":11,"enemies":"Slime Boss","floor":16,"turns":10},{"damage":9,"enemies":"Chosen","floor":18,"turns":4},{"damage":23,"enemies":"2 Thieves","floor":19,"turns":3},{"damage":32,"enemies":"Chosen and Byrds","floor":21,"turns":5},{"damage":0,"enemies":"Book of Stabbing","floor":23,"turns":1},{"damage":6,"enemies":"Snake Plant","floor":25,"turns":3}],"seed_played":"2548946252495266986","potions_obtained":[{"floor":3.0,"key":"SmokeBomb"},{"floor":6.0,"key":"Energy Potion"},{"floor":10,"key":"SteroidPotion"},{"floor":12,"key":"Swift Potion"},{"floor":16,"key":"Weak Potion"},{"floor":19,"key":"Swift Potion"},{"floor":21,"key":"SpeedPotion"}],"is_trial":false,"path_per_floor":["M","M","M","?","M","E","R","E","T","M","M","M","?","M","R","B",null,"M","M","$","M","?","E","$"],"character_chosen":"THE_SILENT","items_purchased":["Caltrops","Malaise","Footwork","Finesse","Crippling Poison"],"campfire_rested":2,"item_purchase_floors":[20,20,20,24,24],"current_hp_per_floor":[70,70,61,61,53,32,53,37,37,21,14,6,6,3,24,13,70,61,38,38,6,6,6,6,0],"gold":180,"neow_bonus":"TRANSFORM_CARD","is_prod":false,"is_daily":false,"chose_seed":false,"campfire_upgraded":0,"win_rate":0,"timestamp":1532018474,"path_taken":["M","M","M","?","M","E","R","E","T","M","?","?","?","M","R","BOSS","M","M","$","M","?","E","$","M"],"build_version":"2018-07-12","purchased_purges":0,"victory":false,"max_hp_per_floor":[70,70,70,70,70,70,70,70,70,70,70,70,70,70,70,70,70,70,70,70,70,70,70,70,70],"card_choices":[{"not_picked":["PiercingWail","Flechettes"],"picked":"Deadly Poison","floor":1.0},{"not_picked":["Dodge and Roll","Heel Hook"],"picked":"Accuracy","floor":2.0},{"not_picked":["Outmaneuver","Heel Hook"],"picked":"Distraction","floor":3.0},{"not_picked":["Eviscerate","Bane"],"picked":"Choke","floor":5.0},{"not_picked":["Backflip","Bane"],"picked":"Tools of the Trade","floor":6.0},{"not_picked":["Dagger Throw","Prepared"],"picked":"Quick Slash","floor":8.0},{"not_picked":["Calculated Gamble","Outmaneuver"],"picked":"Accuracy","floor":10},{"not_picked":["Bane","Reflex"],"picked":"A Thousand Cuts","floor":11},{"not_picked":["Acrobatics","Quick Slash"],"picked":"Blade Dance","floor":12},{"not_picked":["Outmaneuver","Well Laid Plans"],"picked":"Finisher","floor":14},{"not_picked":["Unload","Phantasmal Killer"],"picked":"After Image","floor":16},{"not_picked":["Underhanded Strike","Prepared"],"picked":"Bane","floor":18},{"not_picked":["Doppelganger","Bouncing Flask+1"],"picked":"Endless Agony","floor":19},{"not_picked":["Poisoned Stab","Underhanded Strike+1"],"picked":"Calculated Gamble","floor":21}],"player_experience":43545,"relics_obtained":[{"floor":6.0,"key":"Ornamental Fan"},{"floor":8.0,"key":"The Courier"},{"floor":9.0,"key":"Shuriken"}],"event_choices":[{"event_name":"The Cleric","player_choice":"Leave","floor":4.0,"damage_taken":0.0},{"event_name":"Shining Light","player_choice":"Ignored","floor":13,"damage_taken":0},{"event_name":"Drug Dealer","player_choice":"Ignored","floor":22,"damage_taken":0}],"boss_relics":[{"not_picked":["Runic Pyramid","Eternal Feather"],"picked":"Pandora\u0027s Box"}],"items_purged_floors":[],"is_endless":false,"potions_floor_spawned":[3,6,10,11,12,16,19,21],"killed_by":"Snake Plant","ascension_level":0}