{"gold_per_floor":[109,109,129,129,144,144,187,187,210,210,210,230,74,87,87,207,207,222,222,137,137,158,158,173,47,47,47,0,25,25,25,25,148,148,173,173,194,194,210,210,243,243,243,286,286,286],"floor_reached":46,"playtime":2562,"items_purged":["Strike_G","Strike_G"],"score":624,"play_id":"ae47bbb3-2b51-4763-9c8b-b8223e430ea4","local_time":"20190513211729","is_ascension_mode":true,"campfire_choices":[{"data":"Corpse Explosion","floor":6,"key":"SMITH"},{"floor":8,"key":"REST"},{"data":"Neutralize","floor":10,"key":"SMITH"},{"floor":15,"key":"REST"},{"data":"Footwork","floor":23,"key":"SMITH"},{"floor":27,"key":"REST"},{"data":"Catalyst","floor":32,"key":"SMITH"},{"floor":40,"key":"REST"},{"floor":42,"key":"REST"},{"floor":45,"key":"REST"}],"neow_cost":"TEN_PERCENT_HP_LOSS","seed_source_timestamp":318248839081500,"circlet_count":0,"master_deck":["Defend_G","Defend_G","Defend_G","Defend_G","Defend_G","Strike_G","Strike_G","Strike_G","Survivor","Neutralize+1","Corpse Explosion+1","Bouncing Flask+1","Acrobatics","Bane","Expertise","Venomology","Footwork+1","Adrenaline","Well Laid Plans+1","Noxious Fumes+1","Deflect","Catalyst+1","Tools of the Trade+1","Caltrops+1","Backflip","Enlightenment","Blade Dance","All Out Attack+1"],"relics":["Ring of the Snake","Golden Idol","Boot","Happy Flower","Pear","Cursed Key","Nilry\u0027s Codex","Frozen Egg 2","Orichalcum","WristBlade","Incense Burner","Anchor"],"potions_floor_usage":[16,16,16,18,33,33,33,33,41,41,44,44,46,46],"damage_taken":[{"damage":5,"enemies":"Small Slimes","floor":1,"turns":4},{"damage":4,"enemies":"Jaw Worm","floor":3,"turns":3},{"damage":2,"enemies":"2 Louse","floor":5,"turns":2},{"damage":42,"enemies":"3 Sentries","floor":7,"turns":7},{"damage":10,"enemies":"2 Fungi Beasts","floor":12,"turns":3},{"damage":23,"enemies":"Lots of Slimes","floor":14,"turns":3},{"damage":17,"enemies":"The Guardian","floor":16,"turns":9},{"damage":3,"enemies":"3 Byrds","floor":18,"turns":3},{"damage":9,"enemies":"Shell Parasite","floor":22,"turns":4},{"damage":17,"enemies":"Sentry and Sphere","floor":24,"turns":4},{"damage":11,"enemies":"Centurion and Healer","floor":29,"turns":4},{"damage":6,"enemies":"Automaton","floor":33,"turns":9},{"damage":12,"enemies":"Orb Walker","floor":35,"turns":4},{"damage":29,"enemies":"3 Darklings","floor":37,"turns":3},{"damage":19,"enemies":"Writhing Mass","floor":39,"turns":5},{"damage":8,"enemies":"Giant Head","floor":41,"turns":6},{"damage":41,"enemies":"Nemesis","floor":44,"turns":7},{"damage":26,"enemies":"Transient","floor":46,"turns":3}],"seed_played":"-4908483438681552907","potions_obtained":[{"floor":3,"key":"LiquidBronze"},{"floor":5,"key":"Dexterity Potion"},{"floor":7,"key":"Regen Potion"},{"floor":22,"key":"Dexterity Potion"},{"floor":39,"key":"AttackPotion"}],"is_trial":false,"path_per_floor":["M","?","M","?","M","R","E","R","T","R","T","M","$","M","R","B",null,"M","?","?","?","M","R","M","$","T","R","?","M","?","?","R","B",null,"M","?","M","?","M","R","E","R","T","E","R","M"],"character_chosen":"THE_SILENT","items_purchased":["Footwork","Deflect"],"campfire_rested":6,"item_purchase_floors":[13,25],"current_hp_per_floor":[58,58,54,59,57,57,15,33,33,33,43,33,33,10,31,29,62,59,43,43,43,34,34,17,17,17,38,38,27,27,51,51,60,70,58,58,29,29,10,31,23,44,44,3,24,0],"gold":286,"neow_bonus":"THREE_RARE_CARDS","is_prod":false,"is_daily":false,"chose_seed":true,"campfire_upgraded":4,"win_rate":0,"timestamp":1557796649,"path_taken":["M","?","M","?","M","R","E","R","T","R","?","M","$","M","R","BOSS","M","?","?","?","?","R","M","$","T","R","?","M","?","?","R","BOSS","M","?","?","?","M","R","E","R","T","E","R","M"],"build_version":"2019-01-23","purchased_purges":2,"victory":false,"max_hp_per_floor":[63,58,58,63,63,63,63,63,63,63,73,73,73,73,73,73,73,73,73,73,73,73,73,73,73,73,73,73,73,73,73,73,73,73,73,73,73,73,73,73,73,73,73,73,73,73],"card_choices":[{"not_picked":["Grand Finale","A Thousand Cuts"],"picked":"Corpse Explosion","floor":0},{"not_picked":["Outmaneuver","Dagger Throw"],"picked":"Bouncing Flask","floor":1},{"not_picked":["Underhanded Strike","Dodge and Roll"],"picked":"Acrobatics","floor":3},{"not_picked":["Blade Dance","Poisoned Stab"],"picked":"Bane","floor":5},{"not_picked":["Slice","Blade Dance"],"picked":"Expertise","floor":7},{"not_picked":["Reflex","Predator"],"picked":"Venomology","floor":12},{"not_picked":["Flying Knee","Outmaneuver","Dagger Throw"],"picked":"SKIP","floor":14},{"not_picked":["Doppelganger","Unload"],"picked":"Adrenaline","floor":16},{"not_picked":["Heel Hook","Underhanded Strike","Setup"],"picked":"SKIP","floor":18},{"not_picked":["Slice+1","Crippling Poison+1"],"picked":"Well Laid Plans+1","floor":22},{"not_picked":["Poisoned Stab+1","Slice"],"picked":"Noxious Fumes+1","floor":24},{"not_picked":["Masterful Stab","Sucker Punch"],"picked":"Catalyst","floor":29},{"not_picked":["Grand Finale","Bullet Time"],"picked":"Tools of the Trade+1","floor":33},{"not_picked":["Deadly Poison","Escape Plan+1"],"picked":"Caltrops+1","floor":35},{"not_picked":["Distraction","Underhanded Strike"],"picked":"Backflip","floor":37},{"not_picked":["Metamorphosis","Madness"],"picked":"Enlightenment","floor":38},{"not_picked":["Dagger Spray+1","Deflect","Outmaneuver"],"picked":"SKIP","floor":39},{"not_picked":["Masterful Stab","Deflect+1"],"picked":"Blade Dance","floor":41},{"not_picked":["Flying Knee+1","Riddle With Holes"],"picked":"All Out Attack+1","floor":44}],"player_experience":449419,"relics_obtained":[{"floor":7,"key":"Boot"},{"floor":9,"key":"Happy Flower"},{"floor":11,"key":"Pear"},{"floor":19,"key":"Nilry\u0027s Codex"},{"floor":41,"key":"Incense Burner"},{"floor":44,"key":"Anchor"}],"event_choices":[{"damage_healed":0,"gold_gain":0,"player_choice":"Lose Max HP","damage_taken":0,"relics_obtained":["Golden Idol"],"max_hp_gain":0,"max_hp_loss":5,"event_name":"Golden Idol","floor":2,"gold_loss":0},{"damage_healed":0,"gold_gain":0,"player_choice":"Donut","damage_taken":0,"max_hp_gain":5,"max_hp_loss":0,"event_name":"Big Fish","floor":4,"gold_loss":0},{"damage_healed":0,"gold_gain":0,"player_choice":"Obtained Book","damage_taken":16,"max_hp_gain":0,"max_hp_loss":0,"event_name":"Cursed Tome","floor":19,"gold_loss":0},{"damage_healed":0,"gold_gain":0,"player_choice":"Obtained Relic","damage_taken":0,"relics_obtained":["Frozen Egg 2"],"max_hp_gain":0,"max_hp_loss":0,"event_name":"Addict","floor":20,"gold_loss":85},{"damage_healed":0,"gold_gain":0,"player_choice":"Gave Potion","damage_taken":0,"relics_obtained":["Orichalcum"],"max_hp_gain":0,"max_hp_loss":0,"event_name":"WeMeetAgain","floor":21,"gold_loss":0},{"damage_healed":0,"gold_gain":0,"player_choice":"Paid Fearfully","damage_taken":0,"max_hp_gain":0,"max_hp_loss":0,"event_name":"Masked Bandits","floor":28,"gold_loss":47},{"damage_healed":0,"gold_gain":0,"player_choice":"Ignored","damage_taken":0,"max_hp_gain":0,"max_hp_loss":0,"event_name":"Beggar","floor":30,"gold_loss":0},{"damage_healed":24,"gold_gain":0,"player_choice":"Heal","damage_taken":0,"max_hp_gain":0,"max_hp_loss":0,"event_name":"The Library","floor":31,"gold_loss":0},{"damage_healed":0,"gold_gain":0,"player_choice":"Upgraded","damage_taken":0,"max_hp_gain":0,"max_hp_loss":0,"event_name":"Upgrade Shrine","floor":36,"gold_loss":0,"cards_upgraded":["Bouncing Flask"]},{"damage_healed":0,"gold_gain":0,"player_choice":"Memory 1","damage_taken":0,"max_hp_gain":0,"max_hp_loss":0,"event_name":"SensoryStone","floor":38,"gold_loss":0}],"is_beta":false,"boss_relics":[{"not_picked":["Empty Cage","Eternal Feather"],"picked":"Cursed Key"},{"not_picked":["Coffee Dripper","Calling Bell"],"picked":"WristBlade"}],"items_purged_floors":[13,25],"is_endless":false,"potions_floor_spawned":[3,5,7,22,29,39],"killed_by":"Transient","ascension_level":5}