{"gold_per_floor":[15,29,40,60,60,60,89,100,100,100,117,127,127,26,26,131,131,148,48,63,63,79,79,106,106,106,19,39,51,51,51],"floor_reached":31,"playtime":1358,"items_purged":["Strike_R","Strike_R"],"score":504,"play_id":"0d4cb4d6-6112-4a99-bd69-29dd843eb33a","local_time":"20190422135752","is_ascension_mode":true,"campfire_choices":[{"data":"Carnage","floor":6.0,"key":"SMITH"},{"floor":15.0,"key":"REST"},{"data":"Inflame","floor":23.0,"key":"SMITH"},{"floor":25.0,"key":"REST"}],"neow_cost":"NO_GOLD","seed_source_timestamp":137250964722100,"circlet_count":0,"master_deck":["AscendersBane","Strike_R","Defend_R","Defend_R","Defend_R","Defend_R+1","Bash","Carnage+1","Sword Boomerang","Inflame+1","Warcry","Flex","Battle Trance+1","Anger","Heavy Blade","Iron Wave","Offering","Pummel","Disarm","Intimidate","Evolve","Shrug It Off","Havoc+1","Exhume"],"special_seed":0,"relics":["Burning Blood","Torii","Question Card","Cursed Key","War Paint"],"potions_floor_usage":[],"damage_taken":[{"damage":7.0,"enemies":"2 Louse","floor":1.0,"turns":3.0},{"damage":0.0,"enemies":"Cultist","floor":2.0,"turns":2.0},{"damage":4.0,"enemies":"Small Slimes","floor":3.0,"turns":3.0},{"damage":7.0,"enemies":"Looter","floor":4.0,"turns":3.0},{"damage":40.0,"enemies":"Lagavulin","floor":7.0,"turns":4.0},{"damage":9.0,"enemies":"Blue Slaver","floor":8.0,"turns":3.0},{"damage":2.0,"enemies":"3 Louse","floor":11.0,"turns":4.0},{"damage":16.0,"enemies":"Exordium Wildlife","floor":12.0,"turns":3.0},{"damage":0.0,"enemies":"Slime Boss","floor":16.0,"turns":5.0},{"damage":18.0,"enemies":"Chosen","floor":18.0,"turns":3.0},{"damage":21.0,"enemies":"Shell Parasite","floor":20.0,"turns":4.0},{"damage":15.0,"enemies":"Snake Plant","floor":22.0,"turns":3.0},{"damage":42.0,"enemies":"Gremlin Leader","floor":24.0,"turns":5.0},{"damage":15.0,"enemies":"Centurion and Healer","floor":28.0,"turns":4.0},{"damage":15.0,"enemies":"Snecko","floor":29.0,"turns":4.0},{"damage":36,"enemies":"Shelled Parasite and Fungi","floor":31,"turns":5}],"seed_played":"-5166307215258553670","potions_obtained":[{"floor":1.0,"key":"SpeedPotion"},{"floor":2.0,"key":"SteroidPotion"},{"floor":16.0,"key":"LiquidBronze"}],"is_trial":false,"path_per_floor":["M","M","M","M","?","R","E","M","T","?","M","M","?","$","R","B",null,"M","$","M","?","M","R","E","R","T","$","M","M","?","M"],"character_chosen":"IRONCLAD","items_purchased":["Iron Wave","Evolve","Shrug It Off"],"campfire_rested":2,"item_purchase_floors":[14,27,27],"current_hp_per_floor":[87,93,95,94,94,94,60,57,57,50,54,44,37,37,65,71,90,78,78,63,63,54,54,18,46,46,46,37,28,28,0],"gold":51,"neow_bonus":"TWENTY_PERCENT_HP_BONUS","is_prod":false,"is_daily":false,"chose_seed":false,"campfire_upgraded":2,"win_rate":0,"timestamp":1555955872,"path_taken":["M","M","M","M","?","R","E","?","T","?","M","M","?","?","R","BOSS","M","$","M","?","M","R","E","R","T","$","M","M","?","M"],"build_version":"2019-01-23","purchased_purges":2,"victory":false,"max_hp_per_floor":[96,96,96,96,96,96,96,96,96,96,96,96,96,96,96,96,96,96,96,96,96,96,96,96,96,96,96,96,96,96,96],"card_choices":[{"not_picked":["Hemokinesis","Thunderclap"],"picked":"Carnage","floor":1.0},{"not_picked":["Body Slam","True Grit"],"picked":"Sword Boomerang","floor":2.0},{"not_picked":["Sword Boomerang","Warcry"],"picked":"Inflame","floor":3.0},{"not_picked":["Dropkick","Pommel Strike"],"picked":"Warcry","floor":4.0},{"not_picked":["Shockwave","Headbutt"],"picked":"Flex","floor":7.0},{"not_picked":["Twin Strike","Warcry"],"picked":"Battle Trance","floor":8.0},{"not_picked":["Havoc","Clothesline","Iron Wave"],"picked":"Anger","floor":11.0},{"not_picked":["Armaments","Headbutt","Demon Form"],"picked":"Heavy Blade","floor":12.0},{"not_picked":["Dark Embrace","Brutality","Immolate"],"picked":"Offering","floor":16.0},{"not_picked":["Armaments","Carnage","Fire Breathing+1","Headbutt+1"],"picked":"SKIP","floor":18.0},{"not_picked":["Dual Wield","Perfected Strike+1","Armaments"],"picked":"Pummel","floor":20.0},{"not_picked":["Clash","Shockwave","Clothesline"],"picked":"Disarm","floor":22.0},{"not_picked":["Sword Boomerang","True Grit","Seeing Red"],"picked":"Intimidate","floor":24.0},{"not_picked":["Bloodletting","Body Slam+1","Corruption"],"picked":"Havoc+1","floor":28.0},{"not_picked":["Heavy Blade+1","Clash+1","Second Wind"],"picked":"Exhume","floor":29.0}],"player_experience":377069,"relics_obtained":[{"floor":7.0,"key":"Torii"},{"floor":9.0,"key":"Question Card"},{"floor":24.0,"key":"War Paint"}],"event_choices":[{"cards_removed":["Strike_R"],"damage_healed":0.0,"max_hp_gain":0.0,"max_hp_loss":0.0,"gold_gain":0.0,"event_name":"Wheel of Change","player_choice":"Card Removal","floor":5.0,"gold_loss":0.0,"damage_taken":0.0},{"cards_removed":["Strike_R"],"damage_healed":0.0,"max_hp_gain":0.0,"max_hp_loss":0.0,"gold_gain":0.0,"event_name":"Golden Wing","player_choice":"Card Removal","floor":10.0,"gold_loss":0.0,"damage_taken":7.0},{"damage_healed":0.0,"max_hp_gain":0.0,"max_hp_loss":0.0,"gold_gain":0.0,"event_name":"Scrap Ooze","player_choice":"Fled","floor":13.0,"gold_loss":0.0,"damage_taken":7.0},{"damage_healed":0.0,"max_hp_gain":0.0,"max_hp_loss":0.0,"gold_gain":0.0,"event_name":"Beggar","player_choice":"Ignored","floor":30.0,"gold_loss":0.0,"damage_taken":0.0}],"is_beta":false,"boss_relics":[{"not_picked":["Philosopher\u0027s Stone","Astrolabe"],"picked":"Cursed Key"}],"items_purged_floors":[14,19],"is_endless":false,"potions_floor_spawned":[1,2,16,29],"killed_by":"Shelled Parasite and Fungi","ascension_level":11}