{"gold_per_floor":[116,41,51,68,84,84,116,116,140,171,181,181,198,198,198,276,276,288,288,288,304,304,304],"floor_reached":23,"playtime":1018,"items_purged":["Defend_R"],"score":441,"play_id":"b93b62af-5941-48af-b18b-d8732ac2f92f","local_time":"20190604205703","is_ascension_mode":true,"campfire_choices":[{"data":"Limit Break","floor":6,"key":"SMITH"},{"data":"Bash","floor":8,"key":"SMITH"},{"data":"Limit Break","floor":15,"key":"SMITH"}],"neow_cost":"NONE","seed_source_timestamp":781852033353500,"circlet_count":0,"master_deck":["AscendersBane","Strike_R","Strike_R","Strike_R","Defend_R","Defend_R","Bash+1","Limit Break+1","Shrug It Off","Flex","Pommel Strike","Battle Trance","Inflame","Limit Break+1","Iron Wave","Fiend Fire","Pummel","Armaments","Evolve"],"relics":["Burning Blood","Bag of Preparation","Boot","Art of War","Empty Cage"],"potions_floor_usage":[4,10,16,18],"damage_taken":[{"damage":10,"enemies":"2 Louse","floor":1,"turns":3},{"damage":14,"enemies":"Jaw Worm","floor":3,"turns":4},{"damage":7,"enemies":"Cultist","floor":4,"turns":4},{"damage":7,"enemies":"3 Louse","floor":5,"turns":3},{"damage":22,"enemies":"Lagavulin","floor":7,"turns":7},{"damage":12,"enemies":"3 Sentries","floor":10,"turns":4},{"damage":24,"enemies":"Exordium Wildlife","floor":11,"turns":3},{"damage":0,"enemies":"2 Fungi Beasts","floor":13,"turns":3},{"damage":22,"enemies":"Hexaghost","floor":16,"turns":6},{"damage":26,"enemies":"3 Byrds","floor":18,"turns":6},{"damage":13,"enemies":"Colosseum Slavers","floor":20,"turns":5},{"damage":11,"enemies":"Spheric Guardian","floor":21,"turns":3},{"damage":32,"enemies":"Book of Stabbing","floor":23,"turns":4}],"seed_played":"-9129516434256183204","potions_obtained":[{"floor":1,"key":"AttackPotion"},{"floor":4,"key":"Fruit Juice"},{"floor":5,"key":"PowerPotion"},{"floor":11,"key":"AttackPotion"}],"is_trial":false,"path_per_floor":["M","$","M","M","M","R","E","R","T","E","M","?","M","?","R","B",null,"M","?","?","M","?","E"],"character_chosen":"IRONCLAD","items_purchased":[],"campfire_rested":0,"item_purchase_floors":[],"current_hp_per_floor":[64,64,56,60,59,59,43,43,43,37,19,19,25,25,25,9,62,42,42,35,30,30,0],"gold":304,"neow_bonus":"ONE_RANDOM_RARE_CARD","is_prod":false,"is_daily":false,"chose_seed":false,"campfire_upgraded":3,"win_rate":0,"timestamp":1559707023,"path_taken":["M","$","M","M","M","R","E","R","T","E","M","?","M","?","R","BOSS","M","?","?","M","?","E"],"build_version":"2019-01-23","purchased_purges":1,"victory":false,"max_hp_per_floor":[75,75,75,80,80,80,80,80,80,80,80,80,80,80,80,80,80,80,80,80,80,80,80],"card_choices":[{"not_picked":["Iron Wave","True Grit"],"picked":"Shrug It Off","floor":1},{"not_picked":["Second Wind","Body Slam"],"picked":"Flex","floor":3},{"not_picked":["Burning Pact","Flex"],"picked":"Pommel Strike","floor":4},{"not_picked":["Hemokinesis","Searing Blow"],"picked":"Battle Trance","floor":5},{"not_picked":["Body Slam","Anger"],"picked":"Inflame","floor":7},{"not_picked":["Pommel Strike","Immolate"],"picked":"Limit Break","floor":10},{"not_picked":["Perfected Strike","Clothesline"],"picked":"Iron Wave","floor":11},{"not_picked":["Armaments","Wild Strike","Havoc"],"picked":"SKIP","floor":13},{"not_picked":["Juggernaut","Demon Form"],"picked":"Fiend Fire","floor":16},{"not_picked":["Flex","Reckless Charge","Pommel Strike"],"picked":"SKIP","floor":18},{"not_picked":["Iron Wave","Perfected Strike","Twin Strike"],"picked":"SKIP","floor":21}],"player_experience":508383,"relics_obtained":[{"floor":7,"key":"Bag of Preparation"},{"floor":9,"key":"Boot"},{"floor":10,"key":"Art of War"}],"event_choices":[{"cards_removed":["Strike_R"],"damage_healed":0,"gold_gain":0,"player_choice":"Forget","damage_taken":0,"max_hp_gain":0,"max_hp_loss":0,"event_name":"Living Wall","floor":12,"gold_loss":0},{"damage_healed":0,"gold_gain":0,"player_choice":"Ignored","damage_taken":0,"max_hp_gain":0,"max_hp_loss":0,"event_name":"Liars Game","floor":14,"gold_loss":0},{"damage_healed":0,"gold_gain":0,"player_choice":"Read","damage_taken":0,"max_hp_gain":0,"max_hp_loss":0,"event_name":"The Library","floor":19,"gold_loss":0,"cards_obtained":["Pummel"]},{"damage_healed":0,"gold_gain":0,"player_choice":"Fight","damage_taken":0,"max_hp_gain":0,"max_hp_loss":0,"event_name":"Colosseum","floor":20,"gold_loss":0},{"damage_healed":0,"gold_gain":0,"player_choice":"Fled From Nobs","damage_taken":0,"max_hp_gain":0,"max_hp_loss":0,"event_name":"Colosseum","floor":20,"gold_loss":0},{"damage_healed":0,"gold_gain":0,"player_choice":"2 cards matched","damage_taken":0,"max_hp_gain":0,"max_hp_loss":0,"event_name":"Match and Keep!","floor":22,"gold_loss":0,"cards_obtained":["Armaments","Evolve"]}],"is_beta":false,"boss_relics":[{"not_picked":["Cursed Key","Tiny House"],"picked":"Empty Cage"}],"items_purged_floors":[2],"is_endless":false,"potions_floor_spawned":[1,4,5,11,20],"killed_by":"Book of Stabbing","ascension_level":19}