{"gold_per_floor":[111,121,43,118,118,145,145,145,172,47,47,71,96,117,117,240,240,263,263,284,43,61,61],"floor_reached":23,"playtime":976,"items_purged":["Injury","Strike_R"],"score":296,"play_id":"10954d29-e7e4-4855-87aa-99674d2c1844","local_time":"20190316183538","is_ascension_mode":true,"campfire_choices":[{"floor":8,"key":"REST"},{"floor":11,"key":"REST"},{"data":"Spot Weakness","floor":15,"key":"SMITH"}],"neow_cost":"NONE","seed_source_timestamp":1242803962538000,"circlet_count":0,"master_deck":["AscendersBane","Strike_R","Strike_R","Strike_R","Strike_R","Defend_R","Defend_R","Defend_R","Defend_R","Bash+1","Clothesline","Cleave+1","Battle Trance","Carnage","Whirlwind","Spot Weakness+1","Demon Form","Disarm+1"],"relics":["Burning Blood","Letter Opener","Golden Idol","Smiling Mask","Philosopher\u0027s Stone","Membership Card"],"potions_floor_usage":[13,20,20,23],"damage_taken":[{"damage":5,"enemies":"2 Louse","floor":1,"turns":3},{"damage":7,"enemies":"Cultist","floor":2,"turns":4},{"damage":28,"enemies":"Gremlin Nob","floor":6,"turns":4},{"damage":0,"enemies":"Small Slimes","floor":12,"turns":3},{"damage":5,"enemies":"Red Slaver","floor":13,"turns":3},{"damage":9,"enemies":"Looter","floor":14,"turns":3},{"damage":48,"enemies":"Slime Boss","floor":16,"turns":8},{"damage":23,"enemies":"Spheric Guardian","floor":18,"turns":4},{"damage":60,"enemies":"3 Byrds","floor":20,"turns":6},{"damage":42,"enemies":"Sentry and Sphere","floor":22,"turns":4},{"damage":14,"enemies":"Book of Stabbing","floor":23,"turns":2}],"seed_played":"-2986271315001754446","potions_obtained":[{"floor":12,"key":"Fruit Juice"},{"floor":13,"key":"EssenceOfSteel"},{"floor":18,"key":"AttackPotion"},{"floor":19,"key":"Regen Potion"},{"floor":19,"key":"Regen Potion"},{"floor":22,"key":"EssenceOfSteel"}],"is_trial":false,"path_per_floor":["M","M","$","?","?","E","?","R","T","$","R","M","M","M","R","B",null,"M","?","M","$","M","E"],"character_chosen":"IRONCLAD","items_purchased":["Battle Trance","Whirlwind","Membership Card"],"campfire_rested":2,"item_purchase_floors":[3,10,21],"current_hp_per_floor":[81,80,80,69,51,29,29,55,55,55,81,87,93,90,90,48,82,65,65,46,46,10,0],"gold":61,"neow_bonus":"TEN_PERCENT_HP_BONUS","is_prod":false,"is_daily":false,"chose_seed":false,"campfire_upgraded":1,"win_rate":0,"timestamp":1552775738,"path_taken":["M","M","$","?","?","E","?","R","T","$","R","M","M","M","R","BOSS","M","?","M","$","?","E"],"build_version":"2019-01-23","purchased_purges":2,"victory":false,"max_hp_per_floor":[88,88,88,88,88,88,88,88,88,88,88,88,93,93,93,93,93,93,93,93,93,93,93],"card_choices":[{"not_picked":["Twin Strike","Thunderclap"],"picked":"Clothesline","floor":1},{"not_picked":["Clash","Havoc"],"picked":"Cleave","floor":2},{"not_picked":["Fire Breathing","Anger"],"picked":"Carnage","floor":6},{"not_picked":["Wild Strike","Cleave","Perfected Strike"],"picked":"SKIP","floor":12},{"not_picked":["Body Slam","Carnage"],"picked":"Spot Weakness","floor":13},{"not_picked":["Cleave","Searing Blow","True Grit"],"picked":"SKIP","floor":14},{"not_picked":["Dark Embrace","Double Tap"],"picked":"Demon Form","floor":16},{"not_picked":["Iron Wave","Thunderclap","Headbutt"],"picked":"SKIP","floor":18},{"not_picked":["Anger+1","Burning Pact"],"picked":"Disarm+1","floor":20},{"not_picked":["Iron Wave","Pommel Strike","Clash+1"],"picked":"SKIP","floor":22}],"player_experience":977813,"relics_obtained":[{"floor":6,"key":"Letter Opener"},{"floor":9,"key":"Smiling Mask"}],"event_choices":[{"damage_healed":0,"gold_gain":75,"player_choice":"Gather Gold","damage_taken":11,"max_hp_gain":0,"max_hp_loss":0,"event_name":"World of Goop","floor":4,"gold_loss":0},{"damage_healed":0,"gold_gain":0,"player_choice":"Entered Light","damage_taken":18,"max_hp_gain":0,"max_hp_loss":0,"event_name":"Shining Light","floor":5,"gold_loss":0,"cards_upgraded":["Bash","Cleave"]},{"damage_healed":0,"gold_gain":0,"player_choice":"Take Wound","damage_taken":0,"relics_obtained":["Golden Idol"],"max_hp_gain":0,"max_hp_loss":0,"event_name":"Golden Idol","floor":7,"gold_loss":0,"cards_obtained":["Injury"]},{"damage_healed":0,"gold_gain":0,"player_choice":"Got Potions","damage_taken":0,"max_hp_gain":0,"max_hp_loss":0,"event_name":"Lab","floor":19,"gold_loss":0}],"is_beta":false,"boss_relics":[{"not_picked":["Eternal Feather","Lizard Tail"],"picked":"Philosopher\u0027s Stone"}],"items_purged_floors":[10,21],"is_endless":false,"potions_floor_spawned":[12,13,18,22],"killed_by":"Book of Stabbing","ascension_level":11}