{"gold_per_floor":[17,33,33,48,48,81,81,32,80,100,100,130,147,175,175,278,278,291,206,17,27,40,40,51,51,100,110,137,157,157,157,157,260,260,272,272,272,99,99,99,99,99,99,111,211,211,211,229,229,229],"floor_reached":51,"playtime":2374,"items_purged":["Defend_R"],"score":1091,"play_id":"a6ab5abe-2d27-41dd-a35a-784cbe250e1e","local_time":"20190423000159","is_ascension_mode":true,"campfire_choices":[{"data":"Bash","floor":7,"key":"SMITH"},{"data":"Perfected Strike","floor":11,"key":"SMITH"},{"data":"Armaments","floor":15,"key":"SMITH"},{"data":"True Grit","floor":23,"key":"SMITH"},{"data":"Pommel Strike","floor":30,"key":"SMITH"},{"data":"Heavy Blade","floor":32,"key":"SMITH"},{"data":"Enlightenment","floor":40,"key":"SMITH"},{"data":"Offering","floor":42,"key":"SMITH"},{"data":"1","floor":46,"key":"LIFT"},{"data":"Double Tap","floor":49,"key":"SMITH"}],"neow_cost":"NO_GOLD","seed_source_timestamp":179302990112000,"circlet_count":0,"master_deck":["AscendersBane","Strike_R+1","Strike_R","Strike_R","Strike_R","Strike_R","Defend_R","Defend_R+1","Defend_R","Bash+1","Perfected Strike+1","Immolate+1","Bloodletting","Pommel Strike+1","Battle Trance","True Grit+1","Armaments+1","Perfected Strike","Double Tap+1","Sentinel","Rupture","Flame Barrier","Inflame","Offering+1","Heavy Blade+1","Necronomicurse","True Grit+1","Fiend Fire","True Grit+1","Feel No Pain","Enlightenment+1","Perfected Strike+1","Shrug It Off+1","Perfected Strike+1","Blind","Warcry+1"],"relics":["Burning Blood","Oddly Smooth Stone","Potion Belt","Odd Mushroom","Meat on the Bone","Runic Pyramid","Juzu Bracelet","Necronomicon","Art of War","Anchor","Sozu","Bottled Tornado","Girya"],"potions_floor_usage":[14,16,28,28,28,33],"damage_taken":[{"damage":7,"enemies":"Jaw Worm","floor":1,"turns":3},{"damage":5,"enemies":"Small Slimes","floor":2,"turns":3},{"damage":0,"enemies":"2 Louse","floor":4,"turns":2},{"damage":17,"enemies":"3 Sentries","floor":6,"turns":5},{"damage":22,"enemies":"Exordium Thugs","floor":10,"turns":4},{"damage":0,"enemies":"The Mushroom Lair","floor":12,"turns":1},{"damage":0,"enemies":"3 Louse","floor":13,"turns":1},{"damage":23,"enemies":"Gremlin Nob","floor":14,"turns":4},{"damage":34,"enemies":"Hexaghost","floor":16,"turns":8},{"damage":15,"enemies":"Shell Parasite","floor":18,"turns":4},{"damage":30,"enemies":"2 Thieves","floor":21,"turns":5},{"damage":25,"enemies":"Sentry and Sphere","floor":22,"turns":4},{"damage":9,"enemies":"Snecko","floor":24,"turns":2},{"damage":18,"enemies":"Shelled Parasite and Fungi","floor":27,"turns":3},{"damage":30,"enemies":"Slavers","floor":28,"turns":4},{"damage":2,"enemies":"Cultist and Chosen","floor":29,"turns":2},{"damage":33,"enemies":"Champ","floor":33,"turns":8},{"damage":6,"enemies":"3 Darklings","floor":35,"turns":4},{"damage":0,"enemies":"3 Shapes","floor":44,"turns":4},{"damage":0,"enemies":"Mind Bloom Boss Battle","floor":45,"turns":4},{"damage":3,"enemies":"Spire Growth","floor":48,"turns":3},{"damage":78,"enemies":"Donu and Deca","floor":50,"turns":7}],"seed_played":"-4353967616165943881","potions_obtained":[{"floor":1,"key":"Energy Potion"},{"floor":2,"key":"PowerPotion"},{"floor":22,"key":"Regen Potion"},{"floor":24,"key":"Explosive Potion"},{"floor":27,"key":"SkillPotion"},{"floor":28,"key":"SkillPotion"}],"is_trial":false,"path_per_floor":["M","M","?","M","?","E","R","$","T","M","R","?","M","E","R","B",null,"M","?","$","M","M","R","M","?","T","M","E","M","R","?","R","B",null,"M","?","?","$","?","R","?","R","T","M","?","R","?","M","R","B",null],"character_chosen":"IRONCLAD","items_purchased":["Pommel Strike","Rupture","Flame Barrier","Feel No Pain","Enlightenment"],"campfire_rested":0,"item_purchase_floors":[8,20,20,38,38],"current_hp_per_floor":[87,88,88,94,75,64,64,64,64,48,48,54,60,43,43,27,79,70,70,70,58,51,51,60,44,44,44,44,60,60,60,60,45,83,83,83,83,83,83,83,83,83,83,89,95,95,95,96,96,36],"gold":229,"neow_bonus":"TWENTY_PERCENT_HP_BONUS","is_prod":false,"is_daily":false,"chose_seed":false,"campfire_upgraded":9,"win_rate":0,"timestamp":1555992119,"path_taken":["M","M","?","M","?","E","R","$","T","M","R","?","M","E","R","BOSS","M","?","$","M","M","R","M","?","T","M","E","M","R","?","R","BOSS","M","?","?","$","?","R","?","R","T","M","?","R","?","M","R","BOSS"],"build_version":"2019-01-23","purchased_purges":1,"victory":true,"max_hp_per_floor":[96,96,96,96,96,96,96,96,96,96,96,96,96,96,96,96,96,96,96,96,96,96,96,96,96,96,96,96,96,96,96,96,96,96,96,96,96,96,96,96,96,96,96,96,96,96,96,96,96,96],"card_choices":[{"not_picked":["Sword Boomerang","Twin Strike"],"picked":"Perfected Strike","floor":1},{"not_picked":["Twin Strike","Iron Wave"],"picked":"Immolate","floor":2},{"not_picked":["Corruption","Body Slam"],"picked":"Bloodletting","floor":4},{"not_picked":["Clash","Perfected Strike"],"picked":"Twin Strike","floor":6},{"not_picked":["Headbutt","Heavy Blade"],"picked":"Battle Trance","floor":10},{"not_picked":["Ghostly Armor","Reckless Charge"],"picked":"True Grit","floor":12},{"not_picked":["Anger","Cleave"],"picked":"Armaments","floor":13},{"not_picked":["Intimidate","Rage"],"picked":"Perfected Strike","floor":14},{"not_picked":["Exhume","Immolate"],"picked":"Double Tap","floor":16},{"not_picked":["Havoc","Shrug It Off"],"picked":"Sentinel","floor":18},{"not_picked":["Flex","Dual Wield"],"picked":"Inflame","floor":21},{"not_picked":["Shrug It Off","Sword Boomerang"],"picked":"Offering","floor":22},{"not_picked":["Iron Wave+1","True Grit"],"picked":"Heavy Blade","floor":24},{"not_picked":["Body Slam","Havoc+1","Twin Strike+1"],"picked":"SKIP","floor":27},{"not_picked":["Uppercut","Iron Wave","Clash"],"picked":"SKIP","floor":28},{"not_picked":["Heavy Blade","Clothesline"],"picked":"True Grit+1","floor":29},{"not_picked":["Impervious","Dark Embrace"],"picked":"Fiend Fire","floor":33},{"not_picked":["Seeing Red","Pommel Strike+1"],"picked":"True Grit+1","floor":35},{"not_picked":["Headbutt","Battle Trance"],"picked":"Shrug It Off+1","floor":44},{"not_picked":["Intimidate+1","Havoc+1"],"picked":"Perfected Strike+1","floor":45},{"not_picked":["Discovery","Swift Strike"],"picked":"Blind","floor":47},{"not_picked":["Thunderclap","Ghostly Armor"],"picked":"Warcry+1","floor":48}],"player_experience":379128,"relics_obtained":[{"floor":6,"key":"Oddly Smooth Stone"},{"floor":9,"key":"Potion Belt"},{"floor":12,"key":"Odd Mushroom"},{"floor":14,"key":"Meat on the Bone"},{"floor":25,"key":"Necronomicon"},{"floor":26,"key":"Art of War"},{"floor":28,"key":"Anchor"},{"floor":43,"key":"Bottled Tornado"},{"floor":45,"key":"Girya"}],"event_choices":[{"damage_healed":0,"gold_gain":0,"player_choice":"Grow","damage_taken":0,"max_hp_gain":0,"max_hp_loss":0,"event_name":"Living Wall","floor":3,"gold_loss":0,"cards_upgraded":["Immolate"]},{"damage_healed":0,"gold_gain":0,"player_choice":"Entered Light","damage_taken":19,"max_hp_gain":0,"max_hp_loss":0,"event_name":"Shining Light","floor":5,"gold_loss":0,"cards_upgraded":["Strike_R","Defend_R"]},{"damage_healed":0,"gold_gain":0,"player_choice":"Fought Mushrooms","damage_taken":0,"max_hp_gain":0,"max_hp_loss":0,"event_name":"Mushrooms","floor":12,"gold_loss":0},{"damage_healed":0,"gold_gain":0,"player_choice":"Obtained Relic","damage_taken":0,"relics_obtained":["Juzu Bracelet"],"max_hp_gain":0,"max_hp_loss":0,"event_name":"Addict","floor":19,"gold_loss":85},{"damage_healed":0,"gold_gain":0,"player_choice":"Obtained Book","damage_taken":16,"max_hp_gain":0,"max_hp_loss":0,"event_name":"Cursed Tome","floor":25,"gold_loss":0},{"damage_healed":0,"gold_gain":0,"player_choice":"Ignored","damage_taken":0,"max_hp_gain":0,"max_hp_loss":0,"event_name":"Vampires","floor":31,"gold_loss":0},{"cards_removed":["Twin Strike"],"damage_healed":0,"gold_gain":0,"player_choice":"Removed Attack","damage_taken":0,"max_hp_gain":0,"max_hp_loss":0,"event_name":"Falling","floor":36,"gold_loss":0},{"damage_healed":0,"gold_gain":0,"player_choice":"Ignored","damage_taken":0,"max_hp_gain":0,"max_hp_loss":0,"event_name":"Transmorgrifier","floor":37,"gold_loss":0},{"damage_healed":0,"gold_gain":0,"player_choice":"Ignored","damage_taken":0,"max_hp_gain":0,"max_hp_loss":0,"event_name":"Mysterious Sphere","floor":39,"gold_loss":0},{"damage_healed":0,"gold_gain":0,"player_choice":"Copied","damage_taken":0,"max_hp_gain":0,"max_hp_loss":0,"event_name":"Duplicator","floor":41,"gold_loss":0,"cards_obtained":["Perfected Strike"]},{"damage_healed":0,"gold_gain":0,"player_choice":"Fight","damage_taken":0,"max_hp_gain":0,"max_hp_loss":0,"event_name":"MindBloom","floor":45,"gold_loss":0},{"damage_healed":0,"gold_gain":0,"player_choice":"Memory 1","damage_taken":0,"max_hp_gain":0,"max_hp_loss":0,"event_name":"SensoryStone","floor":47,"gold_loss":0}],"is_beta":false,"boss_relics":[{"not_picked":["Runic Cube","White Beast Statue"],"picked":"Runic Pyramid"},{"not_picked":["Black Star","Orrery"],"picked":"Sozu"}],"items_purged_floors":[20],"is_endless":false,"potions_floor_spawned":[1,2,6,22,24,27,28,35,45],"ascension_level":11}