{"gold_per_floor":[14,28,42,42,42,42,81,81,107,128,108,108,142,142,142,235,235,249,273,273,293,311,311,345,345,368,404,404,679,679,473,473,567,567,585,124,149,482,531,531,531,531],"floor_reached":42,"playtime":1761,"items_purged":["Regret","Writhe"],"score":1055,"play_id":"ec51850f-37d0-4d8b-badc-9fb5ba9bbdb2","local_time":"20190224004105","is_ascension_mode":true,"campfire_choices":[{"data":"Defragment","floor":6.0,"key":"SMITH"},{"data":"Capacitor","floor":8.0,"key":"SMITH"},{"data":"Go for the Eyes","floor":15.0,"key":"SMITH"},{"data":"Consume","floor":23.0,"key":"SMITH"},{"data":"Coolheaded","floor":25.0,"key":"SMITH"},{"data":"Storm","floor":32.0,"key":"SMITH"},{"data":"Defragment","floor":40.0,"key":"SMITH"},{"data":"Go for the Eyes","floor":41.0,"key":"SMITH"}],"neow_cost":"NO_GOLD","seed_source_timestamp":0,"circlet_count":0,"master_deck":["AscendersBane","Strike_B+1","Defend_B+1","Defend_B+1","Defend_B+1","Defend_B+1","Zap","Dualcast","Defragment+1","Rip and Tear","Go for the Eyes+1","Cold Snap","Capacitor+1","Seek","Go for the Eyes+1","Electrodynamics","Conserve Battery","Coolheaded+1","Consume+1","Loop","Storm+1","Self Repair","Glacier+1","Defragment+1","Blizzard+1","Auto Shields+1"],"special_seed":0,"relics":["Cracked Core","Juzu Bracelet","PreservedInsect","Bronze Scales","Boot","Coffee Dripper","Strawberry","DataDisk","Prayer Wheel","Toxic Egg 2","Runic Dome","Cables","WingedGreaves"],"potions_floor_usage":[],"damage_taken":[{"damage":7.0,"enemies":"Small Slimes","floor":1.0,"turns":3.0},{"damage":7.0,"enemies":"Jaw Worm","floor":2.0,"turns":3.0},{"damage":0.0,"enemies":"Cultist","floor":3.0,"turns":3.0},{"damage":9.0,"enemies":"3 Sentries","floor":7.0,"turns":6.0},{"damage":2.0,"enemies":"2 Fungi Beasts","floor":10.0,"turns":3.0},{"damage":8.0,"enemies":"Gremlin Nob","floor":13.0,"turns":3.0},{"damage":29.0,"enemies":"Slime Boss","floor":16.0,"turns":11.0},{"damage":7.0,"enemies":"Chosen","floor":18.0,"turns":4.0},{"damage":5.0,"enemies":"2 Thieves","floor":19.0,"turns":3.0},{"damage":0.0,"enemies":"3 Cultists","floor":21.0,"turns":3.0},{"damage":10.0,"enemies":"Snake Plant","floor":22.0,"turns":4.0},{"damage":7.0,"enemies":"Book of Stabbing","floor":24.0,"turns":4.0},{"damage":0.0,"enemies":"Gremlin Leader","floor":27.0,"turns":3.0},{"damage":0.0,"enemies":"Champ","floor":33.0,"turns":11.0},{"damage":0.0,"enemies":"3 Shapes","floor":35.0,"turns":2.0},{"damage":13.0,"enemies":"3 Darklings","floor":37.0,"turns":1.0},{"damage":28.0,"enemies":"2 Orb Walkers","floor":39.0,"turns":2.0},{"damage":37,"enemies":"Reptomancer","floor":42,"turns":4}],"seed_played":"1638625576546875303","potions_obtained":[{"floor":2.0,"key":"Explosive Potion"},{"floor":3.0,"key":"Explosive Potion"},{"floor":10.0,"key":"EssenceOfSteel"},{"floor":11.0,"key":"EssenceOfSteel"},{"floor":16.0,"key":"SkillPotion"},{"floor":21.0,"key":"FearPotion"},{"floor":24.0,"key":"FocusPotion"},{"floor":27.0,"key":"GamblersBrew"},{"floor":33.0,"key":"Fruit Juice"},{"floor":37.0,"key":"EssenceOfSteel"}],"is_trial":false,"path_per_floor":["M","M","M","?","?","R","E","R","T","M","?","?","E","?","R","B",null,"M","M","?","M","M","R","E","R","T","E","?","?","?","$","R","B",null,"M","$","M","?","?","R","R","E"],"character_chosen":"DEFECT","items_purchased":["Self Repair","Glacier+1","Defragment","Cables"],"campfire_rested":0,"item_purchase_floors":[31,31,36,36],"current_hp_per_floor":[57,50,50,39,39,39,30,30,30,28,28,49,41,34,34,5,49,42,37,37,37,27,27,27,27,27,27,27,27,27,27,27,39,67,67,67,61,61,33,33,33,0],"gold":531,"neow_bonus":"TRANSFORM_TWO_CARDS","is_prod":false,"is_daily":false,"chose_seed":true,"campfire_upgraded":8,"win_rate":0,"timestamp":1550965265,"path_taken":["M","M","M","?","?","R","E","R","T","M","?","?","E","?","R","BOSS","BOSS","M","M","?","M","M","R","E","R","T","E","?","?","?","$","R","BOSS","M","$","M","?","?","R","R","E"],"build_version":"2019-02-06","purchased_purges":2,"victory":false,"max_hp_per_floor":[71,71,71,71,64,64,64,64,64,64,64,64,64,64,64,64,64,64,64,64,64,64,64,71,71,71,71,71,71,71,71,71,76,76,76,76,76,76,76,76,76,76],"card_choices":[{"not_picked":["Compile Driver","Blizzard"],"picked":"Go for the Eyes","floor":1.0},{"not_picked":["Beam Cell","Sweeping Beam"],"picked":"Cold Snap","floor":2.0},{"not_picked":["Ball Lightning","Hologram"],"picked":"Capacitor","floor":3.0},{"not_picked":["Turbo","Streamline"],"picked":"Seek","floor":7.0},{"not_picked":["White Noise","Leap"],"picked":"Go for the Eyes","floor":10.0},{"not_picked":["Loop","Redo","Go for the Eyes"],"picked":"SKIP","floor":13.0},{"not_picked":["Rainbow","Creative AI"],"picked":"Electrodynamics","floor":16.0},{"not_picked":["Blizzard","Ball Lightning"],"picked":"Conserve Battery","floor":18.0},{"not_picked":["Melter","Loop"],"picked":"Coolheaded","floor":19.0},{"not_picked":["Ball Lightning","Conserve Battery"],"picked":"Consume","floor":21.0},{"not_picked":["Streamline","Double Energy","Aggregate+1"],"picked":"SKIP","floor":22.0},{"not_picked":["Genetic Algorithm","Auto Shields"],"picked":"Loop","floor":24.0},{"not_picked":["Streamline","Biased Cognition"],"picked":"Storm","floor":27.0},{"not_picked":["Stack+1","Rebound","Double Energy+1"],"picked":"SKIP","floor":35.0},{"not_picked":["Hologram+1","Sweeping Beam","Turbo+1"],"picked":"SKIP","floor":35.0},{"not_picked":["Consume+1","Ball Lightning+1"],"picked":"Blizzard+1","floor":37.0},{"not_picked":["Darkness+1","Barrage","Hologram+1"],"picked":"SKIP","floor":37.0},{"not_picked":["Redo+1","Stack+1"],"picked":"Auto Shields+1","floor":39.0}],"player_experience":1236917,"relics_obtained":[{"floor":7.0,"key":"PreservedInsect"},{"floor":9.0,"key":"Bronze Scales"},{"floor":13.0,"key":"Boot"},{"floor":24.0,"key":"Strawberry"},{"floor":26.0,"key":"DataDisk"},{"floor":27.0,"key":"Prayer Wheel"},{"floor":39.0,"key":"WingedGreaves"}],"event_choices":[{"damage_healed":0.0,"max_hp_gain":0.0,"max_hp_loss":0.0,"gold_gain":0.0,"event_name":"Scrap Ooze","player_choice":"Success","floor":4.0,"gold_loss":0.0,"damage_taken":11.0,"relics_obtained":["Juzu Bracelet"]},{"damage_healed":0.0,"max_hp_gain":0.0,"max_hp_loss":7.0,"gold_gain":0.0,"event_name":"Golden Idol","player_choice":"Lose Max HP","floor":5.0,"gold_loss":0.0,"damage_taken":0.0,"relics_obtained":["Golden Idol"]},{"damage_healed":0.0,"max_hp_gain":0.0,"max_hp_loss":0.0,"gold_gain":0.0,"event_name":"The Woman in Blue","player_choice":"Bought 1 Potion","floor":11.0,"gold_loss":0.0,"damage_taken":0.0},{"damage_healed":21.0,"max_hp_gain":0.0,"max_hp_loss":0.0,"gold_gain":0.0,"event_name":"Big Fish","player_choice":"Banana","floor":12.0,"gold_loss":0.0,"damage_taken":0.0},{"cards_removed":["Strike_B"],"damage_healed":0.0,"max_hp_gain":0.0,"max_hp_loss":0.0,"gold_gain":0.0,"event_name":"Golden Wing","player_choice":"Card Removal","floor":14.0,"gold_loss":0.0,"damage_taken":7.0},{"damage_healed":0.0,"max_hp_gain":0.0,"max_hp_loss":0.0,"gold_gain":0.0,"event_name":"Back to Basics","player_choice":"Simplicity","floor":20.0,"gold_loss":0.0,"damage_taken":0.0,"cards_upgraded":["Strike_B","Defend_B","Defend_B","Defend_B","Defend_B"]},{"damage_healed":0.0,"max_hp_gain":0.0,"max_hp_loss":0.0,"gold_gain":0.0,"event_name":"Cursed Tome","player_choice":"Ignored","floor":28.0,"gold_loss":0.0,"damage_taken":0.0},{"damage_healed":0.0,"max_hp_gain":0.0,"max_hp_loss":0.0,"gold_gain":275.0,"event_name":"Golden Shrine","player_choice":"Desecrate","floor":29.0,"gold_loss":0.0,"damage_taken":0.0,"cards_obtained":["Regret"]},{"damage_healed":0.0,"max_hp_gain":0.0,"max_hp_loss":0.0,"gold_gain":0.0,"event_name":"The Mausoleum","player_choice":"Opened","floor":30.0,"gold_loss":0.0,"damage_taken":0.0,"relics_obtained":["Toxic Egg 2"],"cards_obtained":["Writhe"]},{"damage_healed":0.0,"max_hp_gain":0.0,"max_hp_loss":0.0,"gold_gain":333.0,"event_name":"The Moai Head","player_choice":"Gave Idol","floor":38.0,"relics_lost":["Golden Idol"],"gold_loss":0.0,"damage_taken":0.0},{"damage_healed":0.0,"max_hp_gain":0.0,"max_hp_loss":0.0,"gold_gain":0.0,"event_name":"Mysterious Sphere","player_choice":"Fight","floor":39.0,"gold_loss":0.0,"damage_taken":0.0}],"is_beta":true,"boss_relics":[{"not_picked":["Eternal Feather","Sozu"],"picked":"Coffee Dripper"},{"not_picked":["Cursed Key","Calling Bell"],"picked":"Runic Dome"}],"items_purged_floors":[31,36],"is_endless":false,"potions_floor_spawned":[2,3,10,13,16,21,24,27,33,37],"killed_by":"Reptomancer","ascension_level":20}