{"gold_per_floor":[112,41,41,60,80,108,108,142,142,154,178,190,202,214,226,333,345,368,24,43,58,58,92,92,104,104,104,132,132,57,82,82,180,180,196,216,216,227,247,279,295,295,295,310,340,97,116,135,135,135,135,135,10,44,44],"floor_reached":55,"playtime":4994,"items_purged":["Strike_G","Defend_G","Parasite"],"score":1234,"play_id":"3cbaa907-0008-4f6b-ad8d-bd2b2d3d5508","local_time":"20190408152912","is_ascension_mode":true,"campfire_choices":[{"data":"All Out Attack","floor":7.0,"key":"SMITH"},{"data":"Bouncing Flask","floor":13.0,"key":"SMITH"},{"floor":15.0,"key":"REST"},{"floor":24.0,"key":"REST"},{"data":"Wraith Form v2","floor":27.0,"key":"SMITH"},{"data":"Noxious Fumes","floor":32.0,"key":"SMITH"},{"floor":42.0,"key":"RECALL"},{"data":"Burst","floor":49,"key":"SMITH"},{"data":"Wraith Form v2","floor":52,"key":"SMITH"}],"neow_cost":"NONE","seed_source_timestamp":409724712220998,"circlet_count":0,"master_deck":["Defend_G","Defend_G","Defend_G","Defend_G","Strike_G","Strike_G","Strike_G","Survivor+1","Neutralize+1","Backflip","Backstab","Poisoned Stab","All Out Attack+1","Bouncing Flask+1","Malaise","Footwork","Poisoned Stab","Wraith Form v2+1","Deadly Poison","Noxious Fumes+1","Wraith Form v2+1","Backstab","Escape Plan","Ghostly","Ghostly","Ghostly","Ghostly","Ghostly","Burst+1","Acrobatics+1","PiercingWail+1","Bullet Time","Well Laid Plans+1","Burst+1","Parasite","Crippling Poison+1"],"special_seed":0,"relics":["Ring of the Snake","Orichalcum","Blue Candle","MawBank","Letter Opener","Orrery","TwistedFunnel","MutagenicStrength","Centennial Puzzle","StoneCalendar","Red Mask","Velvet Choker","Snake Skull","Toxic Egg 2","Pantograph","Happy Flower"],"potions_floor_usage":[55],"damage_taken":[{"damage":0.0,"enemies":"2 Louse","floor":1.0,"turns":4.0},{"damage":0.0,"enemies":"Jaw Worm","floor":4.0,"turns":3.0},{"damage":0.0,"enemies":"Small Slimes","floor":5.0,"turns":5.0},{"damage":13.0,"enemies":"3 Sentries","floor":6.0,"turns":14.0},{"damage":17.0,"enemies":"Lagavulin","floor":8.0,"turns":7.0},{"damage":0.0,"enemies":"Gremlin Gang","floor":11.0,"turns":2.0},{"damage":4.0,"enemies":"Hexaghost","floor":16.0,"turns":9.0},{"damage":0.0,"enemies":"Spheric Guardian","floor":18.0,"turns":3.0},{"damage":8.0,"enemies":"Shell Parasite","floor":20.0,"turns":5.0},{"damage":13.0,"enemies":"3 Cultists","floor":21.0,"turns":5.0},{"damage":29.0,"enemies":"Slavers","floor":23.0,"turns":6.0},{"damage":2.0,"enemies":"Cultist and Chosen","floor":25.0,"turns":5.0},{"damage":11.0,"enemies":"Book of Stabbing","floor":28.0,"turns":8.0},{"damage":0.0,"enemies":"Masked Bandits","floor":31.0,"turns":5.0},{"damage":0.0,"enemies":"Collector","floor":33.0,"turns":7.0},{"damage":0.0,"enemies":"3 Shapes","floor":35.0,"turns":7.0},{"damage":0.0,"enemies":"3 Darklings","floor":36.0,"turns":4.0},{"damage":0.0,"enemies":"Maw","floor":38.0,"turns":7.0},{"damage":0.0,"enemies":"4 Shapes","floor":39.0,"turns":7.0},{"damage":0.0,"enemies":"Reptomancer","floor":40.0,"turns":7.0},{"damage":0.0,"enemies":"Writhing Mass","floor":41.0,"turns":7.0},{"damage":0.0,"enemies":"Maw","floor":44.0,"turns":7.0},{"damage":0.0,"enemies":"Nemesis","floor":45.0,"turns":7.0},{"damage":0.0,"enemies":"4 Shapes","floor":47.0,"turns":5.0},{"damage":0,"enemies":"Writhing Mass","floor":48,"turns":5},{"damage":4,"enemies":"Donu and Deca","floor":50,"turns":9},{"damage":1,"enemies":"Shield and Spear","floor":54,"turns":7},{"damage":35,"enemies":"The Heart","floor":55,"turns":11}],"seed_played":"1994816403451776537","potions_obtained":[{"floor":1.0,"key":"EssenceOfSteel"},{"floor":5.0,"key":"Explosive Potion"},{"floor":8.0,"key":"EssenceOfSteel"},{"floor":11.0,"key":"PowerPotion"},{"floor":18.0,"key":"AttackPotion"},{"floor":21.0,"key":"FairyPotion"},{"floor":23.0,"key":"GhostInAJar"},{"floor":28.0,"key":"PowerPotion"}],"is_trial":false,"path_per_floor":["M","$","?","M","M","E","R","E","T","T","M","?","R","?","R","B",null,"M","$","M","M","?","E","R","M","T","R","E","?","?","?","R","B",null,"M","M","?","M","M","E","M","R","T","M","E","$","M","M","R","B",null,"R","$","E","B"],"character_chosen":"THE_SILENT","items_purchased":["Backstab","Noxious Fumes","TwistedFunnel","Burst+1"],"campfire_rested":2,"item_purchase_floors":[2,19,19,46],"current_hp_per_floor":[63,63,63,63,63,50,50,33,33,33,33,33,33,33,54,50,65,65,65,57,44,44,15,36,34,34,34,23,23,23,23,23,23,32,32,32,35,35,35,35,35,35,35,35,35,35,35,35,35,31,34,34,32,31,0],"gold":44,"neow_bonus":"UPGRADE_CARD","is_prod":false,"is_daily":false,"chose_seed":false,"campfire_upgraded":6,"win_rate":0,"timestamp":1554730152,"path_taken":["M","$","?","M","M","E","R","E","T","?","M","?","R","?","R","BOSS","M","$","?","M","?","E","R","M","T","R","E","?","?","?","R","BOSS","M","M","?","M","M","E","M","R","T","M","E","$","M","M","R","BOSS","R","$","E","BOSS"],"build_version":"2019-01-23","purchased_purges":3,"victory":false,"max_hp_per_floor":[70,70,70,70,70,70,70,70,70,70,70,70,70,70,70,70,70,70,70,70,70,70,70,70,70,70,70,70,35,35,35,35,35,35,35,35,35,35,35,35,35,35,35,35,35,35,35,35,35,35,35,35,32,32,32],"card_choices":[{"not_picked":["Reflex","Heel Hook"],"picked":"Backflip","floor":1.0},{"not_picked":["Backflip","Underhanded Strike","Bane"],"picked":"SKIP","floor":4.0},{"not_picked":["Endless Agony","Flechettes"],"picked":"Poisoned Stab","floor":5.0},{"not_picked":["Infinite Blades","Blade Dance"],"picked":"All Out Attack","floor":6.0},{"not_picked":["Eviscerate","Slice"],"picked":"Bouncing Flask","floor":8.0},{"not_picked":["Choke","Deflect","Expertise"],"picked":"SKIP","floor":11.0},{"not_picked":["After Image","Die Die Die"],"picked":"Malaise","floor":16.0},{"not_picked":["Dodge and Roll","Dash"],"picked":"Footwork","floor":17.0},{"not_picked":["Backflip","Predator"],"picked":"Poisoned Stab","floor":17.0},{"not_picked":["PiercingWail","Riddle With Holes"],"picked":"Wraith Form v2","floor":17.0},{"not_picked":["Prepared","Dagger Throw"],"picked":"Blur","floor":17.0},{"not_picked":["Dagger Spray","Underhanded Strike"],"picked":"Deadly Poison","floor":18.0},{"not_picked":["Expertise","Dodge and Roll","Slice"],"picked":"SKIP","floor":20.0},{"not_picked":["Cloak And Dagger","Deflect"],"picked":"Wraith Form v2","floor":21.0},{"not_picked":["Distraction","Sucker Punch+1"],"picked":"Backstab","floor":23.0},{"not_picked":["Caltrops","Terror","Underhanded Strike"],"picked":"SKIP","floor":25.0},{"not_picked":["Outmaneuver+1","Masterful Stab"],"picked":"Escape Plan","floor":28.0},{"not_picked":["Die Die Die","Venomology"],"picked":"Burst","floor":33.0},{"not_picked":["Flying Knee+1","Masterful Stab+1"],"picked":"Acrobatics+1","floor":35.0},{"not_picked":["Poisoned Stab","Deadly Poison+1"],"picked":"PiercingWail+1","floor":36.0},{"not_picked":["Flying Knee","Underhanded Strike+1"],"picked":"Bullet Time","floor":38.0},{"not_picked":["Choke+1","Flying Knee+1","Predator"],"picked":"SKIP","floor":39.0},{"not_picked":["Expertise","Choke+1","Dagger Throw+1"],"picked":"SKIP","floor":40.0},{"not_picked":["Bouncing Flask","Sucker Punch+1","Outmaneuver+1"],"picked":"SKIP","floor":41.0},{"not_picked":["Blur+1","Backstab+1","Backflip+1"],"picked":"SKIP","floor":44.0},{"not_picked":["Endless Agony","PiercingWail+1"],"picked":"Well Laid Plans+1","floor":45.0},{"not_picked":["Backflip+1","Dagger Throw+1","Flying Knee+1"],"picked":"SKIP","floor":47.0},{"not_picked":["Skewer+1","Deadly Poison+1"],"picked":"Crippling Poison+1","floor":48},{"not_picked":["Prepared+1","Flying Knee","Grand Finale"],"picked":"SKIP","floor":54}],"player_experience":417878,"relics_obtained":[{"floor":6.0,"key":"Orichalcum"},{"floor":8.0,"key":"Blue Candle"},{"floor":9.0,"key":"MawBank"},{"floor":10.0,"key":"Letter Opener"},{"floor":23.0,"key":"Centennial Puzzle"},{"floor":28.0,"key":"StoneCalendar"},{"floor":31.0,"key":"Red Mask"},{"floor":40.0,"key":"Snake Skull"},{"floor":43.0,"key":"Toxic Egg 2"},{"floor":45.0,"key":"Pantograph"},{"floor":54,"key":"Happy Flower"}],"event_choices":[{"damage_healed":0.0,"max_hp_gain":0.0,"max_hp_loss":0.0,"gold_gain":0.0,"event_name":"Living Wall","player_choice":"Grow","floor":3.0,"gold_loss":0.0,"damage_taken":0.0,"cards_upgraded":["Survivor"]},{"damage_healed":0.0,"max_hp_gain":0.0,"max_hp_loss":0.0,"gold_gain":0.0,"event_name":"Liars Game","player_choice":"Ignored","floor":12.0,"gold_loss":0.0,"damage_taken":0.0},{"damage_healed":0.0,"max_hp_gain":0.0,"max_hp_loss":0.0,"gold_gain":0.0,"event_name":"The Woman in Blue","player_choice":"Bought 0 Potions","floor":14.0,"gold_loss":0.0,"damage_taken":0.0},{"damage_healed":0.0,"max_hp_gain":0.0,"max_hp_loss":0.0,"gold_gain":0.0,"event_name":"Drug Dealer","player_choice":"Inject Mutagens","floor":22.0,"gold_loss":0.0,"damage_taken":0.0,"relics_obtained":["MutagenicStrength"]},{"damage_healed":0.0,"max_hp_gain":0.0,"max_hp_loss":35.0,"gold_gain":0.0,"event_name":"Ghosts","player_choice":"Became a Ghost","floor":29.0,"gold_loss":0.0,"damage_taken":0.0,"cards_obtained":["Ghostly","Ghostly","Ghostly","Ghostly","Ghostly"]},{"cards_removed":["Strike_G"],"damage_healed":0.0,"max_hp_gain":0.0,"max_hp_loss":0.0,"gold_gain":0.0,"event_name":"Beggar","player_choice":"Gave Gold","floor":30.0,"gold_loss":75.0,"damage_taken":0.0},{"damage_healed":0.0,"max_hp_gain":0.0,"max_hp_loss":0.0,"gold_gain":0.0,"event_name":"Masked Bandits","player_choice":"Fought Bandits","floor":31.0,"gold_loss":0.0,"damage_taken":0.0},{"cards_removed":["Blur"],"damage_healed":3.0,"max_hp_gain":0.0,"max_hp_loss":0.0,"gold_gain":0.0,"event_name":"Bonfire Elementals","player_choice":"Offered Uncommon","floor":37.0,"gold_loss":0.0,"damage_taken":0.0}],"is_beta":false,"boss_relics":[{"not_picked":["Eternal Feather","Tiny House"],"picked":"Orrery"},{"not_picked":["HoveringKite","Fusion Hammer"],"picked":"Velvet Choker"}],"items_purged_floors":[19,46,53],"is_endless":false,"potions_floor_spawned":[1,5,8,11,18,21,23,28,36,45,47,54],"killed_by":"The Heart","ascension_level":7}