{"gold_per_floor":[114,114,129,144,159,159,159,159,159,71,101,116,141,156,156,256,256,271,286,301,316,316,346,346,361,436,436,436,416,431,277,277,377,377,392,85,100,115,130,130,130,130,130,145,175,175,190,205,205,205],"floor_reached":51,"playtime":7022,"items_purged":[],"score":678,"play_id":"ec20cbb1-aef9-452f-bbd5-3e2053f88e47","local_time":"20180822180919","daily_mods":["Diverse","Uncertain Future","Lethality"],"is_ascension_mode":false,"campfire_choices":[{"data":"Leg Sweep","floor":6,"key":"SMITH"},{"data":"Disarm","floor":8,"key":"SMITH"},{"floor":15,"key":"REST"},{"floor":24,"key":"REST"},{"floor":28,"key":"REST"},{"floor":32,"key":"REST"},{"floor":40,"key":"REST"},{"floor":42,"key":"REST"},{"floor":49,"key":"DIG"}],"neow_cost":"","seed_source_timestamp":0,"circlet_count":0,"master_deck":["Strike_B","Strike_B","Strike_B","Defend_B","Defend_B","Defend_B","Defend_B","Zap","Dualcast","Leg Sweep+1","Quick Slash","PiercingWail","Disarm+1","Endless Agony","Self Repair","Outmaneuver","Heel Hook","Streamline","Backflip","Heavy Blade","Self Repair","Perfected Strike+1","Sweeping Beam","White Noise","Sucker Punch+1","Aggregate","Rebound","Shrug It Off","Coolheaded+1","Dual Wield","Echo Form","Thunderclap","Creative AI","Sword Boomerang+1","Metallicize","Backstab","Body Slam+1","Endless Agony+1","Beam Cell","Cloak And Dagger","Entrench","White Noise+1","Hologram+1","Blood for Blood+1"],"special_seed":17765,"relics":["Cracked Core","Mummified Hand","Ornamental Fan","Dream Catcher","Art of War","Fusion Hammer","CultistMask","StoneCalendar","Kunai","Orichalcum","Busted Crown","DataDisk","Incense Burner","Toxic Egg 2","Shovel","Cables"],"potions_floor_usage":[30,33,44,47,48,50],"damage_taken":[{"damage":0,"enemies":"Cultist","floor":1,"turns":2},{"damage":0,"enemies":"2 Louse","floor":3,"turns":2},{"damage":0,"enemies":"Jaw Worm","floor":4,"turns":2},{"damage":0,"enemies":"Looter","floor":5,"turns":2},{"damage":16,"enemies":"3 Sentries","floor":11,"turns":7},{"damage":15,"enemies":"Exordium Thugs","floor":12,"turns":4},{"damage":2,"enemies":"3 Louse","floor":14,"turns":3},{"damage":26,"enemies":"Slime Boss","floor":16,"turns":10},{"damage":3,"enemies":"3 Byrds","floor":18,"turns":5},{"damage":0,"enemies":"Shell Parasite","floor":19,"turns":4},{"damage":14,"enemies":"Cultist and Chosen","floor":20,"turns":6},{"damage":24,"enemies":"Centurion and Healer","floor":21,"turns":5},{"damage":56,"enemies":"Book of Stabbing","floor":23,"turns":6},{"damage":0,"enemies":"Snecko","floor":25,"turns":3},{"damage":3,"enemies":"Chosen and Byrds","floor":30,"turns":4},{"damage":42,"enemies":"Collector","floor":33,"turns":12},{"damage":29,"enemies":"3 Darklings","floor":35,"turns":6},{"damage":4,"enemies":"3 Shapes","floor":37,"turns":3},{"damage":22,"enemies":"Spire Growth","floor":38,"turns":5},{"damage":18,"enemies":"Flame Bruiser 2 Orb","floor":39,"turns":4},{"damage":3,"floor":41,"turns":6},{"damage":4,"enemies":"Transient","floor":44,"turns":5},{"damage":32,"enemies":"2 Orb Walkers","floor":45,"turns":4},{"damage":0,"enemies":"Maw","floor":47,"turns":6},{"damage":0,"enemies":"Spire Growth","floor":48,"turns":5},{"damage":56,"enemies":"Awakened One","floor":50,"turns":13}],"seed_played":"-3582154799365427679","potions_obtained":[{"floor":1,"key":"FocusPotion"},{"floor":5,"key":"SneckoOil"},{"floor":14,"key":"FocusPotion"},{"floor":18,"key":"Dexterity Potion"},{"floor":20,"key":"FairyPotion"},{"floor":25,"key":"LiquidBronze"},{"floor":29,"key":"Fire Potion"},{"floor":38,"key":"Swift Potion"},{"floor":45,"key":"Swift Potion"},{"floor":47,"key":"EssenceOfSteel"},{"floor":48,"key":"Poison Potion"}],"is_trial":false,"path_per_floor":["M","T","M","M","M","R","?","R","T","$","E","M","T","M","R","B",null,"M","M","M","M","?","E","R","M","T","?","R","?","M","$","R","B",null,"M","$","M","M","M","R","?","R","T","M","E","?","M","M","R","B"],"character_chosen":"DEFECT","items_purchased":["Self Repair","Outmaneuver","Dual Wield","Echo Form","Metallicize","Backstab","DataDisk","Fire Potion"],"campfire_rested":6,"item_purchase_floors":[10,10,31,31,36,36,36,36],"current_hp_per_floor":[75,75,75,75,75,75,75,75,75,75,66,58,58,63,75,56,75,75,75,75,65,65,23,45,45,45,45,67,67,71,71,75,54,75,60,60,63,55,37,59,75,75,75,75,50,85,85,85,85,43],"gold":205,"neow_bonus":"","is_prod":false,"is_daily":true,"chose_seed":false,"campfire_upgraded":2,"win_rate":0.0,"timestamp":1534975759,"path_taken":["M","?","M","M","M","R","?","R","T","$","E","M","?","M","R","BOSS","M","M","M","M","?","E","R","M","T","?","R","?","M","$","R","BOSS","M","$","M","M","M","R","?","R","T","M","E","?","?","M","R","BOSS"],"build_version":"2018-08-16","purchased_purges":0,"victory":true,"max_hp_per_floor":[75,75,75,75,75,75,75,75,75,75,75,75,75,75,75,75,75,75,75,75,75,75,75,75,75,75,75,75,75,75,75,75,75,75,75,75,75,75,75,75,75,75,75,75,75,85,85,85,85,85],"card_choices":[{"not_picked":["Scrape","Tempest"],"picked":"Leg Sweep","floor":1},{"not_picked":["Compile Driver","Power Through"],"picked":"Quick Slash","floor":3},{"not_picked":["Clash","Hologram"],"picked":"PiercingWail","floor":4},{"not_picked":["Conserve Battery","Iron Wave"],"picked":"Disarm","floor":5},{"not_picked":["Wild Strike","Anger"],"picked":"Heel Hook","floor":11},{"not_picked":["Cloak And Dagger","Cold Snap"],"picked":"Streamline","floor":12},{"not_picked":["Bane","Headbutt"],"picked":"Backflip","floor":14},{"not_picked":["Slice","Hyperbeam"],"picked":"Heavy Blade","floor":15},{"not_picked":["Rainbow","Electrodynamics"],"picked":"All For One","floor":16},{"not_picked":["Barrage","Blizzard"],"picked":"Self Repair","floor":18},{"not_picked":["Defragment+1","Barrage+1"],"picked":"Perfected Strike+1","floor":19},{"not_picked":["True Grit","Lockon"],"picked":"Sweeping Beam","floor":20},{"not_picked":["Intimidate","Dagger Spray"],"picked":"White Noise","floor":21},{"not_picked":["Shrug It Off+1","Tempest+1"],"picked":"Sucker Punch+1","floor":23},{"not_picked":["Go for the Eyes","Ball Lightning"],"picked":"Aggregate","floor":24},{"not_picked":["Coolheaded","Steam"],"picked":"Rebound","floor":25},{"not_picked":["Doppelganger","Underhanded Strike+1"],"picked":"Shrug It Off","floor":28},{"not_picked":["Gash","Sweeping Beam"],"picked":"Coolheaded+1","floor":30},{"not_picked":["Twin Strike","Grand Finale"],"picked":"Thunderclap","floor":32},{"not_picked":["Reboot","Core Surge"],"picked":"Creative AI","floor":33},{"not_picked":[],"picked":"Sword Boomerang+1","floor":35},{"not_picked":[],"picked":"Body Slam+1","floor":37},{"not_picked":[],"picked":"Endless Agony+1","floor":38},{"not_picked":[],"picked":"Beam Cell","floor":39},{"not_picked":[],"picked":"Cloak And Dagger","floor":40},{"not_picked":[],"picked":"Entrench","floor":42},{"not_picked":[],"picked":"White Noise+1","floor":44},{"not_picked":[],"picked":"Hologram+1","floor":45},{"not_picked":[],"picked":"Blood for Blood+1","floor":47},{"not_picked":["Reflex+1"],"picked":"SKIP","floor":48}],"player_experience":78534,"relics_obtained":[{"floor":2,"key":"Mummified Hand"},{"floor":9,"key":"Ornamental Fan"},{"floor":11,"key":"Dream Catcher"},{"floor":13,"key":"Art of War"},{"floor":23,"key":"StoneCalendar"},{"floor":26,"key":"Kunai"},{"floor":41,"key":"Incense Burner"},{"floor":43,"key":"Toxic Egg 2"},{"floor":45,"key":"Shovel"},{"floor":49,"key":"Cables"}],"event_choices":[{"event_name":"Living Wall","player_choice":"Change","floor":7,"damage_taken":0},{"event_name":"FaceTrader","player_choice":"Trade","floor":22,"damage_taken":0},{"event_name":"WeMeetAgain","player_choice":"Potion","floor":27,"damage_taken":0},{"event_name":"The Woman in Blue","player_choice":"Bought 1 Potion","floor":29,"damage_taken":0},{"event_name":"MindBloom","player_choice":"Fight","floor":41,"damage_taken":0},{"event_name":"Bonfire Elementals","player_choice":"RARE","floor":46,"damage_taken":0}],"is_beta":false,"boss_relics":[{"not_picked":["Tiny House","Eternal Feather"],"picked":"Fusion Hammer"},{"not_picked":["Nuclear Battery","White Beast Statue"],"picked":"Busted Crown"}],"items_purged_floors":[],"is_endless":false,"potions_floor_spawned":[1,5,14,18,20,25,38,45,47,48],"ascension_level":0}