{"gold_per_floor":[117,117,137,312,20,45,45,65,65,65,91,91,111,111,111,241,241,260,294,269,18,18,18,59,79,79,79,100,100,25,46,46,166,166,190,190,214,547,564,593,14,14,66,66,94,109,140,159,159,159,159,159,34,66,66],"floor_reached":55,"playtime":19942,"items_purged":["Strike_B","Strike_B","Defend_B"],"score":1111,"play_id":"17928f64-801e-4649-ba5c-e351553331d4","local_time":"20190113152433","is_ascension_mode":true,"campfire_choices":[{"data":"Zap","floor":10.0,"key":"SMITH"},{"floor":12.0,"key":"REST"},{"floor":15.0,"key":"REST"},{"floor":23.0,"key":"REST"},{"floor":27.0,"key":"REST"},{"floor":29.0,"key":"REST"},{"data":"Apotheosis","floor":32.0,"key":"SMITH"},{"floor":42.0,"key":"REST"},{"floor":44.0,"key":"RECALL"},{"floor":49.0,"key":"REST"},{"floor":52.0,"key":"REST"}],"neow_cost":"NONE","seed_source_timestamp":2700371307825899,"circlet_count":0,"master_deck":["Strike_B+1","Defend_B","Defend_B","Defend_B","Zap+1","Dualcast","Coolheaded","Glacier","Cold Snap+1","Undo","Go for the Eyes","Echo Form","Biased Cognition","Self Repair","Apotheosis+1","Defragment","Coolheaded","FTL","Ball Lightning+1","Creative AI","BootSequence+1","Glacier"],"special_seed":0,"relics":["Cracked Core","NeowsBlessing","Incense Burner","Mercury Hourglass","Whetstone","Singing Bowl","Girya","Empty Cage","Red Mask","Ice Cream","Bottled Tornado","Fusion Hammer","Cables","Oddly Smooth Stone","Sling","Turnip","Vajra","Symbiotic Virus"],"potions_floor_usage":[],"damage_taken":[{"damage":0.0,"enemies":"2 Louse","floor":1.0,"turns":1.0},{"damage":0.0,"enemies":"Small Slimes","floor":3.0,"turns":1.0},{"damage":0.0,"enemies":"3 Sentries","floor":6.0,"turns":1.0},{"damage":0.0,"enemies":"Jaw Worm","floor":8.0,"turns":4.0},{"damage":25.0,"enemies":"Gremlin Nob","floor":11.0,"turns":5.0},{"damage":0.0,"enemies":"2 Fungi Beasts","floor":13.0,"turns":2.0},{"damage":23.0,"enemies":"The Guardian","floor":16.0,"turns":14.0},{"damage":4.0,"enemies":"Spheric Guardian","floor":18.0,"turns":4.0},{"damage":36.0,"enemies":"Masked Bandits","floor":19.0,"turns":7.0},{"damage":18.0,"enemies":"2 Thieves","floor":20.0,"turns":5.0},{"damage":44.0,"enemies":"Slavers","floor":24.0,"turns":9.0},{"damage":4.0,"enemies":"3 Cultists","floor":25.0,"turns":7.0},{"damage":8.0,"enemies":"Snake Plant","floor":28.0,"turns":4.0},{"damage":10.0,"enemies":"Cultist and Chosen","floor":31.0,"turns":8.0},{"damage":25.0,"enemies":"Collector","floor":33.0,"turns":10.0},{"damage":7.0,"enemies":"Orb Walker","floor":35.0,"turns":5.0},{"damage":16.0,"enemies":"3 Shapes","floor":37.0,"turns":5.0},{"damage":35.0,"enemies":"3 Darklings","floor":39.0,"turns":7.0},{"damage":29.0,"enemies":"Reptomancer","floor":40.0,"turns":6.0},{"damage":19.0,"enemies":"Nemesis","floor":45.0,"turns":7.0},{"damage":4.0,"enemies":"Writhing Mass","floor":46.0,"turns":6.0},{"damage":34.0,"enemies":"Reptomancer","floor":47.0,"turns":6.0},{"damage":25.0,"enemies":"Jaw Worm Horde","floor":48.0,"turns":4.0},{"damage":48.0,"enemies":"Awakened One","floor":50.0,"turns":20.0},{"damage":58.0,"enemies":"Shield and Spear","floor":54.0,"turns":9.0},{"damage":35,"enemies":"The Heart","floor":55,"turns":10}],"seed_played":"1064285282625662244","potions_obtained":[{"floor":1.0,"key":"Energy Potion"},{"floor":8.0,"key":"Block Potion"},{"floor":11.0,"key":"SteroidPotion"},{"floor":16.0,"key":"Regen Potion"},{"floor":19.0,"key":"EssenceOfSteel"},{"floor":24.0,"key":"SteroidPotion"},{"floor":35.0,"key":"Swift Potion"},{"floor":39.0,"key":"Fire Potion"},{"floor":45.0,"key":"SteroidPotion"},{"floor":47.0,"key":"FearPotion"}],"is_trial":false,"path_per_floor":["M","?","M","?","$","E","$","M","T","R","E","R","M","?","R","B",null,"M","?","M","$","?","R","E","M","T","R","M","R","$","M","R","B",null,"M","?","M","?","M","E","$","R","T","R","E","M","E","M","R","B",null,"R","$","E","B"],"character_chosen":"DEFECT","items_purchased":["Mercury Hourglass","Cold Snap","Apotheosis","Defragment","Oddly Smooth Stone","Sling","Regen Potion","Fire Potion"],"campfire_rested":8,"item_purchase_floors":[5,5,21,21,41,41,41,41],"current_hp_per_floor":[68,56,56,56,56,56,56,56,56,56,31,53,55,36,59,36,67,65,46,28,28,28,52,18,24,24,48,49,73,73,83,83,68,79,85,81,83,83,58,31,31,56,56,56,71,76,64,41,68,30,76,91,91,35,0],"gold":66,"neow_bonus":"THREE_ENEMY_KILL","is_prod":false,"is_daily":false,"chose_seed":false,"campfire_upgraded":2,"win_rate":0,"timestamp":1547411073,"path_taken":["M","?","M","?","?","E","$","M","T","R","E","R","M","?","R","BOSS","M","?","M","$","?","R","E","M","T","R","M","R","$","M","R","BOSS","M","?","M","?","M","E","?","R","T","R","E","M","E","?","R","BOSS","R","$","E","BOSS"],"build_version":"2019-01-10","purchased_purges":3,"victory":false,"max_hp_per_floor":[75,75,75,75,75,75,75,75,75,75,75,75,77,77,77,77,77,79,81,81,81,81,81,81,81,81,81,83,83,83,83,83,83,83,85,81,83,83,83,85,85,85,85,85,85,87,89,91,91,91,91,91,91,93,93],"card_choices":[{"not_picked":["Double Energy","Conserve Battery"],"picked":"Coolheaded","floor":1.0},{"not_picked":["Ball Lightning","Turbo"],"picked":"Glacier","floor":3.0},{"not_picked":["Stack","Darkness"],"picked":"Undo","floor":6.0},{"not_picked":["Steam","Compile Driver"],"picked":"Go for the Eyes","floor":8.0},{"not_picked":["Streamline","Go for the Eyes"],"picked":"Echo Form","floor":11.0},{"not_picked":["Gash","Compile Driver","Redo"],"picked":"Singing Bowl","floor":13.0},{"not_picked":["Meteor Strike","All For One"],"picked":"Biased Cognition","floor":16.0},{"not_picked":["Stack","Ball Lightning","Heatsinks"],"picked":"Singing Bowl","floor":18.0},{"not_picked":["Tempest","Streamline","Beam Cell"],"picked":"Singing Bowl","floor":19.0},{"not_picked":["Beam Cell","Aggregate+1"],"picked":"Self Repair","floor":20.0},{"not_picked":["Amplify","Turbo"],"picked":"Coolheaded","floor":24.0},{"not_picked":["Doom and Gloom","Ball Lightning"],"picked":"FTL","floor":25.0},{"not_picked":["Thunder Strike","Turbo","Leap"],"picked":"Singing Bowl","floor":28.0},{"not_picked":["Aggregate","Stack"],"picked":"Ball Lightning+1","floor":31.0},{"not_picked":["Hyperbeam","Machine Learning"],"picked":"Creative AI","floor":33.0},{"not_picked":["Sweeping Beam","Redo+1","Undo"],"picked":"Singing Bowl","floor":35.0},{"not_picked":["Fusion+1","Heatsinks","Undo"],"picked":"Singing Bowl","floor":37.0},{"not_picked":["Undo+1","Hologram"],"picked":"BootSequence+1","floor":39.0},{"not_picked":["Cold Snap","Tempest","Go for the Eyes+1"],"picked":"Singing Bowl","floor":40.0},{"not_picked":["Conserve Battery","Coolheaded"],"picked":"Glacier","floor":45.0},{"not_picked":["Redo","Double Energy+1","Creative AI"],"picked":"Singing Bowl","floor":46.0},{"not_picked":["Redo+1","Scrape+1","Compile Driver"],"picked":"Singing Bowl","floor":47.0},{"not_picked":["Conserve Battery+1","Doom and Gloom+1","Melter"],"picked":"Singing Bowl","floor":48.0},{"not_picked":["Ball Lightning","BootSequence","Recycle+1"],"picked":"Singing Bowl","floor":54.0}],"player_experience":669068,"relics_obtained":[{"floor":6.0,"key":"Whetstone"},{"floor":9.0,"key":"Singing Bowl"},{"floor":11.0,"key":"Girya"},{"floor":19.0,"key":"Red Mask"},{"floor":24.0,"key":"Ice Cream"},{"floor":26.0,"key":"Bottled Tornado"},{"floor":40.0,"key":"Cables"},{"floor":45.0,"key":"Turnip"},{"floor":47.0,"key":"Vajra"},{"floor":54.0,"key":"Symbiotic Virus"}],"event_choices":[{"damage_healed":0.0,"max_hp_gain":0.0,"max_hp_loss":0.0,"gold_gain":0.0,"event_name":"Scrap Ooze","player_choice":"Success","floor":2.0,"gold_loss":0.0,"damage_taken":12.0,"relics_obtained":["Incense Burner"]},{"damage_healed":0.0,"max_hp_gain":0.0,"max_hp_loss":0.0,"gold_gain":175.0,"event_name":"Liars Game","player_choice":"AGREE","floor":4.0,"gold_loss":0.0,"damage_taken":0.0,"cards_obtained":["Doubt"]},{"damage_healed":0.0,"max_hp_gain":0.0,"max_hp_loss":0.0,"gold_gain":0.0,"event_name":"Golden Idol","player_choice":"Take Damage","floor":14.0,"gold_loss":0.0,"damage_taken":19.0,"relics_obtained":["Golden Idol"]},{"damage_healed":0.0,"max_hp_gain":0.0,"max_hp_loss":0.0,"gold_gain":0.0,"event_name":"Masked Bandits","player_choice":"Fought Bandits","floor":19.0,"gold_loss":0.0,"damage_taken":0.0},{"damage_healed":0.0,"max_hp_gain":0.0,"max_hp_loss":0.0,"gold_gain":0.0,"event_name":"Beggar","player_choice":"Ignored","floor":22.0,"gold_loss":0.0,"damage_taken":0.0},{"damage_healed":0.0,"max_hp_gain":0.0,"max_hp_loss":4.0,"gold_gain":0.0,"event_name":"Winding Halls","player_choice":"Max HP","floor":36.0,"gold_loss":0.0,"damage_taken":0.0},{"damage_healed":0.0,"max_hp_gain":0.0,"max_hp_loss":0.0,"gold_gain":333.0,"event_name":"The Moai Head","player_choice":"Gave Idol","floor":38.0,"relics_lost":["Golden Idol"],"gold_loss":0.0,"damage_taken":0.0}],"is_beta":false,"boss_relics":[{"not_picked":["Runic Dome","Orrery"],"picked":"Empty Cage"},{"not_picked":["Sozu","Lizard Tail"],"picked":"Fusion Hammer"}],"items_purged_floors":[30,41,53],"is_endless":false,"potions_floor_spawned":[1,8,11,16,18,19,20,24,35,39,45,47],"killed_by":"The Heart","ascension_level":8}