{"gold_per_floor":[18,33,47,57,57,57,87,87,87,112,131,131],"floor_reached":12,"playtime":415,"items_purged":[],"score":171,"play_id":"f2fee43b-e709-4881-a3b8-57901ca1b2e2","local_time":"20190522001304","is_ascension_mode":true,"campfire_choices":[{"data":"Bash","floor":6,"key":"SMITH"},{"data":"Whirlwind","floor":8,"key":"SMITH"}],"neow_cost":"NO_GOLD","seed_source_timestamp":93438973184900,"circlet_count":0,"master_deck":["AscendersBane","Strike_R","Strike_R","Strike_R","Strike_R","Strike_R","Defend_R","Defend_R","Defend_R","Defend_R","Bash+1","Madness","Secret Technique","Perfected Strike","Whirlwind+1","Clothesline","Seeing Red","Reaper","Thunderclap"],"relics":["Burning Blood","Paper Frog","Gremlin Horn","Shuriken"],"potions_floor_usage":[7,10],"damage_taken":[{"damage":3,"enemies":"Small Slimes","floor":1,"turns":4},{"damage":6,"enemies":"Cultist","floor":2,"turns":3},{"damage":4,"enemies":"Jaw Worm","floor":3,"turns":3},{"damage":0,"enemies":"Lots of Slimes","floor":4,"turns":1},{"damage":30,"enemies":"Gremlin Nob","floor":7,"turns":4},{"damage":51,"enemies":"Lagavulin","floor":10,"turns":7},{"damage":11,"enemies":"Exordium Wildlife","floor":11,"turns":4},{"damage":14,"enemies":"Large Slime","floor":12,"turns":3}],"seed_played":"7570650009255769734","potions_obtained":[{"floor":3,"key":"LiquidBronze"},{"floor":4,"key":"Explosive Potion"},{"floor":7,"key":"BloodPotion"}],"is_trial":false,"path_per_floor":["M","M","M","M","?","R","E","R","T","E","M","M"],"character_chosen":"IRONCLAD","items_purchased":[],"campfire_rested":0,"item_purchase_floors":[],"current_hp_per_floor":[71,71,73,75,75,75,51,51,51,13,14,0],"gold":131,"neow_bonus":"RANDOM_COLORLESS_2","is_prod":false,"is_daily":false,"chose_seed":false,"campfire_upgraded":2,"win_rate":0,"timestamp":1558498384,"path_taken":["M","M","M","M","?","R","E","R","T","E","M","M"],"build_version":"2019-01-23","purchased_purges":0,"victory":false,"max_hp_per_floor":[75,75,75,75,75,75,75,75,75,75,75,75],"card_choices":[{"not_picked":["Havoc","Thunderclap"],"picked":"Perfected Strike","floor":1},{"not_picked":["Clash","Seeing Red"],"picked":"Whirlwind","floor":2},{"not_picked":["Havoc","Anger"],"picked":"Clothesline","floor":3},{"not_picked":["Clothesline","Cleave","Sword Boomerang"],"picked":"SKIP","floor":4},{"not_picked":["Iron Wave","Entrench"],"picked":"Seeing Red","floor":7},{"not_picked":["Wild Strike","Armaments"],"picked":"Reaper","floor":10},{"not_picked":["Headbutt","Body Slam"],"picked":"Thunderclap","floor":11}],"player_experience":468240,"relics_obtained":[{"floor":7,"key":"Paper Frog"},{"floor":9,"key":"Gremlin Horn"},{"floor":10,"key":"Shuriken"}],"event_choices":[{"damage_healed":0,"gold_gain":0,"player_choice":"Got Potions","damage_taken":0,"max_hp_gain":0,"max_hp_loss":0,"event_name":"Lab","floor":5,"gold_loss":0}],"is_beta":false,"boss_relics":[],"items_purged_floors":[],"is_endless":false,"potions_floor_spawned":[3,4,7],"killed_by":"Large Slime","ascension_level":18}