{"gold_per_floor":[117,42,217,231,231,231,241,267,267,10,23,36,36,52,52,52],"floor_reached":16,"playtime":1767,"items_purged":["Decay"],"score":142,"play_id":"c6088a95-1321-49ae-b4ae-250202ff1228","local_time":"20181223224545","is_ascension_mode":true,"campfire_choices":[{"data":"Zap","floor":6,"key":"SMITH"},{"floor":13,"key":"REST"},{"floor":15,"key":"REST"}],"neow_cost":"CURSE","seed_source_timestamp":957924039963670,"circlet_count":0,"master_deck":["Strike_B","Strike_B","Strike_B","Strike_B","Defend_B","Defend_B","Defend_B","Defend_B","Zap+1","Dualcast","Coolheaded","Compile Driver","Seek","Ball Lightning","Panache","Leap","Hologram","Consume","Conserve Battery"],"relics":["Cracked Core","Calipers","Singing Bowl"],"potions_floor_usage":[],"damage_taken":[{"damage":2,"enemies":"Small Slimes","floor":1,"turns":3},{"damage":0,"enemies":"2 Louse","floor":4,"turns":2},{"damage":0,"enemies":"Cultist","floor":7,"turns":3},{"damage":40,"enemies":"Lagavulin","floor":8,"turns":6},{"damage":6,"enemies":"Looter","floor":11,"turns":3},{"damage":17,"enemies":"Exordium Thugs","floor":12,"turns":5},{"damage":5,"enemies":"Blue Slaver","floor":14,"turns":3},{"damage":76,"enemies":"Hexaghost","floor":16,"turns":11}],"seed_played":"-3986748727784385032","potions_obtained":[{"floor":1,"key":"SteroidPotion"},{"floor":7,"key":"SmokeBomb"}],"is_trial":false,"path_per_floor":["M","$","?","M","?","R","M","E","T","$","M","M","R","M","R","B"],"character_chosen":"DEFECT","items_purchased":["Panache","Leap","Hologram"],"campfire_rested":2,"item_purchase_floors":[10,10,10],"current_hp_per_floor":[87,87,87,87,87,87,87,47,47,47,41,24,50,47,74,0],"gold":52,"neow_bonus":"TWENTY_PERCENT_HP_BONUS","is_prod":false,"is_daily":false,"chose_seed":false,"campfire_upgraded":1,"win_rate":0,"timestamp":1545623145,"path_taken":["M","$","?","M","?","R","M","E","T","$","M","?","R","M","R","BOSS"],"build_version":"2018-12-20","purchased_purges":1,"victory":false,"max_hp_per_floor":[89,89,89,89,89,89,89,89,89,89,89,89,89,91,91,91],"card_choices":[{"not_picked":["Beam Cell","Turbo"],"picked":"Coolheaded","floor":1},{"not_picked":["Chaos","Redo"],"picked":"Compile Driver","floor":4},{"not_picked":["Ball Lightning","Beam Cell"],"picked":"Seek","floor":7},{"not_picked":["Steam","Skim"],"picked":"Ball Lightning","floor":8},{"not_picked":["Gash","Skim"],"picked":"Consume","floor":11},{"not_picked":["Steam","Rebound"],"picked":"Conserve Battery","floor":12},{"not_picked":["Compile Driver","Hyperbeam","Barrage"],"picked":"Singing Bowl","floor":14}],"player_experience":444704,"relics_obtained":[{"floor":8,"key":"Calipers"},{"floor":9,"key":"Singing Bowl"}],"event_choices":[{"damage_healed":0,"gold_gain":175,"player_choice":"AGREE","damage_taken":0,"max_hp_gain":0,"max_hp_loss":0,"event_name":"Liars Game","floor":3,"gold_loss":0,"cards_obtained":["Doubt"]},{"cards_removed":["Doubt"],"damage_healed":0,"gold_gain":0,"player_choice":"Purged","damage_taken":0,"max_hp_gain":0,"max_hp_loss":0,"event_name":"Purifier","floor":5,"gold_loss":0}],"is_beta":false,"boss_relics":[],"items_purged_floors":[2],"is_endless":false,"potions_floor_spawned":[1,7],"killed_by":"Hexaghost","ascension_level":3}