{"gold_per_floor":[113,133,308,308,328,328,363,376,429,429,379,57,73,97,97,222,222,242,341,361,254,274,274,294,294,294,0,20,20,43,57,57,57],"floor_reached":33,"playtime":2075,"items_purged":[],"score":314,"play_id":"ad1fd6cb-efbf-4f4b-baad-3413d7fee811","local_time":"20180829212138","is_ascension_mode":true,"campfire_choices":[{"floor":6,"key":"REST"},{"floor":15,"key":"REST"},{"floor":23,"key":"REST"},{"floor":25,"key":"REST"},{"floor":29,"key":"REST"},{"floor":32,"key":"REST"}],"neow_cost":"NONE","seed_source_timestamp":1265661273780764,"circlet_count":0,"master_deck":["Defend_G","Defend_G","Defend_G+1","Defend_G","Defend_G","Strike_G","Strike_G","Strike_G","Strike_G","Strike_G","Survivor","Neutralize+1","Riddle With Holes","Dagger Throw","Infinite Blades","Distraction","Blade Dance","Crippling Poison","Injury","Bandage Up","Blur","A Thousand Cuts","Dash","Dodge and Roll","Corpse Explosion","Backflip+1","Cloak And Dagger+1","Dagger Spray","Infinite Blades","Noxious Fumes","Bouncing Flask+1","Cloak And Dagger"],"relics":["Ring of the Snake","Dodecahedron","Centennial Puzzle","Golden Idol","Philosopher\u0027s Stone","Lantern","Pear"],"potions_floor_usage":[13,16,16,16,24,28,33],"damage_taken":[{"damage":11,"enemies":"Jaw Worm","floor":1,"turns":6},{"damage":2,"enemies":"2 Louse","floor":2,"turns":3},{"damage":0,"enemies":"Cultist","floor":5,"turns":3},{"damage":24,"enemies":"Lagavulin","floor":7,"turns":9},{"damage":11,"enemies":"Looter","floor":8,"turns":4},{"damage":6,"enemies":"3 Louse","floor":13,"turns":4},{"damage":12,"enemies":"Red Slaver","floor":14,"turns":5},{"damage":24,"enemies":"The Guardian","floor":16,"turns":17},{"damage":30,"enemies":"Shell Parasite","floor":18,"turns":6},{"damage":26,"enemies":"Spheric Guardian","floor":20,"turns":6},{"damage":19,"enemies":"Cultist and Chosen","floor":22,"turns":5},{"damage":28,"enemies":"Centurion and Healer","floor":24,"turns":6},{"damage":10,"enemies":"Snecko","floor":28,"turns":4},{"damage":57,"enemies":"Snake Plant","floor":30,"turns":6},{"damage":13,"enemies":"3 Cultists","floor":31,"turns":4},{"damage":44,"enemies":"Collector","floor":33,"turns":5}],"seed_played":"5764229132556431678","potions_obtained":[{"floor":2,"key":"GamblersBrew"},{"floor":8,"key":"Regen Potion"},{"floor":13,"key":"Fruit Juice"},{"floor":16,"key":"FairyPotion"},{"floor":22,"key":"Weak Potion"},{"floor":24,"key":"SkillPotion"},{"floor":31,"key":"Swift Potion"}],"is_trial":false,"path_per_floor":["M","M","?","?","M","R","E","M","T","?","?","$","M","M","R","B",null,"M","?","M","?","M","R","M","R","T","?","M","R","M","M","R"],"character_chosen":"THE_SILENT","items_purchased":["Bandage Up","Blur","A Thousand Cuts"],"campfire_rested":6,"item_purchase_floors":[12,12,12],"current_hp_per_floor":[59,57,57,43,43,64,40,29,29,29,29,29,32,24,46,41,75,45,45,23,23,8,30,6,28,38,38,32,57,4,8,33,0],"gold":57,"neow_bonus":"THREE_CARDS","is_prod":false,"is_daily":false,"chose_seed":false,"campfire_upgraded":0,"win_rate":0,"timestamp":1535592098,"path_taken":["M","M","?","?","M","R","E","M","T","?","?","$","?","M","R","BOSS","M","?","M","?","M","R","M","R","T","?","?","R","M","M","R","BOSS"],"build_version":"2018-08-23v2","purchased_purges":0,"victory":false,"max_hp_per_floor":[70,70,70,70,70,70,70,70,70,70,70,70,75,75,75,75,75,75,75,75,75,75,75,75,75,85,85,85,85,85,85,85,85],"card_choices":[{"not_picked":["Dodge and Roll","Bane"],"picked":"Riddle With Holes","floor":0},{"not_picked":["Prepared","Deflect"],"picked":"Dagger Throw","floor":1},{"not_picked":["Bane","Heel Hook"],"picked":"Infinite Blades","floor":2},{"not_picked":["Flying Knee","Well Laid Plans"],"picked":"Distraction","floor":5},{"not_picked":["Flechettes","Escape Plan"],"picked":"Blade Dance","floor":7},{"not_picked":["Endless Agony","Footwork"],"picked":"Crippling Poison","floor":8},{"not_picked":["Deflect","Flying Knee"],"picked":"Dash","floor":13},{"not_picked":["Setup","Deflect"],"picked":"Dodge and Roll","floor":14},{"not_picked":["Grand Finale","Tools of the Trade"],"picked":"Corpse Explosion","floor":16},{"not_picked":["Prepared+1","Reflex"],"picked":"Backflip+1","floor":18},{"not_picked":["Backflip","Underhanded Strike"],"picked":"Cloak And Dagger+1","floor":20},{"not_picked":["Sucker Punch","Flying Knee"],"picked":"Dagger Spray","floor":22},{"not_picked":["Dagger Spray","Acrobatics"],"picked":"Infinite Blades","floor":24},{"not_picked":["Poisoned Stab","Dash"],"picked":"Noxious Fumes","floor":28},{"not_picked":["Setup+1","Escape Plan"],"picked":"Bouncing Flask+1","floor":30},{"not_picked":["Outmaneuver+1","Flechettes"],"picked":"Cloak And Dagger","floor":31}],"player_experience":111069,"relics_obtained":[{"floor":7,"key":"Dodecahedron"},{"floor":9,"key":"Centennial Puzzle"},{"floor":26,"key":"Pear"}],"event_choices":[{"event_name":"Liars Game","player_choice":"agreed","floor":3,"damage_taken":0},{"event_name":"Shining Light","player_choice":"Entered Light","floor":4,"damage_taken":0},{"event_name":"Golden Idol","player_choice":"Take Wound","floor":10,"damage_taken":0},{"event_name":"The Cleric","player_choice":"Card Removal","floor":11,"damage_taken":0},{"event_name":"Nest","player_choice":"Stole From Cult","floor":19,"damage_taken":0},{"event_name":"WeMeetAgain","player_choice":"Gold","floor":21,"damage_taken":0},{"event_name":"Masked Bandits","player_choice":"Paid Fearfully","floor":27,"damage_taken":0}],"is_beta":false,"boss_relics":[{"not_picked":["Astrolabe","Velvet Choker"],"picked":"Philosopher\u0027s Stone"}],"items_purged_floors":[],"is_endless":false,"potions_floor_spawned":[2,8,13,16,22,24,31],"killed_by":"Collector","ascension_level":3}