{"gold_per_floor":[10,26,43,43,62,96,96,115,140,158,224,66,66,66,66,66],"floor_reached":16,"playtime":501,"items_purged":["Strike_R"],"score":194,"play_id":"98f6a4c4-4d58-4623-8194-7d88abc2a2a8","local_time":"20190513185458","is_ascension_mode":true,"campfire_choices":[{"floor":7,"key":"REST"},{"data":"Disarm","floor":13,"key":"SMITH"},{"data":"Shockwave","floor":15,"key":"SMITH"}],"neow_cost":"NO_GOLD","seed_source_timestamp":318248839081500,"circlet_count":0,"master_deck":["AscendersBane","Strike_R","Strike_R","Strike_R","Strike_R","Defend_R","Defend_R","Defend_R","Defend_R","Bash","Shockwave+1","Sword Boomerang","Shrug It Off","Pommel Strike","Carnage","Combust","Disarm+1"],"relics":["Burning Blood","Ice Cream","Golden Idol","Dodecahedron","Centennial Puzzle"],"potions_floor_usage":[16],"damage_taken":[{"damage":6,"enemies":"Jaw Worm","floor":1,"turns":6},{"damage":1,"enemies":"2 Louse","floor":2,"turns":3},{"damage":4,"enemies":"Cultist","floor":3,"turns":4},{"damage":10,"enemies":"Blue Slaver","floor":5,"turns":5},{"damage":52,"enemies":"Gremlin Nob","floor":6,"turns":5},{"damage":6,"enemies":"2 Fungi Beasts","floor":8,"turns":2},{"damage":17,"enemies":"Exordium Thugs","floor":10,"turns":4},{"damage":33,"enemies":"Hexaghost","floor":16,"turns":11}],"seed_played":"-2943272568014169733","potions_obtained":[{"floor":3,"key":"GamblersBrew"},{"floor":6,"key":"FearPotion"}],"is_trial":false,"path_per_floor":["M","M","M","?","M","E","R","M","T","M","?","$","R","?","R","B"],"character_chosen":"IRONCLAD","items_purchased":["Disarm"],"campfire_rested":1,"item_purchase_floors":[12],"current_hp_per_floor":[68,73,75,68,64,18,38,38,38,27,27,27,27,32,32,0],"gold":66,"neow_bonus":"ONE_RARE_RELIC","is_prod":false,"is_daily":false,"chose_seed":false,"campfire_upgraded":2,"win_rate":0,"timestamp":1557788098,"path_taken":["M","M","M","?","M","E","R","M","T","M","?","$","R","?","R","BOSS"],"build_version":"2019-01-23","purchased_purges":1,"victory":false,"max_hp_per_floor":[75,75,75,68,68,68,68,68,68,68,68,68,68,73,73,73],"card_choices":[{"not_picked":["Body Slam","Iron Wave"],"picked":"Shockwave","floor":1},{"not_picked":["Armaments","Hemokinesis"],"picked":"Sword Boomerang","floor":2},{"not_picked":["Headbutt","Sever Soul"],"picked":"Shrug It Off","floor":3},{"not_picked":["Armaments","Burning Pact"],"picked":"Pommel Strike","floor":5},{"not_picked":["Havoc","Warcry"],"picked":"Carnage","floor":6},{"not_picked":["Sword Boomerang","Perfected Strike"],"picked":"Combust","floor":8},{"not_picked":["Armaments","Anger","Clash"],"picked":"SKIP","floor":10}],"player_experience":446090,"relics_obtained":[{"floor":6,"key":"Dodecahedron"},{"floor":9,"key":"Centennial Puzzle"}],"event_choices":[{"damage_healed":0,"gold_gain":0,"player_choice":"Lose Max HP","damage_taken":0,"relics_obtained":["Golden Idol"],"max_hp_gain":0,"max_hp_loss":7,"event_name":"Golden Idol","floor":4,"gold_loss":0},{"damage_healed":0,"gold_gain":66,"player_choice":"Gained Gold","damage_taken":0,"max_hp_gain":0,"max_hp_loss":0,"event_name":"Golden Wing","floor":11,"gold_loss":0},{"damage_healed":0,"gold_gain":0,"player_choice":"Donut","damage_taken":0,"max_hp_gain":5,"max_hp_loss":0,"event_name":"Big Fish","floor":14,"gold_loss":0}],"is_beta":false,"boss_relics":[],"items_purged_floors":[12],"is_endless":false,"potions_floor_spawned":[3,6],"killed_by":"Hexaghost","ascension_level":18}