{"gold_per_floor":[110,121,135,154,169,194,194,164,189,202,231,251,251,262,262,362,362,374,391,404,404,416,416,450,150,150,164,190,203,203,203,203,303,303,316,327,38,50,0,31,50,76,149,163,163,181,181,194,194,194,194,194,27,62,62],"floor_reached":55,"playtime":4378,"items_purged":["Defend_G"],"score":1057,"play_id":"5cd5b9fa-54e7-4b97-b731-f4399851a5cb","local_time":"20190320230129","is_ascension_mode":true,"campfire_choices":[{"data":"Glass Knife","floor":7,"key":"SMITH"},{"data":"Bouncing Flask","floor":13,"key":"SMITH"},{"floor":15,"key":"REST"},{"data":"Night Terror","floor":23,"key":"SMITH"},{"data":"Calculated Gamble","floor":32,"key":"SMITH"},{"floor":45,"key":"REST"},{"floor":47,"key":"RECALL"},{"floor":49,"key":"REST"},{"data":"Caltrops","floor":52,"key":"SMITH"}],"neow_cost":"TEN_PERCENT_HP_LOSS","seed_source_timestamp":859190798400,"circlet_count":0,"master_deck":["Defend_G","Defend_G","Defend_G","Defend_G","Survivor","Neutralize","Glass Knife+1","Dodge and Roll","Poisoned Stab","Leg Sweep","Backflip","PiercingWail","Dash","Bouncing Flask+1","Night Terror+1","Dagger Spray","Adrenaline","Terror+1","Bite","Bite","Bite","Bite","Bite","Caltrops+1","Well Laid Plans","Calculated Gamble+1","Malaise+1","Violence+1","Panacea","Wraith Form v2+1","Backstab","Well Laid Plans+1","Footwork+1","Acrobatics"],"relics":["Ring of the Snake","Centennial Puzzle","PreservedInsect","Philosopher\u0027s Stone","Omamori","Snake Skull","Kunai","Pocketwatch","Frozen Egg 2","Sozu","Red Mask","Ancient Tea Set","Du-Vu Doll","War Paint","Ornamental Fan"],"potions_floor_usage":[4,6,11,14,20,20,22,24,24,24,28,33,50,50],"damage_taken":[{"damage":0,"enemies":"Cultist","floor":1,"turns":3},{"damage":0,"enemies":"Jaw Worm","floor":2,"turns":4},{"damage":0,"enemies":"2 Louse","floor":3,"turns":4},{"damage":8,"enemies":"Large Slime","floor":4,"turns":10},{"damage":0,"enemies":"Blue Slaver","floor":5,"turns":4},{"damage":18,"enemies":"3 Sentries","floor":6,"turns":12},{"damage":0,"enemies":"Looter","floor":8,"turns":4},{"damage":4,"enemies":"3 Louse","floor":10,"turns":3},{"damage":4,"enemies":"Lagavulin","floor":11,"turns":5},{"damage":2,"enemies":"2 Fungi Beasts","floor":12,"turns":3},{"damage":11,"enemies":"Gremlin Gang","floor":14,"turns":6},{"damage":8,"enemies":"The Guardian","floor":16,"turns":11},{"damage":10,"enemies":"Spheric Guardian","floor":18,"turns":4},{"damage":0,"enemies":"Shell Parasite","floor":19,"turns":4},{"damage":16,"enemies":"3 Cultists","floor":20,"turns":6},{"damage":9,"enemies":"Centurion and Healer","floor":22,"turns":7},{"damage":3,"enemies":"Slavers","floor":24,"turns":6},{"damage":9,"enemies":"Sentry and Sphere","floor":27,"turns":4},{"damage":1,"enemies":"Book of Stabbing","floor":28,"turns":3},{"damage":19,"enemies":"Shelled Parasite and Fungi","floor":29,"turns":4},{"damage":49,"enemies":"Collector","floor":33,"turns":10},{"damage":4,"enemies":"3 Shapes","floor":35,"turns":4},{"damage":0,"enemies":"Orb Walker","floor":36,"turns":3},{"damage":19,"enemies":"3 Darklings","floor":38,"turns":5},{"damage":37,"enemies":"Reptomancer","floor":40,"turns":4},{"damage":2,"enemies":"Writhing Mass","floor":41,"turns":6},{"damage":3,"enemies":"Nemesis","floor":42,"turns":7},{"damage":27,"enemies":"4 Shapes","floor":44,"turns":5},{"damage":11,"enemies":"Maw","floor":46,"turns":6},{"damage":15,"enemies":"Spire Growth","floor":48,"turns":5},{"damage":23,"enemies":"Donu and Deca","floor":50,"turns":14},{"damage":43,"enemies":"Shield and Spear","floor":54,"turns":8},{"damage":40,"enemies":"The Heart","floor":55,"turns":2}],"seed_played":"2762823281121282289","potions_obtained":[{"floor":2,"key":"AttackPotion"},{"floor":4,"key":"Weak Potion"},{"floor":6,"key":"GamblersBrew"},{"floor":10,"key":"Strength Potion"},{"floor":12,"key":"GamblersBrew"},{"floor":14,"key":"EntropicBrew"},{"floor":16,"key":"SteroidPotion"},{"floor":27,"key":"GamblersBrew"},{"floor":28,"key":"GamblersBrew"},{"floor":29,"key":"Energy Potion"},{"floor":33,"key":"SkillPotion"}],"is_trial":false,"path_per_floor":["M","M","M","M","M","E","R","M","T","M","E","M","R","M","R","B",null,"M","M","M","?","M","R","E","$","T","M","E","M","?","T","R","B",null,"M","M","$","M","?","E","M","E","T","M","R","M","R","M","R","B",null,"R","$","E","B"],"character_chosen":"THE_SILENT","items_purchased":["Snake Skull","Well Laid Plans","Violence","Panacea","War Paint","Acrobatics"],"campfire_rested":3,"item_purchase_floors":[25,25,37,37,53,53],"current_hp_per_floor":[63,63,63,55,55,37,37,39,39,37,35,35,35,26,44,38,57,49,51,37,37,42,42,43,43,43,38,45,32,53,53,53,28,54,58,62,62,54,54,23,25,30,30,13,31,38,38,31,49,56,61,61,61,36,0],"gold":62,"neow_bonus":"THREE_RARE_CARDS","is_prod":false,"is_daily":false,"chose_seed":false,"campfire_upgraded":5,"win_rate":0,"timestamp":1553137289,"path_taken":["M","M","M","M","M","E","R","M","T","?","E","M","R","M","R","BOSS","M","M","M","?","M","R","E","$","T","M","E","M","?","?","R","BOSS","M","M","$","M","?","E","M","E","T","M","R","M","R","M","R","BOSS","R","$","E","BOSS"],"build_version":"2019-01-23","purchased_purges":1,"victory":false,"max_hp_per_floor":[63,63,63,63,63,63,63,63,63,63,63,63,63,63,63,63,63,63,63,63,63,63,63,63,63,63,63,63,63,63,63,63,63,63,63,63,63,63,63,63,63,63,63,63,63,63,63,63,63,63,63,63,63,63,63],"card_choices":[{"not_picked":["Adrenaline","Corpse Explosion"],"picked":"Glass Knife","floor":0},{"not_picked":["Bane","Prepared"],"picked":"Dodge and Roll","floor":1},{"not_picked":["Dodge and Roll","Noxious Fumes"],"picked":"Poisoned Stab","floor":2},{"not_picked":["Dodge and Roll","Quick Slash"],"picked":"Leg Sweep","floor":3},{"not_picked":["Leg Sweep","Prepared"],"picked":"Backflip","floor":4},{"not_picked":["Slice","Quick Slash"],"picked":"PiercingWail","floor":5},{"not_picked":["Flechettes","Infinite Blades"],"picked":"Dash","floor":6},{"not_picked":["Outmaneuver","Backflip"],"picked":"Bouncing Flask","floor":8},{"not_picked":["Endless Agony","Riddle With Holes","Slice"],"picked":"SKIP","floor":10},{"not_picked":["Terror","Prepared"],"picked":"Night Terror","floor":11},{"not_picked":["Cloak And Dagger","Backflip","Dodge and Roll"],"picked":"SKIP","floor":12},{"not_picked":["Expertise","PiercingWail"],"picked":"Dagger Spray","floor":14},{"not_picked":["Tools of the Trade","Burst"],"picked":"Adrenaline","floor":16},{"not_picked":["Underhanded Strike","Flying Knee","Riddle With Holes+1"],"picked":"SKIP","floor":18},{"not_picked":["Underhanded Strike","Poisoned Stab","Slice"],"picked":"SKIP","floor":19},{"not_picked":["Deadly Poison","Cloak And Dagger"],"picked":"Terror+1","floor":20},{"not_picked":["Blade Dance","Slice","Cloak And Dagger+1"],"picked":"SKIP","floor":22},{"not_picked":["Leg Sweep","Die Die Die"],"picked":"Caltrops","floor":24},{"not_picked":["Deflect","Blade Dance","Sucker Punch"],"picked":"SKIP","floor":27},{"not_picked":["Distraction","Dagger Spray+1"],"picked":"Calculated Gamble","floor":28},{"not_picked":["Dagger Throw","Acrobatics+1","Accuracy"],"picked":"SKIP","floor":29},{"not_picked":["Doppelganger","Storm of Steel"],"picked":"Malaise","floor":33},{"not_picked":["Flying Knee+1","Sucker Punch","Choke"],"picked":"SKIP","floor":35},{"not_picked":["Blur+1","Terror","Dagger Throw+1"],"picked":"SKIP","floor":36},{"not_picked":["Tactician","Predator+1","Choke"],"picked":"SKIP","floor":38},{"not_picked":["Poisoned Stab","Dodge and Roll+1"],"picked":"Wraith Form v2+1","floor":40},{"not_picked":["Sucker Punch","All Out Attack+1","Setup+1"],"picked":"SKIP","floor":41},{"not_picked":["Sucker Punch+1","Reflex+1"],"picked":"Backstab","floor":42},{"not_picked":["Prepared","Choke"],"picked":"Well Laid Plans+1","floor":44},{"not_picked":["Deadly Poison+1","Dagger Throw","Slice"],"picked":"SKIP","floor":46},{"not_picked":["Dodge and Roll+1","Poisoned Stab+1"],"picked":"Footwork+1","floor":48},{"not_picked":["Skewer","Acrobatics","Tactician+1"],"picked":"SKIP","floor":54}],"player_experience":340430,"relics_obtained":[{"floor":6,"key":"Blood Vial"},{"floor":9,"key":"Centennial Puzzle"},{"floor":11,"key":"PreservedInsect"},{"floor":24,"key":"Omamori"},{"floor":26,"key":"Kunai"},{"floor":28,"key":"Pocketwatch"},{"floor":31,"key":"Frozen Egg 2"},{"floor":40,"key":"Ancient Tea Set"},{"floor":42,"key":"Du-Vu Doll"},{"floor":54,"key":"Ornamental Fan"}],"event_choices":[{"damage_healed":0,"gold_gain":0,"player_choice":"Became a vampire (Vial)","damage_taken":0,"max_hp_gain":0,"max_hp_loss":0,"event_name":"Vampires","floor":21,"relics_lost":["Blood Vial"],"gold_loss":0,"cards_obtained":["Bite","Bite","Bite","Bite","Bite"]},{"damage_healed":21,"gold_gain":0,"player_choice":"Heal","damage_taken":0,"max_hp_gain":0,"max_hp_loss":0,"event_name":"The Library","floor":30,"gold_loss":0},{"damage_healed":0,"gold_gain":0,"player_choice":"Paid","damage_taken":0,"relics_obtained":["Red Mask"],"max_hp_gain":0,"max_hp_loss":0,"event_name":"Tomb of Lord Red Mask","floor":39,"gold_loss":50}],"is_beta":false,"boss_relics":[{"not_picked":["Astrolabe","Velvet Choker"],"picked":"Philosopher\u0027s Stone"},{"not_picked":["Runic Pyramid","WristBlade"],"picked":"Sozu"}],"items_purged_floors":[25],"is_endless":false,"potions_floor_spawned":[2,4,6,10,12,14,16,22,27,28,29,33,35,38,44,46,48,54],"killed_by":"The Heart","ascension_level":8}