{"gold_per_floor":[118,136,136,149,163,163,190,190,215,35,68,68,102,117,117,191,191,205,205,145,155,155,180,180,192,269,283,64,99,99,99,99,177,177,195,214,214,267,284,315,315,345,371,10,10,10,10,22,22,22,22,22,22,22],"floor_reached":54,"playtime":10548,"items_purged":["Decay"],"score":1165,"play_id":"89af7e15-f6f2-49ea-a20a-6707a497ff1f","local_time":"20190216084259","is_ascension_mode":true,"campfire_choices":[{"data":"Zap","floor":6.0,"key":"SMITH"},{"floor":8.0,"key":"REST"},{"data":"Apotheosis","floor":15.0,"key":"SMITH"},{"data":"Defragment","floor":24.0,"key":"SMITH"},{"floor":30.0,"key":"REST"},{"floor":32.0,"key":"RECALL"},{"floor":41.0,"key":"REST"},{"data":"White Noise","floor":45.0,"key":"SMITH"},{"data":"Biased Cognition","floor":47.0,"key":"SMITH"},{"data":"Dualcast","floor":49.0,"key":"SMITH"},{"data":"Glacier","floor":52.0,"key":"SMITH"}],"neow_cost":"NONE","seed_source_timestamp":0,"circlet_count":0,"master_deck":["AscendersBane","Strike_B+1","Strike_B+1","Strike_B+1","Defend_B+1","Defend_B+1","Defend_B+1","Defend_B+1","Zap+1","Dualcast+1","Darkness","Leap","Reinforced Body","Self Repair","Apotheosis+1","Cold Snap","Defragment+1","Echo Form","Cold Snap","Coolheaded","Go for the Eyes+1","Doom and Gloom","Glacier+1","Biased Cognition+1","Hologram+1","White Noise+1","Capacitor+1"],"special_seed":0,"relics":["Cracked Core","Regal Pillow","PreservedInsect","Bag of Preparation","Orichalcum","Ornamental Fan","Nuclear Battery","DataDisk","Dodecahedron","Boot","Red Mask","Dead Branch","Omamori","Potion Belt","Bottled Lightning"],"potions_floor_usage":[54],"damage_taken":[{"damage":4.0,"enemies":"Small Slimes","floor":1.0,"turns":3.0},{"damage":1.0,"enemies":"Cultist","floor":2.0,"turns":4.0},{"damage":3.0,"enemies":"2 Louse","floor":4.0,"turns":3.0},{"damage":4.0,"enemies":"Exordium Wildlife","floor":5.0,"turns":5.0},{"damage":29.0,"enemies":"3 Sentries","floor":7.0,"turns":10.0},{"damage":11.0,"enemies":"Lagavulin","floor":11.0,"turns":4.0},{"damage":4.0,"enemies":"Gremlin Nob","floor":13.0,"turns":5.0},{"damage":18.0,"enemies":"Gremlin Gang","floor":14.0,"turns":5.0},{"damage":30.0,"enemies":"The Guardian","floor":16.0,"turns":9.0},{"damage":12.0,"enemies":"Spheric Guardian","floor":18.0,"turns":5.0},{"damage":8.0,"enemies":"2 Thieves","floor":20.0,"turns":4.0},{"damage":21.0,"enemies":"Snecko","floor":21.0,"turns":7.0},{"damage":11.0,"enemies":"Book of Stabbing","floor":23.0,"turns":6.0},{"damage":6.0,"enemies":"Sentry and Sphere","floor":25.0,"turns":5.0},{"damage":26.0,"enemies":"Centurion and Healer","floor":27.0,"turns":7.0},{"damage":41.0,"enemies":"Masked Bandits","floor":29.0,"turns":6.0},{"damage":24.0,"enemies":"Champ","floor":33.0,"turns":12.0},{"damage":0.0,"enemies":"Orb Walker","floor":35.0,"turns":5.0},{"damage":8.0,"enemies":"3 Darklings","floor":36.0,"turns":6.0},{"damage":22.0,"enemies":"2 Orb Walkers","floor":38.0,"turns":8.0},{"damage":44.0,"enemies":"Transient","floor":39.0,"turns":5.0},{"damage":11.0,"enemies":"Reptomancer","floor":40.0,"turns":7.0},{"damage":13.0,"enemies":"Nemesis","floor":42.0,"turns":7.0},{"damage":15.0,"enemies":"Jaw Worm Horde","floor":48.0,"turns":5.0},{"damage":15.0,"enemies":"Time Eater","floor":50.0,"turns":11.0},{"damage":69,"enemies":"Shield and Spear","floor":54,"turns":5}],"seed_played":"7827470418641469534","potions_obtained":[{"floor":1.0,"key":"Block Potion"},{"floor":5.0,"key":"Block Potion"},{"floor":7.0,"key":"Poison Potion"},{"floor":18.0,"key":"AttackPotion"},{"floor":21.0,"key":"Regen Potion"},{"floor":27.0,"key":"Ancient Potion"},{"floor":39.0,"key":"Regen Potion"},{"floor":48.0,"key":"SpeedPotion"}],"is_trial":false,"path_per_floor":["M","M","?","M","M","R","E","R","T","$","E","?","E","M","R","B",null,"M","?","M","M","?","E","R","M","T","M","$","?","R","$","R","B",null,"M","M","?","?","M","E","R","E","T","$","R","?","R","M","R","B",null,"R","$","E"],"character_chosen":"DEFECT","items_purchased":["Apotheosis","Boot","Bottled Lightning","Energy Potion","SkillPotion"],"campfire_rested":3,"item_purchase_floors":[10,28,44,44,44],"current_hp_per_floor":[64,63,63,60,56,56,27,64,64,64,63,63,69,58,58,35,65,63,63,62,48,48,71,71,72,72,66,66,39,75,75,75,61,72,75,75,71,59,22,36,71,68,68,68,68,68,68,63,63,58,68,68,68,0],"gold":22,"neow_bonus":"RANDOM_COMMON_RELIC","is_prod":false,"is_daily":false,"chose_seed":false,"campfire_upgraded":7,"win_rate":0,"timestamp":1550324579,"path_taken":["M","M","?","M","?","R","E","R","T","$","E","?","E","M","R","BOSS","M","?","M","?","?","E","R","M","T","M","$","?","R","$","R","BOSS","M","M","?","?","M","E","R","E","T","$","R","?","R","?","R","BOSS","R","$","E"],"build_version":"2019-01-23","purchased_purges":1,"victory":false,"max_hp_per_floor":[75,75,75,75,75,75,75,75,75,75,75,75,75,75,75,75,75,75,75,75,75,75,75,75,75,75,75,75,75,75,75,75,75,75,75,75,71,71,71,71,71,71,71,71,71,71,71,71,71,71,71,71,71,71],"card_choices":[{"not_picked":["Fusion","Redo"],"picked":"Darkness","floor":1.0},{"not_picked":["Rip and Tear","Turbo"],"picked":"Leap","floor":2.0},{"not_picked":["Static Discharge","Consume","Streamline"],"picked":"SKIP","floor":4.0},{"not_picked":["Streamline","Steam"],"picked":"Reinforced Body","floor":5.0},{"not_picked":["Steam","Blizzard"],"picked":"Self Repair","floor":7.0},{"not_picked":["Gash","Hello World","Barrage"],"picked":"SKIP","floor":11.0},{"not_picked":["Rebound","All For One"],"picked":"Cold Snap","floor":13.0},{"not_picked":["Blizzard","Hologram"],"picked":"Defragment","floor":14.0},{"not_picked":["Seek","Reboot"],"picked":"Echo Form","floor":16.0},{"not_picked":["Hologram","Compile Driver"],"picked":"Cold Snap","floor":18.0},{"not_picked":["Gash","Heatsinks"],"picked":"Coolheaded","floor":20.0},{"not_picked":["Redo","Scrape"],"picked":"Go for the Eyes+1","floor":21.0},{"not_picked":["Leap","Conserve Battery+1"],"picked":"Doom and Gloom","floor":23.0},{"not_picked":["Leap","Turbo"],"picked":"Glacier","floor":25.0},{"not_picked":["Sweeping Beam","Genetic Algorithm","All For One"],"picked":"SKIP","floor":27.0},{"not_picked":["Thunder Strike","Reboot"],"picked":"Biased Cognition","floor":33.0},{"not_picked":["Reinforced Body","Tempest"],"picked":"Hologram","floor":35.0},{"not_picked":["Compile Driver","Sweeping Beam"],"picked":"White Noise","floor":36.0},{"not_picked":["Blizzard","Darkness"],"picked":"Capacitor+1","floor":39.0},{"not_picked":["Conserve Battery","Stack","Storm"],"picked":"SKIP","floor":40.0},{"not_picked":["Ball Lightning","Heatsinks+1","Beam Cell"],"picked":"SKIP","floor":42.0},{"not_picked":["Sweeping Beam","Streamline","Scrape"],"picked":"SKIP","floor":48.0}],"player_experience":875390,"relics_obtained":[{"floor":7.0,"key":"PreservedInsect"},{"floor":9.0,"key":"Bag of Preparation"},{"floor":11.0,"key":"Orichalcum"},{"floor":13.0,"key":"Ornamental Fan"},{"floor":23.0,"key":"DataDisk"},{"floor":26.0,"key":"Dodecahedron"},{"floor":29.0,"key":"Red Mask"},{"floor":38.0,"key":"Dead Branch"},{"floor":40.0,"key":"Omamori"},{"floor":42.0,"key":"Potion Belt"}],"event_choices":[{"cards_removed":["Strike_B"],"damage_healed":0.0,"max_hp_gain":0.0,"max_hp_loss":0.0,"gold_gain":0.0,"event_name":"Bonfire Elementals","player_choice":"Offered Basic","floor":3.0,"gold_loss":0.0,"damage_taken":0.0},{"damage_healed":0.0,"max_hp_gain":0.0,"max_hp_loss":0.0,"gold_gain":0.0,"event_name":"Dead Adventurer","player_choice":"Searched \u00271\u0027 times","floor":12.0,"gold_loss":0.0,"damage_taken":0.0},{"damage_healed":0.0,"max_hp_gain":0.0,"max_hp_loss":0.0,"gold_gain":0.0,"event_name":"Wheel of Change","player_choice":"Cursed","floor":19.0,"gold_loss":0.0,"damage_taken":0.0,"cards_obtained":["Decay"]},{"damage_healed":0.0,"max_hp_gain":0.0,"max_hp_loss":0.0,"gold_gain":0.0,"event_name":"Back to Basics","player_choice":"Simplicity","floor":22.0,"gold_loss":0.0,"damage_taken":0.0,"cards_upgraded":["Strike_B","Strike_B","Strike_B","Defend_B","Defend_B","Defend_B","Defend_B"]},{"damage_healed":0.0,"max_hp_gain":0.0,"max_hp_loss":0.0,"gold_gain":0.0,"event_name":"Masked Bandits","player_choice":"Fought Bandits","floor":29.0,"gold_loss":0.0,"damage_taken":0.0},{"damage_healed":0.0,"max_hp_gain":0.0,"max_hp_loss":4.0,"gold_gain":0.0,"event_name":"Winding Halls","player_choice":"Max HP","floor":37.0,"gold_loss":0.0,"damage_taken":0.0},{"damage_healed":0.0,"max_hp_gain":0.0,"max_hp_loss":0.0,"gold_gain":0.0,"event_name":"Mysterious Sphere","player_choice":"Fight","floor":38.0,"gold_loss":0.0,"damage_taken":0.0},{"damage_healed":0.0,"max_hp_gain":0.0,"max_hp_loss":0.0,"gold_gain":0.0,"event_name":"Accursed Blacksmith","player_choice":"Forge","floor":46.0,"gold_loss":0.0,"damage_taken":0.0,"cards_upgraded":["Hologram"]}],"is_beta":false,"boss_relics":[{"not_picked":["Cursed Key","Orrery"],"picked":"Nuclear Battery"},{"not_picked":[]}],"items_purged_floors":[28],"is_endless":false,"potions_floor_spawned":[1,5,7,11,18,21,27,29,33,35,39,48],"killed_by":"Shield and Spear","ascension_level":13}