{"gold_per_floor":[210,19,69,69,89,89,115,115,168,168,197,197,35,53,53,125,125,139,139,63,63,63,63,77,103,103,114,147,147,163,1,1,1],"floor_reached":33,"playtime":1164,"items_purged":["Defend_R"],"score":549,"play_id":"c7ec5b0e-40cb-4ccc-afc0-7a3989e4a96f","local_time":"20190521234834","is_ascension_mode":true,"campfire_choices":[{"data":"Perfected Strike","floor":6,"key":"SMITH"},{"data":"Bash","floor":8,"key":"SMITH"},{"data":"Disarm","floor":12,"key":"SMITH"},{"data":"Pommel Strike","floor":15,"key":"SMITH"},{"data":"Evolve","floor":23,"key":"SMITH"},{"data":"True Grit","floor":29,"key":"SMITH"},{"data":"Flame Barrier","floor":32,"key":"SMITH"}],"neow_cost":"NONE","seed_source_timestamp":91218713648200,"circlet_count":0,"master_deck":["AscendersBane","Strike_R","Strike_R","Strike_R","Strike_R","Strike_R","Defend_R","Defend_R+1","Defend_R+1","Bash+1","Perfected Strike+1","Pommel Strike","Disarm+1","Metallicize","Battle Trance","Pommel Strike+1","Impervious","Evolve+1","RitualDagger","True Grit+1","Flame Barrier+1","Shrug It Off","Offering","Battle Trance"],"relics":["Burning Blood","Tiny Chest","PreservedInsect","Anchor","War Paint","Cursed Key","Sundial","Magic Flower","Bronze Scales"],"potions_floor_usage":[7,25,28],"damage_taken":[{"damage":8,"enemies":"Small Slimes","floor":1,"turns":5},{"damage":1,"enemies":"Cultist","floor":5,"turns":3},{"damage":21,"enemies":"Lagavulin","floor":7,"turns":6},{"damage":6,"enemies":"Gremlin Nob","floor":11,"turns":3},{"damage":0,"enemies":"2 Louse","floor":14,"turns":3},{"damage":21,"enemies":"Hexaghost","floor":16,"turns":12},{"damage":4,"enemies":"2 Thieves","floor":18,"turns":4},{"damage":3,"enemies":"Spheric Guardian","floor":24,"turns":3},{"damage":11,"enemies":"Book of Stabbing","floor":25,"turns":5},{"damage":10,"enemies":"Cultist and Chosen","floor":27,"turns":5},{"damage":21,"enemies":"Gremlin Leader","floor":28,"turns":5},{"damage":7,"enemies":"Chosen and Byrds","floor":30,"turns":7},{"damage":63,"enemies":"Collector","floor":33,"turns":7}],"seed_played":"-4332346358477682004","potions_obtained":[{"floor":5,"key":"FearPotion"},{"floor":14,"key":"SmokeBomb"},{"floor":16,"key":"LiquidBronze"},{"floor":25,"key":"PowerPotion"}],"is_trial":false,"path_per_floor":["M","$","?","$","M","R","E","R","T","?","E","R","$","M","R","B",null,"M","?","$","?","?","R","M","E","T","M","E","R","M","$","R","B"],"character_chosen":"IRONCLAD","items_purchased":["Tiny Chest","Pommel Strike","Battle Trance","Evolve","Bronze Scales"],"campfire_rested":0,"item_purchase_floors":[2,2,13,20,31],"current_hp_per_floor":[66,66,66,66,71,71,56,56,56,61,61,61,61,67,67,52,73,75,75,75,69,65,65,68,63,63,59,44,44,46,46,46,0],"gold":1,"neow_bonus":"HUNDRED_GOLD","is_prod":false,"is_daily":false,"chose_seed":false,"campfire_upgraded":7,"win_rate":0,"timestamp":1558496914,"path_taken":["M","$","?","?","M","R","E","R","T","?","E","R","?","?","R","BOSS","M","?","$","?","?","R","M","E","T","M","E","R","?","$","R","BOSS"],"build_version":"2019-01-23","purchased_purges":1,"victory":false,"max_hp_per_floor":[75,75,75,75,75,75,75,75,75,80,80,80,80,80,80,80,80,80,80,80,80,80,80,80,80,80,80,80,80,80,80,80,80],"card_choices":[{"not_picked":["Havoc","Power Through"],"picked":"Perfected Strike","floor":1},{"not_picked":["Twin Strike","Armaments"],"picked":"Disarm","floor":5},{"not_picked":["Rage","Headbutt"],"picked":"Metallicize","floor":7},{"not_picked":["Sword Boomerang","Exhume","Headbutt"],"picked":"SKIP","floor":11},{"not_picked":["Bloodletting","Clash"],"picked":"Pommel Strike","floor":14},{"not_picked":["Limit Break","Brutality"],"picked":"Impervious","floor":16},{"not_picked":["Seeing Red","Heavy Blade","Searing Blow"],"picked":"SKIP","floor":18},{"not_picked":["Sword Boomerang","Barricade"],"picked":"True Grit","floor":24},{"not_picked":["Thunderclap","Dual Wield+1"],"picked":"Flame Barrier","floor":25},{"not_picked":["Wild Strike","Cleave"],"picked":"Shrug It Off","floor":27},{"not_picked":["Corruption","Armaments"],"picked":"Offering","floor":28},{"not_picked":["Intimidate","Cleave"],"picked":"Battle Trance","floor":30}],"player_experience":466046,"relics_obtained":[{"floor":7,"key":"PreservedInsect"},{"floor":9,"key":"Anchor"},{"floor":11,"key":"War Paint"},{"floor":25,"key":"Sundial"},{"floor":28,"key":"Magic Flower"}],"event_choices":[{"damage_healed":0,"gold_gain":50,"player_choice":"Pray","damage_taken":0,"max_hp_gain":0,"max_hp_loss":0,"event_name":"Golden Shrine","floor":3,"gold_loss":0},{"damage_healed":0,"gold_gain":0,"player_choice":"Donut","damage_taken":0,"max_hp_gain":5,"max_hp_loss":0,"event_name":"Big Fish","floor":10,"gold_loss":0},{"damage_healed":0,"gold_gain":0,"player_choice":"Ignored","damage_taken":0,"max_hp_gain":0,"max_hp_loss":0,"event_name":"Ghosts","floor":19,"gold_loss":0},{"damage_healed":0,"gold_gain":0,"player_choice":"Joined the Cult","damage_taken":6,"max_hp_gain":0,"max_hp_loss":0,"event_name":"Nest","floor":21,"gold_loss":0,"cards_obtained":["RitualDagger"]},{"damage_healed":0,"gold_gain":0,"player_choice":"Bought 0 Potions","damage_taken":0,"max_hp_gain":0,"max_hp_loss":0,"event_name":"The Woman in Blue","floor":22,"gold_loss":0}],"is_beta":false,"boss_relics":[{"not_picked":["Snecko Eye","Eternal Feather"],"picked":"Cursed Key"}],"items_purged_floors":[13],"is_endless":false,"potions_floor_spawned":[5,14,16,18,25,27],"killed_by":"Collector","ascension_level":18}