{"gold_per_floor":[116,128,147,167,183,183,199,224,224,224,251,267,267,287,287,361,361,374,44,44,44,55,55],"floor_reached":23,"playtime":825,"items_purged":["Defend_R"],"score":400,"play_id":"cf7ddcc7-463b-408b-a4da-805d77db3527","local_time":"20190530182745","is_ascension_mode":true,"campfire_choices":[{"floor":6.0,"key":"REST"},{"floor":10.0,"key":"REST"},{"data":"Flame Barrier","floor":13.0,"key":"SMITH"},{"data":"Uppercut","floor":15.0,"key":"SMITH"}],"neow_cost":"PERCENT_DAMAGE","seed_source_timestamp":341003201048100,"circlet_count":0,"master_deck":["AscendersBane","Strike_R","Strike_R","Strike_R","Strike_R","Strike_R","Defend_R+1","Defend_R+1","Defend_R","Bash","Hemokinesis","Cleave","Dropkick","Shockwave","Reaper","Flame Barrier+1","Uppercut+1","Immolate","Shrug It Off","Cleave","Pommel Strike","Impervious","Shockwave","Battle Trance","Flash of Steel"],"special_seed":0,"relics":["Burning Blood","Turnip","Boot","War Paint","Self Forming Clay","Art of War","Nloth\u0027s Gift"],"potions_floor_usage":[],"damage_taken":[{"damage":6.0,"enemies":"Cultist","floor":1.0,"turns":3.0},{"damage":0.0,"enemies":"2 Louse","floor":2.0,"turns":2.0},{"damage":10.0,"enemies":"Small Slimes","floor":3.0,"turns":3.0},{"damage":15.0,"enemies":"3 Louse","floor":4.0,"turns":3.0},{"damage":30.0,"enemies":"Exordium Wildlife","floor":5.0,"turns":4.0},{"damage":3.0,"enemies":"Lots of Slimes","floor":7.0,"turns":2.0},{"damage":30.0,"enemies":"Gremlin Nob","floor":8.0,"turns":4.0},{"damage":23.0,"enemies":"Lagavulin","floor":11.0,"turns":6.0},{"damage":6.0,"enemies":"Looter","floor":12.0,"turns":4.0},{"damage":14.0,"enemies":"Blue Slaver","floor":14.0,"turns":3.0},{"damage":21.0,"enemies":"Hexaghost","floor":16.0,"turns":9.0},{"damage":14.0,"enemies":"Spheric Guardian","floor":18.0,"turns":7.0},{"damage":18,"enemies":"3 Byrds","floor":22,"turns":5},{"damage":60,"enemies":"Slavers","floor":23,"turns":2}],"seed_played":"-747170144986901964","potions_obtained":[{"floor":1.0,"key":"Explosive Potion"},{"floor":2.0,"key":"FearPotion"},{"floor":8.0,"key":"Strength Potion"},{"floor":11.0,"key":"BloodPotion"},{"floor":14.0,"key":"Poison Potion"}],"is_trial":false,"path_per_floor":["M","M","M","M","M","R","M","E","T","R","E","M","R","M","R","B",null,"M","$","?","?","M","E"],"character_chosen":"IRONCLAD","items_purchased":["Art of War","Flash of Steel"],"campfire_rested":2,"item_purchase_floors":[19,19],"current_hp_per_floor":[50,56,52,43,19,41,44,20,20,42,25,32,32,24,24,18,61,53,53,53,53,50,0],"gold":55,"neow_bonus":"ONE_RARE_RELIC","is_prod":false,"is_daily":false,"chose_seed":false,"campfire_upgraded":2,"win_rate":0,"timestamp":1559266065,"path_taken":["M","M","M","M","M","R","M","E","T","R","E","?","R","M","R","BOSS","M","$","?","?","?","E"],"build_version":"2019-01-23","purchased_purges":1,"victory":false,"max_hp_per_floor":[75,75,75,75,75,75,75,75,75,75,75,75,75,75,75,75,75,75,75,75,75,75,75],"card_choices":[{"not_picked":["Ghostly Armor","Evolve"],"picked":"Hemokinesis","floor":1.0},{"not_picked":["Blood for Blood","Havoc"],"picked":"Cleave","floor":2.0},{"not_picked":["Body Slam","Clothesline"],"picked":"Dropkick","floor":3.0},{"not_picked":["Sword Boomerang","Intimidate","Perfected Strike"],"picked":"SKIP","floor":4.0},{"not_picked":["Blood for Blood","Pummel","Havoc"],"picked":"SKIP","floor":5.0},{"not_picked":["Blood for Blood","Havoc"],"picked":"Shockwave","floor":7.0},{"not_picked":["Searing Blow","Flex"],"picked":"Reaper","floor":8.0},{"not_picked":["Clothesline","Feel No Pain"],"picked":"Flame Barrier","floor":11.0},{"not_picked":["Flame Barrier","Clothesline"],"picked":"Uppercut","floor":12.0},{"not_picked":["Limit Break","Dual Wield","Hemokinesis"],"picked":"SKIP","floor":14.0},{"not_picked":["Impervious","Reaper"],"picked":"Immolate","floor":16.0},{"not_picked":["Pommel Strike","Intimidate"],"picked":"Shrug It Off","floor":17.0},{"not_picked":["Body Slam","Shrug It Off"],"picked":"Cleave","floor":17.0},{"not_picked":["Twin Strike","Sentinel"],"picked":"Pommel Strike","floor":17.0},{"not_picked":["Anger","Armaments"],"picked":"Impervious","floor":17.0},{"not_picked":["Havoc","True Grit"],"picked":"Shockwave","floor":17.0},{"not_picked":["Havoc","Limit Break"],"picked":"Battle Trance","floor":18.0},{"not_picked":["Shockwave","Twin Strike","True Grit"],"picked":"SKIP","floor":22}],"player_experience":497381,"relics_obtained":[{"floor":8.0,"key":"Boot"},{"floor":9.0,"key":"War Paint"},{"floor":11.0,"key":"Self Forming Clay"}],"event_choices":[{"damage_healed":0.0,"max_hp_gain":0.0,"max_hp_loss":0.0,"gold_gain":0.0,"event_name":"The Mausoleum","player_choice":"Ignored","floor":20.0,"gold_loss":0.0,"damage_taken":0.0},{"damage_healed":0.0,"max_hp_gain":0.0,"max_hp_loss":0.0,"gold_gain":0.0,"event_name":"N\u0027loth","player_choice":"Traded Relic","floor":21.0,"relics_lost":["Orrery"],"gold_loss":0.0,"damage_taken":0.0,"relics_obtained":["Nloth\u0027s Gift"]}],"is_beta":false,"boss_relics":[{"not_picked":["Black Star","Runic Pyramid"],"picked":"Orrery"}],"items_purged_floors":[19],"is_endless":false,"potions_floor_spawned":[1,2,5,8,11,14],"killed_by":"Slavers","ascension_level":19}