{"gold_per_floor":[110,59,73,73,73,73,100,110,136,156,156,169,169,184,184,184],"floor_reached":16,"playtime":316,"items_purged":[],"score":248,"play_id":"d9b54e09-ae05-4278-9b49-b1b0eef6ff15","local_time":"20190614235808","is_ascension_mode":true,"campfire_choices":[{"data":"Zap","floor":6,"key":"SMITH"},{"data":"Cold Snap","floor":11,"key":"SMITH"},{"data":"Gash","floor":13,"key":"SMITH"},{"data":"Capacitor","floor":15,"key":"SMITH"}],"neow_cost":"NONE","seed_source_timestamp":159507126372398,"circlet_count":0,"master_deck":["AscendersBane","Strike_B","Strike_B","Strike_B","Defend_B","Defend_B","Defend_B","Defend_B","Zap+1","Dualcast+1","Cold Snap+1","Core Surge","Chill","Gash+1","Capacitor+1"],"relics":["Cracked Core","NeowsBlessing","Centennial Puzzle","Ancient Tea Set"],"potions_floor_usage":[14],"damage_taken":[{"damage":0,"enemies":"Cultist","floor":1,"turns":1},{"damage":0,"enemies":"Small Slimes","floor":3,"turns":1},{"damage":0,"enemies":"Lagavulin","floor":7,"turns":1},{"damage":0,"enemies":"Jaw Worm","floor":8,"turns":2},{"damage":4,"enemies":"Looter","floor":10,"turns":2},{"damage":1,"enemies":"3 Louse","floor":12,"turns":2},{"damage":15,"enemies":"Exordium Thugs","floor":14,"turns":5},{"damage":52,"enemies":"Hexaghost","floor":16,"turns":9}],"seed_played":"-3179004399741681428","potions_obtained":[{"floor":7,"key":"Fire Potion"},{"floor":8,"key":"Regen Potion"}],"is_trial":false,"path_per_floor":["M","$","M","?","?","R","E","M","T","M","R","M","R","M","R","B"],"character_chosen":"DEFECT","items_purchased":["Cold Snap"],"campfire_rested":0,"item_purchase_floors":[2],"current_hp_per_floor":[64,64,64,57,57,57,57,57,57,53,53,52,52,51,51,0],"gold":184,"neow_bonus":"THREE_ENEMY_KILL","is_prod":false,"is_daily":false,"chose_seed":false,"campfire_upgraded":4,"win_rate":0,"timestamp":1560527888,"path_taken":["M","?","M","?","?","R","E","M","T","M","R","?","R","M","R","BOSS"],"build_version":"2019-01-23","purchased_purges":0,"victory":false,"max_hp_per_floor":[71,71,71,71,71,71,71,71,71,71,71,71,71,71,71,71],"card_choices":[{"not_picked":["Barrage","Conserve Battery","Fusion"],"picked":"SKIP","floor":1},{"not_picked":["Tempest","Redo","Compile Driver"],"picked":"SKIP","floor":3},{"not_picked":["Ball Lightning","FTL"],"picked":"Core Surge","floor":7},{"not_picked":["Barrage","Hologram"],"picked":"Chill","floor":8},{"not_picked":["Lockon","Hello World","Streamline"],"picked":"SKIP","floor":10},{"not_picked":["Consume","Double Energy"],"picked":"Gash","floor":12},{"not_picked":["Ball Lightning","Barrage"],"picked":"Capacitor","floor":14}],"player_experience":684719,"relics_obtained":[{"floor":7,"key":"Centennial Puzzle"},{"floor":9,"key":"Ancient Tea Set"}],"event_choices":[{"cards_removed":["Strike_B"],"damage_healed":0,"gold_gain":0,"player_choice":"Card Removal","damage_taken":7,"max_hp_gain":0,"max_hp_loss":0,"event_name":"Golden Wing","floor":4,"gold_loss":0},{"damage_healed":0,"gold_gain":0,"player_choice":"Forge","damage_taken":0,"max_hp_gain":0,"max_hp_loss":0,"event_name":"Accursed Blacksmith","floor":5,"gold_loss":0,"cards_upgraded":["Dualcast"]}],"is_beta":false,"boss_relics":[],"items_purged_floors":[],"is_endless":false,"potions_floor_spawned":[7,8,12],"killed_by":"Hexaghost","ascension_level":19}