{"gold_per_floor":[111,122,122,140,140,168,181,181,207,226,240,269,269,281,281,281],"floor_reached":16,"playtime":813,"items_purged":[],"score":182,"play_id":"b3732d37-fe3a-4b49-af4e-d07a6e619e48","local_time":"20190425173120","is_ascension_mode":true,"campfire_choices":[{"floor":8,"key":"REST"},{"floor":15,"key":"REST"}],"neow_cost":"NONE","seed_source_timestamp":111356125886700,"circlet_count":0,"master_deck":["AscendersBane","Strike_R","Strike_R","Strike_R","Strike_R","Strike_R","Defend_R","Defend_R","Defend_R","Defend_R","Bash","Cleave","Shrug It Off","Shockwave","Flame Barrier","Pommel Strike","Cleave","Inflame","Uppercut"],"relics":["Black Star","Happy Flower","Lantern","Ancient Tea Set","Question Card","Juzu Bracelet"],"potions_floor_usage":[11,12,16],"damage_taken":[{"damage":6,"enemies":"Cultist","floor":1,"turns":4},{"damage":4,"enemies":"2 Louse","floor":2,"turns":2},{"damage":12,"enemies":"Jaw Worm","floor":4,"turns":4},{"damage":51,"enemies":"3 Sentries","floor":6,"turns":11},{"damage":0,"enemies":"2 Fungi Beasts","floor":7,"turns":4},{"damage":9,"enemies":"Lots of Slimes","floor":10,"turns":4},{"damage":1,"enemies":"Large Slime","floor":11,"turns":9},{"damage":28,"enemies":"Lagavulin","floor":12,"turns":6},{"damage":4,"enemies":"3 Louse","floor":14,"turns":2},{"damage":35,"enemies":"The Guardian","floor":16,"turns":13}],"seed_played":"-3750310548046842600","potions_obtained":[{"floor":2,"key":"Dexterity Potion"},{"floor":6,"key":"Swift Potion"},{"floor":14,"key":"SteroidPotion"}],"is_trial":false,"path_per_floor":["M","M","?","M","?","E","M","R","T","M","M","E","?","M","R","B"],"character_chosen":"IRONCLAD","items_purchased":[],"campfire_rested":2,"item_purchase_floors":[],"current_hp_per_floor":[66,62,62,50,76,25,25,49,49,40,39,11,11,7,31,0],"gold":281,"neow_bonus":"BOSS_RELIC","is_prod":false,"is_daily":false,"chose_seed":false,"campfire_upgraded":0,"win_rate":0,"timestamp":1556227880,"path_taken":["M","M","?","M","?","E","M","R","T","M","M","E","?","M","R","BOSS"],"build_version":"2019-01-23","purchased_purges":0,"victory":false,"max_hp_per_floor":[80,80,80,80,80,80,80,80,80,80,80,80,80,80,80,80],"card_choices":[{"not_picked":["Anger","Fire Breathing"],"picked":"Cleave","floor":1},{"not_picked":["True Grit","Clash"],"picked":"Shrug It Off","floor":2},{"not_picked":["Corruption","Hemokinesis"],"picked":"Shockwave","floor":4},{"not_picked":["Infernal Blade","Seeing Red"],"picked":"Flame Barrier","floor":6},{"not_picked":["Sever Soul","Heavy Blade","Clash"],"picked":"SKIP","floor":7},{"not_picked":["Wild Strike","Perfected Strike"],"picked":"Pommel Strike","floor":10},{"not_picked":["Limit Break","Perfected Strike"],"picked":"Cleave","floor":11},{"not_picked":["Shrug It Off","Havoc"],"picked":"Inflame","floor":12},{"not_picked":["Hemokinesis","Metallicize","Twin Strike"],"picked":"Uppercut","floor":14}],"player_experience":383708,"relics_obtained":[{"floor":6,"key":"Happy Flower"},{"floor":6,"key":"Lantern"},{"floor":9,"key":"Ancient Tea Set"},{"floor":12,"key":"Question Card"},{"floor":12,"key":"Juzu Bracelet"}],"event_choices":[{"damage_healed":0,"gold_gain":0,"player_choice":"Ignored","damage_taken":0,"max_hp_gain":0,"max_hp_loss":0,"event_name":"Golden Idol","floor":3,"gold_loss":0},{"damage_healed":26,"gold_gain":0,"player_choice":"Banana","damage_taken":0,"max_hp_gain":0,"max_hp_loss":0,"event_name":"Big Fish","floor":5,"gold_loss":0},{"damage_healed":0,"gold_gain":0,"player_choice":"Searched \u00270\u0027 times","damage_taken":0,"max_hp_gain":0,"max_hp_loss":0,"event_name":"Dead Adventurer","floor":13,"gold_loss":0}],"is_beta":false,"boss_relics":[],"items_purged_floors":[],"is_endless":false,"potions_floor_spawned":[2,6,7,14],"killed_by":"The Guardian","ascension_level":12}