{"gold_per_floor":[114,189,204,219,9,9,24,54,54,84,99,26,26,41,41,141,141,156,6,6,21,0,30,30,30,30,60,85,85,85,110,110,210,210,225,225,175,0,0,0,30,30,55,55,85,100,100,106,106,106],"floor_reached":50,"playtime":3116,"items_purged":["Strike_G","Strike_G","Defend_G"],"score":590,"play_id":"650cee8b-8275-45fc-ae3c-a72ed9b0eebb","local_time":"20190309134730","daily_mods":["Allstar","Flight","Night Terrors"],"is_ascension_mode":false,"campfire_choices":[{"data":"Noxious Fumes","floor":6,"key":"SMITH"},{"floor":13,"key":"REST"},{"data":"Mind Blast","floor":15,"key":"SMITH"},{"floor":25,"key":"REST"},{"floor":30,"key":"REST"},{"data":"Leg Sweep","floor":32,"key":"SMITH"},{"floor":40,"key":"REST"},{"data":"PiercingWail","floor":49,"key":"SMITH"}],"neow_cost":"","seed_source_timestamp":0,"circlet_count":0,"master_deck":["Defend_G+1","Defend_G+1","Defend_G+1","Defend_G+1","Survivor+1","Neutralize+1","Metamorphosis+1","Finesse+1","Dark Shackles+1","Mayhem+1","Mind Blast+1","Noxious Fumes+1","Noxious Fumes+1","Poisoned Stab+1","Finesse+1","Deadly Poison+1","Backflip+1","Sucker Punch+1","A Thousand Cuts+1","Escape Plan+1","Deflect+1","Bite+1","Bite+1","Bite+1","Bite+1","Leg Sweep+1","Poisoned Stab+1","Bane+1","Dodge and Roll+1","PiercingWail+1","Sucker Punch+1","Trip","Heel Hook+1"],"special_seed":17964,"relics":["Ring of the Serpent","Pen Nib","Bronze Scales","Smiling Mask","Black Star","Happy Flower","Dream Catcher","Gremlin Horn","Strawberry","Centennial Puzzle","Juzu Bracelet","War Paint","Red Mask","Mark of the Bloom","Molten Egg 2","Bag of Marbles","Anchor","Torii","Potion Belt","Calipers"],"potions_floor_usage":[7,18,41,50,50],"damage_taken":[{"damage":0,"enemies":"Small Slimes","floor":1,"turns":5},{"damage":0,"enemies":"Cultist","floor":3,"turns":3},{"damage":0,"enemies":"2 Louse","floor":4,"turns":4},{"damage":7,"enemies":"Looter","floor":7,"turns":2},{"damage":6,"enemies":"Lagavulin","floor":8,"turns":6},{"damage":38,"enemies":"Gremlin Nob","floor":10,"turns":5},{"damage":0,"enemies":"3 Louse","floor":11,"turns":4},{"damage":0,"enemies":"Exordium Thugs","floor":14,"turns":4},{"damage":14,"enemies":"The Guardian","floor":16,"turns":9},{"damage":12,"enemies":"Spheric Guardian","floor":18,"turns":4},{"damage":8,"enemies":"2 Thieves","floor":21,"turns":5},{"damage":48,"enemies":"Book of Stabbing","floor":23,"turns":6},{"damage":51,"enemies":"Slavers","floor":27,"turns":6},{"damage":59,"enemies":"Automaton","floor":33,"turns":10},{"damage":4,"enemies":"Orb Walker","floor":35,"turns":4},{"damage":18,"enemies":"Giant Head","floor":41,"turns":9},{"damage":5,"enemies":"Reptomancer","floor":45,"turns":5},{"damage":0,"enemies":"3 Darklings","floor":46,"turns":3},{"damage":7,"enemies":"2 Orb Walkers","floor":48,"turns":5},{"damage":29,"enemies":"Time Eater","floor":50,"turns":8}],"seed_played":"-1382854420231312037","potions_obtained":[{"floor":1,"key":"SteroidPotion"},{"floor":4,"key":"AttackPotion"},{"floor":7,"key":"SteroidPotion"},{"floor":11,"key":"LiquidBronze"},{"floor":16,"key":"Swift Potion"},{"floor":18,"key":"LiquidBronze"},{"floor":33,"key":"EssenceOfSteel"},{"floor":41,"key":"Swift Potion"},{"floor":45,"key":"SkillPotion"}],"is_trial":false,"path_per_floor":["M","?","M","M","$","R","M","E","T","E","M","$","R","M","R","B",null,"M","$","?","M","?","E","?","R","T","E","T","?","R","T","R","B",null,"M","?","$","?","?","R","E","$","T","$","E","M","?","?","R","B"],"character_chosen":"THE_SILENT","items_purchased":["Poisoned Stab","Finesse","Backflip","Blood Vial"],"campfire_rested":4,"item_purchase_floors":[5,5,12,19],"current_hp_per_floor":[70,63,63,63,63,63,56,50,50,12,12,12,65,65,65,51,65,53,53,53,47,47,1,1,60,60,24,24,8,62,62,62,15,62,60,60,60,60,60,57,39,39,39,39,34,34,34,27,27,0],"gold":106,"neow_bonus":"","is_prod":false,"is_daily":true,"chose_seed":false,"campfire_upgraded":4,"win_rate":0,"timestamp":1552128450,"path_taken":["M","?","?","?","$","R","?","E","T","E","M","$","R","M","R","BOSS","M","$","?","M","?","E","?","R","T","E","?","?","R","?","R","BOSS","M","?","$","?","?","R","E","$","T","?","E","M","?","?","R","BOSS"],"build_version":"2019-01-23","purchased_purges":3,"victory":false,"max_hp_per_floor":[70,70,70,70,70,70,70,70,70,70,70,70,65,65,65,65,65,65,65,65,65,65,65,65,60,60,67,67,67,62,62,62,62,62,62,62,62,62,62,57,57,57,57,57,57,57,57,57,57,57],"card_choices":[{"not_picked":["Infinite Blades","Skewer"],"picked":"Noxious Fumes","floor":1},{"not_picked":["Endless Agony","Deadly Poison"],"picked":"Noxious Fumes","floor":3},{"not_picked":["Dodge and Roll","Tactician","All Out Attack"],"picked":"SKIP","floor":4},{"not_picked":["Quick Slash","Glass Knife","Terror"],"picked":"SKIP","floor":7},{"not_picked":["Choke","Slice"],"picked":"Deadly Poison","floor":8},{"not_picked":["Expertise","Riddle With Holes","Dagger Spray"],"picked":"SKIP","floor":10},{"not_picked":["Choke","Dagger Throw","Outmaneuver"],"picked":"SKIP","floor":11},{"not_picked":["Acrobatics","Terror"],"picked":"Sucker Punch","floor":14},{"not_picked":["Storm of Steel","Wraith Form v2"],"picked":"A Thousand Cuts","floor":16},{"not_picked":["Setup+1","Dagger Spray"],"picked":"Escape Plan+1","floor":18},{"not_picked":["Acrobatics","Tactician","Underhanded Strike+1"],"picked":"SKIP","floor":21},{"not_picked":["Outmaneuver","Flechettes"],"picked":"Deflect+1","floor":23},{"not_picked":["Cloak And Dagger","Well Laid Plans"],"picked":"Leg Sweep","floor":27},{"not_picked":["Cloak And Dagger","Concentrate+1"],"picked":"Poisoned Stab","floor":30},{"not_picked":["Acrobatics","Flying Knee+1"],"picked":"Bane","floor":35},{"not_picked":["Dagger Throw+1","Slice"],"picked":"Dodge and Roll+1","floor":41},{"not_picked":["Sucker Punch+1","Dagger Spray+1"],"picked":"PiercingWail","floor":45},{"not_picked":["Flying Knee+1","Dagger Throw+1"],"picked":"Sucker Punch+1","floor":46},{"not_picked":["Sucker Punch+1","Riddle With Holes+1"],"picked":"Heel Hook+1","floor":48}],"player_experience":262025,"relics_obtained":[{"floor":8,"key":"Pen Nib"},{"floor":9,"key":"Bronze Scales"},{"floor":10,"key":"Smiling Mask"},{"floor":23,"key":"Happy Flower"},{"floor":23,"key":"Dream Catcher"},{"floor":26,"key":"Gremlin Horn"},{"floor":27,"key":"Strawberry"},{"floor":27,"key":"Centennial Puzzle"},{"floor":28,"key":"Juzu Bracelet"},{"floor":31,"key":"War Paint"},{"floor":41,"key":"Molten Egg 2"},{"floor":41,"key":"Bag of Marbles"},{"floor":43,"key":"Anchor"},{"floor":45,"key":"Torii"},{"floor":45,"key":"Potion Belt"},{"floor":48,"key":"Calipers"}],"event_choices":[{"damage_healed":0,"gold_gain":75,"player_choice":"Touch","damage_taken":7,"max_hp_gain":0,"max_hp_loss":0,"event_name":"FaceTrader","floor":2,"gold_loss":0},{"damage_healed":0,"gold_gain":0,"player_choice":"Ignored","damage_taken":0,"max_hp_gain":0,"max_hp_loss":0,"event_name":"Ghosts","floor":20,"gold_loss":0},{"damage_healed":0,"gold_gain":0,"player_choice":"Paid Fearfully","damage_taken":0,"max_hp_gain":0,"max_hp_loss":0,"event_name":"Masked Bandits","floor":22,"gold_loss":21},{"damage_healed":0,"gold_gain":0,"player_choice":"Became a vampire (Vial)","damage_taken":0,"max_hp_gain":0,"max_hp_loss":0,"event_name":"Vampires","floor":24,"relics_lost":["Blood Vial"],"gold_loss":0,"cards_obtained":["Bite","Bite","Bite","Bite","Bite"]},{"damage_healed":0,"gold_gain":0,"player_choice":"Obtained Book","damage_taken":16,"max_hp_gain":0,"max_hp_loss":0,"event_name":"Cursed Tome","floor":29,"gold_loss":0},{"damage_healed":0,"gold_gain":0,"player_choice":"Memory 1","damage_taken":0,"max_hp_gain":0,"max_hp_loss":0,"event_name":"SensoryStone","floor":36,"gold_loss":0},{"damage_healed":0,"gold_gain":0,"player_choice":"Paid","damage_taken":0,"relics_obtained":["Red Mask"],"max_hp_gain":0,"max_hp_loss":0,"event_name":"Tomb of Lord Red Mask","floor":38,"gold_loss":175},{"damage_healed":0,"gold_gain":0,"player_choice":"Upgrade","damage_taken":0,"relics_obtained":["Mark of the Bloom"],"max_hp_gain":0,"max_hp_loss":0,"event_name":"MindBloom","floor":39,"gold_loss":0,"cards_upgraded":["Defend_G","Defend_G","Survivor","Neutralize","Metamorphosis","Finesse","Dark Shackles","Mayhem","Noxious Fumes","Poisoned Stab","Finesse","Deadly Poison","Backflip","Sucker Punch","A Thousand Cuts","Bite","Bite","Bite","Bite","Bite","Poisoned Stab","Bane"]},{"damage_healed":0,"gold_gain":0,"cards_transformed":["Bite"],"player_choice":"Transformed","damage_taken":0,"max_hp_gain":0,"max_hp_loss":0,"event_name":"Transmorgrifier","floor":47,"gold_loss":0,"cards_obtained":["Trip"]},{"damage_healed":0,"gold_gain":0,"player_choice":"Fight","damage_taken":0,"max_hp_gain":0,"max_hp_loss":0,"event_name":"Mysterious Sphere","floor":48,"gold_loss":0}],"is_beta":false,"boss_relics":[{"not_picked":["Orrery","Runic Dome"],"picked":"Black Star"},{"not_picked":["Velvet Choker","Calling Bell"],"picked":"Ring of the Serpent"}],"items_purged_floors":[5,12,37],"is_endless":false,"potions_floor_spawned":[1,4,7,11,16,18,33,41,45],"killed_by":"Time Eater","ascension_level":0}