{"gold_per_floor":[117,53,53,53,73,73,102,102,173,207,207,207,222,277,277,349,349,369,22,46,46,58,89,89,103,103,103],"floor_reached":27,"playtime":1058,"items_purged":[],"score":507,"play_id":"b4778d34-2381-4e53-968e-de6548b50e8e","local_time":"20190615125221","is_ascension_mode":true,"campfire_choices":[{"data":"Dualcast","floor":6.0,"key":"SMITH"},{"floor":8.0,"key":"REST"},{"floor":12.0,"key":"REST"},{"data":"Hologram","floor":15,"key":"SMITH"},{"floor":24,"key":"REST"}],"neow_cost":"NONE","seed_source_timestamp":205176367270089,"circlet_count":0,"master_deck":["AscendersBane","Strike_B","Strike_B","Defend_B+1","Defend_B+1","Zap","Dualcast+1","FTL","Cold Snap","Hologram+1","Cold Snap","Rainbow","Stack+1","Capacitor+1","Rebound+1","Gash","Go for the Eyes"],"special_seed":0,"relics":["Cracked Core","Pear","Meat on the Bone","War Paint","Oddly Smooth Stone","Tiny Chest","Astrolabe","WingedGreaves","Strawberry","Shuriken","Mummified Hand"],"potions_floor_usage":[16,16,16,23,27,27],"damage_taken":[{"damage":2.0,"enemies":"Cultist","floor":1.0,"turns":4.0},{"damage":2.0,"enemies":"2 Louse","floor":5.0,"turns":3.0},{"damage":43.0,"enemies":"Lagavulin","floor":7.0,"turns":8.0},{"damage":52.0,"enemies":"Gremlin Nob","floor":10.0,"turns":5.0},{"damage":0.0,"enemies":"Jaw Worm","floor":13.0,"turns":4.0},{"damage":18,"enemies":"3 Sentries","floor":14,"turns":8},{"damage":22,"enemies":"The Guardian","floor":16,"turns":13},{"damage":29,"enemies":"2 Thieves","floor":18,"turns":4},{"damage":18,"enemies":"Chosen","floor":22,"turns":4},{"damage":38,"enemies":"Book of Stabbing","floor":23,"turns":6},{"damage":12,"enemies":"Centurion and Healer","floor":25,"turns":7},{"damage":71,"enemies":"Slavers","floor":27,"turns":4}],"seed_played":"-680767626009380345","potions_obtained":[{"floor":7.0,"key":"LiquidBronze"},{"floor":14,"key":"EntropicBrew"},{"floor":16,"key":"SkillPotion"},{"floor":25,"key":"Regen Potion"}],"is_trial":false,"path_per_floor":["M","?","?","$","M","R","E","R","T","E","T","R","M","E","R","B",null,"M","$","T","$","M","E","R","M","T","E"],"character_chosen":"DEFECT","items_purchased":["WingedGreaves"],"campfire_rested":3,"item_purchase_floors":[19],"current_hp_per_floor":[62,62,67,67,65,65,32,57,57,17,17,42,54,48,48,38,74,45,45,52,52,46,20,47,47,47,0],"gold":103,"neow_bonus":"REMOVE_CARD","is_prod":false,"is_daily":false,"chose_seed":false,"campfire_upgraded":2,"win_rate":0,"timestamp":1560574341,"path_taken":["M","?","?","$","M","R","E","R","T","E","?","R","?","E","R","BOSS","M","$","?","?","M","E","R","M","T","E"],"build_version":"2019-01-23","purchased_purges":0,"victory":false,"max_hp_per_floor":[71,71,76,76,76,76,86,86,86,86,86,86,86,86,86,86,86,86,86,93,93,93,93,93,93,93,93],"card_choices":[{"not_picked":["Streamline","Go for the Eyes"],"picked":"FTL","floor":1.0},{"not_picked":["Ball Lightning","Conserve Battery"],"picked":"Cold Snap","floor":5.0},{"not_picked":["Steam Power","Reprogram"],"picked":"Hologram","floor":7.0},{"not_picked":["Lockon","Steam"],"picked":"Cold Snap","floor":10.0},{"not_picked":["Chaos","Beam Cell","Rebound"],"picked":"SKIP","floor":13.0},{"not_picked":["Lockon","Redo","Barrage"],"picked":"SKIP","floor":14},{"not_picked":["Meteor Strike","Fission"],"picked":"Rainbow","floor":16},{"not_picked":["Rebound","Conserve Battery","BootSequence"],"picked":"SKIP","floor":18},{"not_picked":["Rip and Tear","Barrage"],"picked":"Gash","floor":22},{"not_picked":["Leap","Stack","Tempest"],"picked":"SKIP","floor":23},{"not_picked":["Aggregate","Conserve Battery+1"],"picked":"Go for the Eyes","floor":25}],"player_experience":692409,"relics_obtained":[{"floor":7.0,"key":"Pear"},{"floor":9.0,"key":"Meat on the Bone"},{"floor":10.0,"key":"War Paint"},{"floor":11.0,"key":"Oddly Smooth Stone"},{"floor":14,"key":"Tiny Chest"},{"floor":20,"key":"Strawberry"},{"floor":23,"key":"Shuriken"},{"floor":26,"key":"Mummified Hand"}],"event_choices":[{"damage_healed":0.0,"max_hp_gain":0.0,"max_hp_loss":0.0,"gold_gain":0.0,"event_name":"World of Goop","player_choice":"Left Gold","floor":2.0,"gold_loss":64.0,"damage_taken":0.0},{"damage_healed":0.0,"max_hp_gain":5.0,"max_hp_loss":0.0,"gold_gain":0.0,"event_name":"Big Fish","player_choice":"Donut","floor":3.0,"gold_loss":0.0,"damage_taken":0.0}],"is_beta":false,"boss_relics":[{"not_picked":["Runic Pyramid","Nuclear Battery"],"picked":"Astrolabe"}],"items_purged_floors":[],"is_endless":false,"potions_floor_spawned":[7,14,16,22,25],"killed_by":"Slavers","ascension_level":19}