{"gold_per_floor":[109,109,109,125,13,44,61,61,142,142,142,177,177,147,147,221,221,238,257,272,282,294,319,319,346,370,370,19,19,38,72,72,149,149,159,259,86,86,100,132,132,132,432,432,129,163,163,197,197,197],"floor_reached":51,"playtime":2543,"items_purged":["Defend_G+1","Strike_G+1"],"score":1757,"play_id":"64b2dace-6d5f-4feb-9120-f0a3f94c4af0","local_time":"20190608233902","is_ascension_mode":true,"campfire_choices":[{"floor":8.0,"key":"REST"},{"data":"Footwork","floor":10.0,"key":"SMITH"},{"data":"A Thousand Cuts","floor":15.0,"key":"SMITH"},{"data":"Dash","floor":24.0,"key":"SMITH"},{"data":"Noxious Fumes","floor":29.0,"key":"SMITH"},{"floor":32.0,"key":"REST"},{"data":"Dash","floor":41.0,"key":"SMITH"},{"data":"Predator","floor":44.0,"key":"SMITH"},{"data":"Leg Sweep","floor":47.0,"key":"SMITH"},{"data":"Bouncing Flask","floor":49,"key":"SMITH"}],"neow_cost":"NONE","seed_source_timestamp":607504442553214,"circlet_count":0,"master_deck":["AscendersBane","Defend_G+1","Defend_G+1","Defend_G+1","Strike_G+1","Strike_G+1","Strike_G+1","Survivor+1","Neutralize","Deadly Poison+1","Dash","Footwork+1","Dagger Spray","A Thousand Cuts+1","Well Laid Plans","Blade Dance","After Image","PiercingWail","Predator+1","Flechettes","Dash+1","Dash+1","Predator","Noxious Fumes+1","Corpse Explosion","Riddle With Holes","Adrenaline","A Thousand Cuts+1","Leg Sweep+1","Bouncing Flask+1"],"special_seed":0,"relics":["Ring of the Snake","Orichalcum","Mummified Hand","Shuriken","Snecko Eye","War Paint","Pear","Bag of Preparation","Membership Card","Vajra","Gremlin Horn","HoveringKite","WingedGreaves","Ornamental Fan","Lantern","Old Coin","Ice Cream","Bronze Scales","Blue Candle"],"potions_floor_usage":[50,50],"damage_taken":[{"damage":0.0,"enemies":"Jaw Worm","floor":1.0,"turns":6.0},{"damage":0.0,"enemies":"2 Louse","floor":4.0,"turns":4.0},{"damage":46.0,"enemies":"Lagavulin","floor":6.0,"turns":9.0},{"damage":0.0,"enemies":"Cultist","floor":7.0,"turns":4.0},{"damage":10.0,"enemies":"Gremlin Nob","floor":12.0,"turns":5.0},{"damage":14.0,"enemies":"The Guardian","floor":16.0,"turns":15.0},{"damage":1.0,"enemies":"2 Thieves","floor":18.0,"turns":3.0},{"damage":0.0,"enemies":"Chosen","floor":19.0,"turns":7.0},{"damage":8.0,"enemies":"Snecko","floor":20.0,"turns":4.0},{"damage":21.0,"enemies":"Snake Plant","floor":21.0,"turns":5.0},{"damage":4.0,"enemies":"Cultist and Chosen","floor":22.0,"turns":7.0},{"damage":0.0,"enemies":"Gremlin Leader","floor":23.0,"turns":6.0},{"damage":0.0,"enemies":"Book of Stabbing","floor":25.0,"turns":4.0},{"damage":0.0,"enemies":"Snecko","floor":30.0,"turns":3.0},{"damage":34.0,"enemies":"Slavers","floor":31.0,"turns":6.0},{"damage":40.0,"enemies":"Champ","floor":33.0,"turns":8.0},{"damage":0.0,"enemies":"Orb Walker","floor":35.0,"turns":3.0},{"damage":0.0,"enemies":"Mind Bloom Boss Battle","floor":36.0,"turns":7.0},{"damage":0.0,"enemies":"3 Shapes","floor":39.0,"turns":2.0},{"damage":9.0,"enemies":"Giant Head","floor":40.0,"turns":6.0},{"damage":0.0,"enemies":"Reptomancer","floor":46.0,"turns":5.0},{"damage":0,"enemies":"Giant Head","floor":48,"turns":6},{"damage":12,"enemies":"Donu and Deca","floor":50,"turns":4}],"seed_played":"4129802369407136549","potions_obtained":[{"floor":4.0,"key":"Ancient Potion"},{"floor":6.0,"key":"Weak Potion"},{"floor":14.0,"key":"EntropicBrew"},{"floor":14.0,"key":"Dexterity Potion"},{"floor":18.0,"key":"Regen Potion"},{"floor":19.0,"key":"AttackPotion"},{"floor":22.0,"key":"PowerPotion"},{"floor":25.0,"key":"Regen Potion"},{"floor":31.0,"key":"SneckoOil"},{"floor":35.0,"key":"Block Potion"},{"floor":40.0,"key":"Strength Potion"}],"is_trial":false,"path_per_floor":["M","?","?","M","$","E","M","R","T","R","?","E","?","?","R","B",null,"M","M","M","M","M","E","R","E","T","?","$","R","M","E","R","B",null,"M","?","$","?","M","E","R","?","T","R","$","E","R","E","R","B",null],"character_chosen":"THE_SILENT","items_purchased":["Footwork","Dagger Spray","Membership Card","Vajra","Noxious Fumes","Ornamental Fan","Ice Cream","Leg Sweep","Regen Potion"],"campfire_rested":2,"item_purchase_floors":[5,5,28,28,28,37,45,45,45],"current_hp_per_floor":[65,70,70,70,70,24,24,47,47,47,47,37,37,37,37,23,64,63,77,69,48,44,44,44,54,54,54,54,54,54,35,61,21,71,71,71,71,71,71,62,62,62,62,62,62,62,62,62,62,62],"gold":197,"neow_bonus":"TEN_PERCENT_HP_BONUS","is_prod":false,"is_daily":false,"chose_seed":false,"campfire_upgraded":8,"win_rate":0,"timestamp":1560008342,"path_taken":["M","?","?","?","?","E","M","R","T","R","?","E","?","?","R","BOSS","M","M","M","?","M","E","R","E","T","?","$","R","M","E","R","BOSS","M","?","$","?","?","E","R","?","T","R","$","E","R","E","R","BOSS"],"build_version":"2019-01-23","purchased_purges":2,"victory":true,"max_hp_per_floor":[72,77,77,77,77,77,77,77,77,77,77,77,77,77,77,77,77,77,77,77,77,77,77,77,87,87,87,87,87,87,87,87,87,87,87,87,87,87,87,87,87,87,87,87,87,87,87,87,87,87],"card_choices":[{"not_picked":["Dagger Throw","Concentrate"],"picked":"Deadly Poison","floor":1.0},{"not_picked":["PiercingWail","Underhanded Strike"],"picked":"Dash","floor":4.0},{"not_picked":["Tactician","Deflect"],"picked":"A Thousand Cuts","floor":6.0},{"not_picked":["Poisoned Stab","Expertise"],"picked":"Well Laid Plans","floor":7.0},{"not_picked":["Bane","Skewer"],"picked":"Blade Dance","floor":12.0},{"not_picked":["A Thousand Cuts","Malaise"],"picked":"After Image","floor":16.0},{"not_picked":["Deflect","Bane"],"picked":"PiercingWail","floor":18.0},{"not_picked":["Flying Knee","Cloak And Dagger"],"picked":"Predator","floor":19.0},{"not_picked":["Bane","Dodge and Roll","Sucker Punch"],"picked":"SKIP","floor":20.0},{"not_picked":["Deflect+1","Reflex"],"picked":"Flechettes","floor":21.0},{"not_picked":["Slice","Dagger Throw+1"],"picked":"Dash","floor":22.0},{"not_picked":["Expertise","Distraction"],"picked":"Dash","floor":23.0},{"not_picked":["Endless Agony+1","Venomology"],"picked":"Predator","floor":25.0},{"not_picked":["Deadly Poison+1","Blur","Dodge and Roll+1"],"picked":"SKIP","floor":30.0},{"not_picked":["Prepared","Escape Plan+1","Cloak And Dagger"],"picked":"SKIP","floor":31.0},{"not_picked":["After Image","Adrenaline"],"picked":"Corpse Explosion","floor":33.0},{"not_picked":["Sucker Punch+1","Accuracy","Calculated Gamble"],"picked":"SKIP","floor":35.0},{"not_picked":["Setup","Prepared"],"picked":"Riddle With Holes","floor":36.0},{"not_picked":["Quick Slash+1","Prepared","Cloak And Dagger+1"],"picked":"SKIP","floor":39.0},{"not_picked":["Deadly Poison","PiercingWail","Flying Knee"],"picked":"SKIP","floor":40.0},{"not_picked":["Sucker Punch","Concentrate","Deadly Poison"],"picked":"SKIP","floor":46.0},{"not_picked":["Heel Hook+1","Cloak And Dagger"],"picked":"Bouncing Flask","floor":48}],"player_experience":653954,"relics_obtained":[{"floor":6.0,"key":"Orichalcum"},{"floor":9.0,"key":"Mummified Hand"},{"floor":12.0,"key":"Shuriken"},{"floor":23.0,"key":"War Paint"},{"floor":25.0,"key":"Pear"},{"floor":26.0,"key":"Bag of Preparation"},{"floor":31.0,"key":"Gremlin Horn"},{"floor":36.0,"key":"WingedGreaves"},{"floor":40.0,"key":"Lantern"},{"floor":43.0,"key":"Old Coin"},{"floor":46.0,"key":"Bronze Scales"},{"floor":48,"key":"Blue Candle"}],"event_choices":[{"damage_healed":0.0,"max_hp_gain":5.0,"max_hp_loss":0.0,"gold_gain":0.0,"event_name":"Big Fish","player_choice":"Donut","floor":2.0,"gold_loss":0.0,"damage_taken":0.0},{"cards_removed":["Strike_G"],"damage_healed":0.0,"max_hp_gain":0.0,"max_hp_loss":0.0,"gold_gain":0.0,"event_name":"Purifier","player_choice":"Purged","floor":3.0,"gold_loss":0.0,"damage_taken":0.0},{"damage_healed":0.0,"max_hp_gain":0.0,"max_hp_loss":0.0,"gold_gain":0.0,"event_name":"Golden Idol","player_choice":"Ignored","floor":11.0,"gold_loss":0.0,"damage_taken":0.0},{"damage_healed":0.0,"max_hp_gain":0.0,"max_hp_loss":0.0,"gold_gain":0.0,"event_name":"Liars Game","player_choice":"Ignored","floor":13.0,"gold_loss":0.0,"damage_taken":0.0},{"damage_healed":0.0,"max_hp_gain":0.0,"max_hp_loss":0.0,"gold_gain":0.0,"event_name":"The Woman in Blue","player_choice":"Bought 2 Potions","floor":14.0,"gold_loss":0.0,"damage_taken":0.0},{"damage_healed":0.0,"max_hp_gain":0.0,"max_hp_loss":0.0,"gold_gain":0.0,"event_name":"Back to Basics","player_choice":"Simplicity","floor":27.0,"gold_loss":0.0,"damage_taken":0.0,"cards_upgraded":["Defend_G","Defend_G","Defend_G","Defend_G","Defend_G","Strike_G","Strike_G","Strike_G","Strike_G"]},{"damage_healed":0.0,"max_hp_gain":0.0,"max_hp_loss":0.0,"gold_gain":0.0,"event_name":"MindBloom","player_choice":"Fight","floor":36.0,"gold_loss":0.0,"damage_taken":0.0},{"damage_healed":0.0,"max_hp_gain":0.0,"max_hp_loss":0.0,"gold_gain":0.0,"cards_transformed":["Defend_G"],"event_name":"Transmorgrifier","player_choice":"Transformed","floor":38.0,"gold_loss":0.0,"damage_taken":0.0,"cards_obtained":["Adrenaline"]},{"damage_healed":0.0,"max_hp_gain":0.0,"max_hp_loss":0.0,"gold_gain":0.0,"event_name":"Duplicator","player_choice":"Copied","floor":42.0,"gold_loss":0.0,"damage_taken":0.0,"cards_obtained":["A Thousand Cuts"]}],"is_beta":false,"boss_relics":[{"not_picked":["Coffee Dripper","Calling Bell"],"picked":"Snecko Eye"},{"not_picked":["Runic Pyramid","Astrolabe"],"picked":"HoveringKite"}],"items_purged_floors":[37,45],"is_endless":false,"potions_floor_spawned":[4,6,18,19,22,25,31,35,40,46,48],"ascension_level":18}