{"gold_per_floor":[359,8,18,32,207,207,225,225,225,235,36,36,36,62,62,141,141,154,54,65,84,104,134,134,164,164,164,181,181,181],"floor_reached":30,"playtime":1286,"items_purged":["Defend_R","Strike_R"],"score":459,"play_id":"6823a714-40f6-4f4e-a049-5b3483618291","local_time":"20190429141432","is_ascension_mode":true,"campfire_choices":[{"data":"Spot Weakness","floor":6,"key":"SMITH"},{"data":"Bash","floor":8,"key":"SMITH"},{"data":"Mayhem","floor":12,"key":"SMITH"},{"data":"Disarm","floor":15,"key":"SMITH"},{"data":"Disarm","floor":24,"key":"SMITH"},{"floor":29,"key":"REST"}],"neow_cost":"PERCENT_DAMAGE","seed_source_timestamp":444691435286100,"circlet_count":0,"master_deck":["AscendersBane","Strike_R","Strike_R","Strike_R","Strike_R","Defend_R","Defend_R","Defend_R","Bash+1","Ghostly Armor","Spot Weakness+1","Metallicize","Pommel Strike","Panacea","Headbutt","Shrug It Off","Shrug It Off","Mayhem+1","Metallicize","Disarm+1","Offering","Disarm","Disarm+1","Feel No Pain","Pummel","Sword Boomerang","Injury","Necronomicurse"],"relics":["Burning Blood","Oddly Smooth Stone","Darkstone Periapt","Cursed Key","Kunai","Self Forming Clay","Necronomicon"],"potions_floor_usage":[22,28,30],"damage_taken":[{"damage":11,"enemies":"Jaw Worm","floor":1,"turns":7},{"damage":2,"enemies":"Cultist","floor":3,"turns":4},{"damage":0,"enemies":"Small Slimes","floor":4,"turns":4},{"damage":2,"enemies":"Blue Slaver","floor":7,"turns":5},{"damage":7,"enemies":"2 Fungi Beasts","floor":10,"turns":4},{"damage":13,"enemies":"Lagavulin","floor":14,"turns":7},{"damage":36,"enemies":"The Guardian","floor":16,"turns":9},{"damage":2,"enemies":"Spheric Guardian","floor":18,"turns":6},{"damage":26,"enemies":"2 Thieves","floor":20,"turns":4},{"damage":2,"enemies":"Snecko","floor":21,"turns":6},{"damage":8,"enemies":"Shelled Parasite and Fungi","floor":22,"turns":6},{"damage":18,"enemies":"Gremlin Leader","floor":23,"turns":8},{"damage":10,"enemies":"Book of Stabbing","floor":25,"turns":6},{"damage":21,"enemies":"Centurion and Healer","floor":28,"turns":6},{"damage":39,"enemies":"Gremlin Leader","floor":30,"turns":3}],"seed_played":"-1288679804563120538","potions_obtained":[{"floor":1,"key":"LiquidBronze"},{"floor":16,"key":"Energy Potion"},{"floor":25,"key":"Energy Potion"}],"is_trial":false,"path_per_floor":["M","$","M","M","?","R","M","R","T","M","$","R","?","E","R","B",null,"M","$","M","M","M","E","R","E","T","?","M","R","E"],"character_chosen":"IRONCLAD","items_purchased":["Spot Weakness","Metallicize","Pommel Strike","Panacea","Mayhem","Metallicize"],"campfire_rested":1,"item_purchase_floors":[2,2,2,2,11,11],"current_hp_per_floor":[45,45,49,55,55,55,59,59,59,58,58,58,58,51,51,21,62,66,66,46,50,48,36,36,32,38,28,13,39,0],"gold":181,"neow_bonus":"TWO_FIFTY_GOLD","is_prod":false,"is_daily":false,"chose_seed":false,"campfire_upgraded":5,"win_rate":0,"timestamp":1556561672,"path_taken":["M","$","M","M","?","R","M","R","T","M","$","R","?","E","R","BOSS","M","$","M","M","M","E","R","E","T","?","M","R","E"],"build_version":"2019-01-23","purchased_purges":2,"victory":false,"max_hp_per_floor":[75,75,75,75,75,75,75,75,75,75,75,75,75,75,75,75,75,75,75,75,75,75,75,75,75,81,87,87,87,87],"card_choices":[{"not_picked":["Entrench","True Grit"],"picked":"Ghostly Armor","floor":1},{"not_picked":["Twin Strike","Bloodletting"],"picked":"Headbutt","floor":3},{"not_picked":["Ghostly Armor","Rampage"],"picked":"Shrug It Off","floor":4},{"not_picked":["Perfected Strike","Blood for Blood","Body Slam"],"picked":"SKIP","floor":7},{"not_picked":["Blood for Blood","Clothesline"],"picked":"Shrug It Off","floor":10},{"not_picked":["Clothesline","Inflame"],"picked":"Disarm","floor":14},{"not_picked":["Double Tap","Feed"],"picked":"Offering","floor":16},{"not_picked":["Ghostly Armor+1","Body Slam"],"picked":"Disarm","floor":18},{"not_picked":["Twin Strike","Seeing Red"],"picked":"Disarm","floor":20},{"not_picked":["Pommel Strike","Evolve"],"picked":"Feel No Pain","floor":21},{"not_picked":["Headbutt","Pommel Strike"],"picked":"Pummel","floor":22},{"not_picked":["Twin Strike","Rampage","Combust"],"picked":"SKIP","floor":23},{"not_picked":["True Grit","Impervious"],"picked":"Sword Boomerang","floor":25},{"not_picked":["Pummel","Iron Wave","Dual Wield"],"picked":"SKIP","floor":28}],"player_experience":406607,"relics_obtained":[{"floor":9,"key":"Oddly Smooth Stone"},{"floor":14,"key":"Darkstone Periapt"},{"floor":23,"key":"Kunai"},{"floor":25,"key":"Self Forming Clay"},{"floor":27,"key":"Necronomicon"}],"event_choices":[{"damage_healed":0,"gold_gain":175,"player_choice":"AGREE","damage_taken":0,"max_hp_gain":0,"max_hp_loss":0,"event_name":"Liars Game","floor":5,"gold_loss":0,"cards_obtained":["Doubt"]},{"cards_removed":["Doubt"],"damage_healed":0,"gold_gain":0,"player_choice":"Forget","damage_taken":0,"max_hp_gain":0,"max_hp_loss":0,"event_name":"Living Wall","floor":13,"gold_loss":0},{"damage_healed":0,"gold_gain":0,"player_choice":"Obtained Book","damage_taken":16,"max_hp_gain":0,"max_hp_loss":0,"event_name":"Cursed Tome","floor":27,"gold_loss":0}],"is_beta":false,"boss_relics":[{"not_picked":["Lizard Tail","Busted Crown"],"picked":"Cursed Key"}],"items_purged_floors":[2,19],"is_endless":false,"potions_floor_spawned":[1,16,21,25],"killed_by":"Gremlin Leader","ascension_level":14}