{"gold_per_floor":[109,184,198,198,208,239,239,269,269,269,234,251,42,42,42,42],"floor_reached":16,"playtime":2063,"items_purged":[],"score":108,"play_id":"02d48490-e402-49b7-8337-c3886d7acc39","local_time":"20180718204425","is_ascension_mode":false,"campfire_choices":[{"floor":7,"key":"REST"},{"floor":10,"key":"REST"},{"data":"Brutality","floor":15,"key":"SMITH"}],"neow_cost":"NONE","seed_source_timestamp":127649982211541,"circlet_count":0,"master_deck":["Strike_R","Strike_R","Strike_R","Defend_R","Defend_R","Defend_R","Defend_R","Bash","Warcry","Twin Strike","Brutality+1","Cleave","Reckless Charge","Dual Wield","Regret"],"relics":["Burning Blood","Orichalcum","Matryoshka","Dodecahedron","Boot","Membership Card","Vajra"],"potions_floor_usage":[8,16],"damage_taken":[{"damage":1,"enemies":"2 Louse","floor":1,"turns":3},{"damage":1,"enemies":"Jaw Worm","floor":3,"turns":5},{"damage":5,"enemies":"Cultist","floor":5,"turns":4},{"damage":37,"enemies":"3 Sentries","floor":6,"turns":11},{"damage":44,"enemies":"Lagavulin","floor":8,"turns":9},{"damage":7,"enemies":"3 Louse","floor":12,"turns":2},{"damage":73,"enemies":"The Guardian","floor":16,"turns":13}],"seed_played":"4974829481138428648","potions_obtained":[{"floor":3,"key":"GamblersBrew"},{"floor":6,"key":"Poison Potion"}],"is_trial":false,"path_per_floor":["M","?","M","?","M","E","R","E","T","R","?","M","$","?","R"],"character_chosen":"IRONCLAD","items_purchased":["Membership Card"],"campfire_rested":2,"item_purchase_floors":[13],"current_hp_per_floor":[80,69,74,74,75,44,68,30,30,54,74,73,73,73,73,0],"gold":42,"neow_bonus":"REMOVE_CARD","is_prod":false,"is_daily":false,"chose_seed":false,"campfire_upgraded":1,"win_rate":0,"timestamp":1531961065,"path_taken":["M","?","?","?","M","E","R","E","T","R","?","?","$","?","R","BOSS"],"build_version":"2018-07-12","purchased_purges":0,"victory":false,"max_hp_per_floor":[80,80,80,80,80,80,80,80,80,80,80,80,80,80,80,80],"card_choices":[{"not_picked":["Flex","Thunderclap"],"picked":"Warcry","floor":1},{"not_picked":["Sentinel","Body Slam"],"picked":"Twin Strike","floor":3},{"not_picked":["Power Through","Body Slam"],"picked":"Brutality","floor":5},{"not_picked":["Heavy Blade","Thunderclap"],"picked":"Cleave","floor":6},{"not_picked":["Perfected Strike","Second Wind"],"picked":"Reckless Charge","floor":8},{"not_picked":["Sentinel","True Grit"],"picked":"Dual Wield","floor":12}],"player_experience":147447,"relics_obtained":[{"floor":6,"key":"Orichalcum"},{"floor":8,"key":"Matryoshka"},{"floor":9,"key":"Dodecahedron"},{"floor":9,"key":"Boot"}],"event_choices":[{"event_name":"World of Goop","player_choice":"Gather Gold","floor":2,"damage_taken":0},{"event_name":"Wheel of Change","player_choice":"Card Removal","floor":4,"damage_taken":0},{"event_name":"The Cleric","player_choice":"Healed","floor":11,"damage_taken":0},{"event_name":"Big Fish","player_choice":"Box","floor":14,"damage_taken":0}],"boss_relics":[],"items_purged_floors":[],"is_endless":false,"potions_floor_spawned":[3,6],"killed_by":"The Guardian","ascension_level":0}