{"gold_per_floor":[117,18,18,29,39,49,49,79,79,26,26,56,56,74,74,151,151,170,0,0],"floor_reached":20,"playtime":824,"items_purged":[],"score":334,"play_id":"dd47796a-6317-4c00-8ec7-28ba7f4d8dd6","local_time":"20190429055601","is_ascension_mode":true,"campfire_choices":[{"data":"Immolate","floor":7,"key":"SMITH"},{"floor":11,"key":"REST"},{"data":"True Grit","floor":13,"key":"SMITH"},{"data":"Dark Embrace","floor":15,"key":"SMITH"}],"neow_cost":"NONE","seed_source_timestamp":415222196642500,"circlet_count":0,"master_deck":["AscendersBane","Bash","Dark Embrace+1","Clothesline","Metallicize","Headbutt","Bash","Warcry","Warcry","Immolate+1","Armaments","True Grit+1","Warcry","Seeing Red","Juggernaut","Warcry","Twin Strike","Battle Trance","Clash","Fire Breathing","Burning Pact","Exhume","Searing Blow","Barricade","Warcry"],"relics":["Burning Blood","Centennial Puzzle","Bottled Flame","Ornamental Fan","Pandora\u0027s Box"],"potions_floor_usage":[16,16],"damage_taken":[{"damage":11,"enemies":"Small Slimes","floor":1,"turns":5},{"damage":1,"enemies":"Cultist","floor":4,"turns":3},{"damage":14,"enemies":"2 Louse","floor":5,"turns":3},{"damage":10,"enemies":"Looter","floor":6,"turns":3},{"damage":24,"enemies":"Gremlin Nob","floor":8,"turns":5},{"damage":10,"enemies":"3 Sentries","floor":12,"turns":2},{"damage":0,"enemies":"Lots of Slimes","floor":14,"turns":1},{"damage":37,"enemies":"Hexaghost","floor":16,"turns":9},{"damage":12,"enemies":"3 Byrds","floor":18,"turns":4},{"damage":48,"enemies":"Shell Parasite","floor":20,"turns":5}],"seed_played":"-7790484427102507009","potions_obtained":[{"floor":4,"key":"LiquidBronze"},{"floor":12,"key":"Poison Potion"},{"floor":14,"key":"AttackPotion"}],"is_trial":false,"path_per_floor":["M","$","?","M","M","M","R","E","T","$","R","E","R","M","R","B",null,"M","?","M"],"character_chosen":"IRONCLAD","items_purchased":["Metallicize","Headbutt","True Grit"],"campfire_rested":1,"item_purchase_floors":[2,2,10],"current_hp_per_floor":[63,63,63,68,60,56,56,38,38,38,60,56,56,62,62,31,64,58,58,10],"gold":0,"neow_bonus":"ONE_RANDOM_RARE_CARD","is_prod":false,"is_daily":false,"chose_seed":false,"campfire_upgraded":3,"win_rate":0,"timestamp":1556531761,"path_taken":["M","$","?","M","M","?","R","E","T","?","R","E","R","M","R","BOSS","M","?","M"],"build_version":"2019-01-23","purchased_purges":0,"victory":false,"max_hp_per_floor":[75,75,75,75,75,75,75,75,75,75,75,75,75,75,75,75,75,75,75,75],"card_choices":[{"not_picked":["Clash","Headbutt"],"picked":"Clothesline","floor":1},{"not_picked":["Anger","Thunderclap"],"picked":"Warcry","floor":4},{"not_picked":["Sword Boomerang","Searing Blow"],"picked":"Warcry","floor":5},{"not_picked":["Shrug It Off","Entrench"],"picked":"Immolate","floor":6},{"not_picked":["Flex","Thunderclap"],"picked":"Armaments","floor":8},{"not_picked":["Anger","Sword Boomerang"],"picked":"Warcry","floor":12},{"not_picked":["Armaments","Headbutt"],"picked":"Seeing Red","floor":14},{"not_picked":["Fiend Fire","Limit Break"],"picked":"Juggernaut","floor":16},{"not_picked":["Headbutt","Twin Strike"],"picked":"Warcry","floor":18}],"player_experience":404699,"relics_obtained":[{"floor":8,"key":"Centennial Puzzle"},{"floor":9,"key":"Bottled Flame"},{"floor":12,"key":"Ornamental Fan"}],"event_choices":[{"damage_healed":0,"gold_gain":0,"player_choice":"1 cards matched","damage_taken":0,"max_hp_gain":0,"max_hp_loss":0,"event_name":"Match and Keep!","floor":3,"gold_loss":0,"cards_obtained":["Bash"]},{"damage_healed":0,"gold_gain":0,"player_choice":"Paid Fearfully","damage_taken":0,"max_hp_gain":0,"max_hp_loss":0,"event_name":"Masked Bandits","floor":19,"gold_loss":170}],"is_beta":false,"boss_relics":[{"not_picked":["Black Star","Mark of Pain"],"picked":"Pandora\u0027s Box"}],"items_purged_floors":[],"is_endless":false,"potions_floor_spawned":[4,12,14],"killed_by":"Shell Parasite","ascension_level":14}