{"gold_per_floor":[117,127,127,143,68,99,99,114,114,134,162,162,179,210,210,315,315,333,343,343,362,64,90,90,117,117,117,135,163,179,179,179,278,278,289,300,300,320,104,139,155,189,189,189,26,26,26,56,56,56,56,56,17,42,42],"floor_reached":56,"playtime":2582,"items_purged":["Strike_R","Defend_R","Strike_R+1"],"score":1391,"play_id":"629c0a58-3957-45ea-a1e6-4423d548b539","local_time":"20190511212430","is_ascension_mode":true,"campfire_choices":[{"data":"Spot Weakness","floor":7,"key":"SMITH"},{"floor":12,"key":"REST"},{"floor":15,"key":"REST"},{"data":"Shockwave","floor":24,"key":"SMITH"},{"floor":27,"key":"REST"},{"floor":32,"key":"REST"},{"floor":44,"key":"RECALL"},{"data":"Heavy Blade","floor":47,"key":"SMITH"},{"data":"Bash","floor":49,"key":"SMITH"},{"data":"Sword Boomerang","floor":52,"key":"SMITH"}],"neow_cost":"NONE","seed_source_timestamp":152310984408500,"circlet_count":0,"master_deck":["Strike_R+1","Strike_R+1","Defend_R+1","Bash+1","Sword Boomerang","Shockwave+1","Spot Weakness+1","Sword Boomerang","Feel No Pain","Shrug It Off+1","Sword Boomerang+1","Shrug It Off+1","True Grit+1","Limit Break+1","Feel No Pain+1","Bandage Up+1","Flash of Steel","Purity+1","Warcry+1","Reaper","Heavy Blade+1","Sword Boomerang+1","Limit Break+1","Inflame+1","Battle Trance+1","Offering+1","Warcry+1","Sword Boomerang+1"],"relics":["Burning Blood","Toxic Egg 2","The Courier","Omamori","Gambling Chip","Philosopher\u0027s Stone","Lantern","Pen Nib","Bottled Lightning","Singing Bowl","Eternal Feather","Oddly Smooth Stone","Matryoshka","Mummified Hand","Brimstone","Blood Vial","Bag of Preparation"],"potions_floor_usage":[6,13,16,23,33,33,41,55,55,55],"damage_taken":[{"damage":0,"enemies":"Small Slimes","floor":1,"turns":3},{"damage":1,"enemies":"Cultist","floor":2,"turns":3},{"damage":3,"enemies":"Jaw Worm","floor":4,"turns":4},{"damage":26,"enemies":"Lagavulin","floor":6,"turns":6},{"damage":17,"enemies":"Exordium Thugs","floor":8,"turns":3},{"damage":12,"enemies":"Large Slime","floor":10,"turns":6},{"damage":24,"enemies":"Gremlin Nob","floor":11,"turns":4},{"damage":16,"enemies":"Gremlin Gang","floor":13,"turns":3},{"damage":24,"enemies":"3 Sentries","floor":14,"turns":6},{"damage":19,"enemies":"Hexaghost","floor":16,"turns":8},{"damage":7,"enemies":"Chosen","floor":18,"turns":6},{"damage":13,"enemies":"2 Thieves","floor":19,"turns":3},{"damage":7,"enemies":"Snecko","floor":21,"turns":5},{"damage":42,"enemies":"Slavers","floor":23,"turns":4},{"damage":46,"enemies":"Gremlin Leader","floor":25,"turns":4},{"damage":0,"enemies":"Centurion and Healer","floor":28,"turns":4},{"damage":23,"enemies":"Slavers","floor":29,"turns":5},{"damage":7,"enemies":"Snake Plant","floor":30,"turns":2},{"damage":29,"enemies":"Collector","floor":33,"turns":6},{"damage":22,"enemies":"3 Shapes","floor":35,"turns":7},{"damage":24,"enemies":"3 Darklings","floor":36,"turns":5},{"damage":28,"enemies":"Jaw Worm Horde","floor":38,"turns":6},{"damage":8,"enemies":"Nemesis","floor":40,"turns":5},{"damage":35,"enemies":"Sphere and 2 Shapes","floor":41,"turns":4},{"damage":48,"enemies":"Reptomancer","floor":42,"turns":3},{"damage":6,"enemies":"Nemesis","floor":48,"turns":3},{"damage":19,"enemies":"Awakened One","floor":50,"turns":4},{"damage":50,"enemies":"Shield and Spear","floor":54,"turns":3},{"damage":35,"enemies":"The Heart","floor":55,"turns":4}],"seed_played":"2752557914009861158","potions_obtained":[{"floor":4,"key":"GamblersBrew"},{"floor":10,"key":"Block Potion"},{"floor":11,"key":"Swift Potion"},{"floor":13,"key":"GamblersBrew"},{"floor":14,"key":"SmokeBomb"},{"floor":21,"key":"PowerPotion"},{"floor":25,"key":"Swift Potion"},{"floor":29,"key":"Ancient Potion"},{"floor":35,"key":"SteroidPotion"},{"floor":38,"key":"Poison Potion"},{"floor":42,"key":"SpeedPotion"},{"floor":48,"key":"PowerPotion"}],"is_trial":false,"path_per_floor":["M","M","?","M","$","E","R","M","T","M","E","R","M","E","R","B",null,"M","M","?","M","$","E","R","E","T","R","M","E","M","?","R","B",null,"M","M","?","M","$","E","M","E","T","R","$","?","R","E","R","B",null,"R","$","E","B",null],"character_chosen":"IRONCLAD","items_purchased":["Bandage Up+1","Flash of Steel","Purity+1","Oddly Smooth Stone","Brimstone","Warcry+1"],"campfire_rested":4,"item_purchase_floors":[22,22,22,39,45,53],"current_hp_per_floor":[80,80,80,80,80,60,60,49,49,43,25,49,39,21,45,32,80,79,72,72,71,71,41,41,7,7,31,43,32,31,31,55,60,80,72,73,73,72,72,76,88,46,46,61,61,61,76,76,88,88,88,88,88,44,76],"gold":42,"neow_bonus":"THREE_CARDS","is_prod":false,"is_daily":false,"chose_seed":false,"campfire_upgraded":5,"win_rate":0,"timestamp":1557624270,"path_taken":["M","M","?","M","$","E","R","M","T","?","E","R","M","E","R","BOSS","M","?","?","M","?","E","R","E","T","R","M","E","M","?","R","BOSS","M","M","?","?","$","E","M","E","T","R","?","?","R","E","R","BOSS","R","$","E","BOSS"],"build_version":"2019-01-23","purchased_purges":3,"victory":true,"max_hp_per_floor":[80,80,80,80,80,80,80,80,80,80,80,80,80,80,80,80,80,80,80,80,80,80,80,80,80,80,80,80,80,80,80,80,80,80,82,84,84,86,86,86,88,88,88,88,88,88,88,88,88,88,88,88,88,88,88],"card_choices":[{"not_picked":["Warcry","Seeing Red"],"picked":"Sword Boomerang","floor":0},{"not_picked":["Shrug It Off","Dropkick"],"picked":"Shockwave","floor":1},{"not_picked":["Second Wind","Cleave"],"picked":"Spot Weakness","floor":2},{"not_picked":["Feel No Pain","Sentinel"],"picked":"Sword Boomerang","floor":4},{"not_picked":["Havoc","Body Slam"],"picked":"Feel No Pain","floor":6},{"not_picked":["Havoc+1","Intimidate+1"],"picked":"Shrug It Off+1","floor":8},{"not_picked":["Power Through+1","Headbutt","Searing Blow"],"picked":"SKIP","floor":10},{"not_picked":["Rampage","Combust"],"picked":"Sword Boomerang","floor":11},{"not_picked":["Uppercut","Warcry+1"],"picked":"Shrug It Off+1","floor":13},{"not_picked":["Exhume+1","Uppercut"],"picked":"True Grit+1","floor":14},{"not_picked":["Brutality","Barricade"],"picked":"Limit Break+1","floor":16},{"not_picked":["Heavy Blade+1","Body Slam"],"picked":"Feel No Pain+1","floor":18},{"not_picked":["Clash","Armaments+1","Corruption"],"picked":"SKIP","floor":19},{"not_picked":["Dual Wield+1","Armaments+1","Power Through+1"],"picked":"SKIP","floor":21},{"not_picked":["Twin Strike","Fire Breathing","Rampage"],"picked":"SKIP","floor":23},{"not_picked":["Havoc+1","Wild Strike"],"picked":"Warcry+1","floor":25},{"not_picked":["Iron Wave","Wild Strike"],"picked":"Reaper","floor":28},{"not_picked":["Iron Wave+1","Anger"],"picked":"Heavy Blade","floor":29},{"not_picked":["Shrug It Off+1","Thunderclap+1"],"picked":"Sword Boomerang+1","floor":30},{"not_picked":["Exhume+1","Impervious+1"],"picked":"Limit Break+1","floor":33},{"not_picked":["Havoc+1","Warcry+1","Flex+1"],"picked":"Singing Bowl","floor":35},{"not_picked":["Flex+1","Hemokinesis+1","Evolve+1"],"picked":"Singing Bowl","floor":36},{"not_picked":["Feel No Pain","Flame Barrier+1","Warcry+1"],"picked":"Singing Bowl","floor":38},{"not_picked":["Iron Wave","Wild Strike+1"],"picked":"Inflame+1","floor":40},{"not_picked":["Clothesline","Uppercut","Anger+1"],"picked":"Singing Bowl","floor":41},{"not_picked":["Entrench+1","Headbutt"],"picked":"Battle Trance+1","floor":42},{"not_picked":["Rage+1","Twin Strike+1"],"picked":"Offering+1","floor":48},{"not_picked":["Dropkick","Wild Strike"],"picked":"Sword Boomerang+1","floor":54}],"player_experience":437497,"relics_obtained":[{"floor":6,"key":"Toxic Egg 2"},{"floor":9,"key":"The Courier"},{"floor":11,"key":"Omamori"},{"floor":14,"key":"Gambling Chip"},{"floor":23,"key":"Lantern"},{"floor":25,"key":"Pen Nib"},{"floor":26,"key":"Bottled Lightning"},{"floor":29,"key":"Singing Bowl"},{"floor":40,"key":"Matryoshka"},{"floor":42,"key":"Mummified Hand"},{"floor":48,"key":"Blood Vial"},{"floor":54,"key":"Bag of Preparation"}],"event_choices":[{"cards_removed":["Defend_R"],"damage_healed":0,"gold_gain":0,"player_choice":"Offered Basic","damage_taken":0,"max_hp_gain":0,"max_hp_loss":0,"event_name":"Bonfire Elementals","floor":3,"gold_loss":0},{"cards_removed":["Strike_R"],"damage_healed":0,"gold_gain":0,"player_choice":"Card Removal","damage_taken":0,"max_hp_gain":0,"max_hp_loss":0,"event_name":"Wheel of Change","floor":20,"gold_loss":0},{"damage_healed":0,"gold_gain":0,"player_choice":"Simplicity","damage_taken":0,"max_hp_gain":0,"max_hp_loss":0,"event_name":"Back to Basics","floor":31,"gold_loss":0,"cards_upgraded":["Strike_R","Strike_R","Strike_R","Defend_R","Defend_R"]},{"damage_healed":0,"gold_gain":0,"player_choice":"Leave","damage_taken":0,"max_hp_gain":0,"max_hp_loss":0,"event_name":"FaceTrader","floor":37,"gold_loss":0},{"cards_removed":["Defend_R"],"damage_healed":0,"gold_gain":0,"player_choice":"Removed Skill","damage_taken":0,"max_hp_gain":0,"max_hp_loss":0,"event_name":"Falling","floor":46,"gold_loss":0}],"is_beta":false,"boss_relics":[{"not_picked":["Runic Dome","Ectoplasm"],"picked":"Philosopher\u0027s Stone"},{"not_picked":["Black Star","Black Blood"],"picked":"Eternal Feather"}],"items_purged_floors":[5,22,39],"is_endless":false,"potions_floor_spawned":[4,10,11,13,14,21,25,28,29,35,38,40,42,48],"ascension_level":1}