{"gold_per_floor":[118,129,6,21,36,63,88,103,103,103,113,113,128,156,156,228,228,241,241,241,241,255,255,272,300,300,300,358,369,392,27,27,102,102,115,164,164,39,89,89,103,121,167,167,167,167,181,25,25,25],"floor_reached":51,"playtime":2746,"items_purged":["Regret","Strike_B","Defend_B"],"score":1308,"play_id":"f736060e-9186-42de-a226-13f86fa816a4","local_time":"20180814220200","is_ascension_mode":true,"campfire_choices":[{"data":"Sunder","floor":10.0,"key":"SMITH"},{"data":"Defragment","floor":12.0,"key":"SMITH"},{"data":"Go for the Eyes","floor":15.0,"key":"SMITH"},{"data":"Turbo","floor":23.0,"key":"SMITH"},{"data":"Chill","floor":27.0,"key":"SMITH"},{"data":"Hologram","floor":32.0,"key":"SMITH"},{"floor":40.0,"key":"REST"},{"floor":44.0,"key":"REST"},{"data":"Coolheaded","floor":49.0,"key":"SMITH"}],"neow_cost":"CURSE","seed_source_timestamp":64499756614946,"circlet_count":0,"master_deck":["Defend_B","Defend_B","Defend_B","Zap+1","Dualcast","AscendersBane","Compile Driver","Chill+1","Sunder+1","Beam Cell","Go for the Eyes+1","Defragment+1","Cold Snap","Turbo+1","Gash","Hologram+1","Hologram+1","All For One","Conserve Battery","Gash","Compile Driver","Gash","Coolheaded+1","Gash","Sunder","Echo Form","Gash","Beam Cell","Madness","Madness","Gash","Iron Wave","Scrape"],"special_seed":0,"relics":["Cracked Core","Centennial Puzzle","Juzu Bracelet","Pantograph","Bag of Marbles","Inserter","Anchor","Mummified Hand","Tiny Chest","Vajra","Gremlin Horn","Philosopher\u0027s Stone","StoneCalendar","DataDisk","Lantern"],"potions_floor_usage":[50],"damage_taken":[{"damage":5.0,"enemies":"Cultist","floor":1.0,"turns":4.0},{"damage":9.0,"enemies":"Jaw Worm","floor":2.0,"turns":4.0},{"damage":0.0,"enemies":"Small Slimes","floor":4.0,"turns":2.0},{"damage":2.0,"enemies":"2 Fungi Beasts","floor":5.0,"turns":3.0},{"damage":3.0,"enemies":"3 Sentries","floor":6.0,"turns":7.0},{"damage":4.0,"enemies":"Looter","floor":8.0,"turns":3.0},{"damage":9.0,"enemies":"3 Louse","floor":11.0,"turns":3.0},{"damage":7.0,"enemies":"Exordium Wildlife","floor":13.0,"turns":4.0},{"damage":4.0,"enemies":"Lagavulin","floor":14.0,"turns":5.0},{"damage":34.0,"enemies":"The Guardian","floor":16.0,"turns":11.0},{"damage":4.0,"enemies":"Spheric Guardian","floor":18.0,"turns":3.0},{"damage":3.0,"enemies":"3 Byrds","floor":22.0,"turns":4.0},{"damage":1.0,"enemies":"3 Cultists","floor":24.0,"turns":3.0},{"damage":18.0,"enemies":"Slavers","floor":25.0,"turns":4.0},{"damage":12.0,"enemies":"Book of Stabbing","floor":28.0,"turns":3.0},{"damage":5.0,"enemies":"Centurion and Healer","floor":29.0,"turns":4.0},{"damage":18.0,"enemies":"Champ","floor":33.0,"turns":6.0},{"damage":13.0,"enemies":"3 Darklings","floor":35.0,"turns":5.0},{"damage":12.0,"floor":36.0,"turns":3.0},{"damage":0.0,"enemies":"3 Shapes","floor":41.0,"turns":7.0},{"damage":11.0,"enemies":"Flame Bruiser 2 Orb","floor":42.0,"turns":4.0},{"damage":4.0,"enemies":"Transient","floor":47.0,"turns":6.0},{"damage":53,"enemies":"Time Eater","floor":50,"turns":9}],"seed_played":"2578538364585868914","potions_obtained":[{"floor":2.0,"key":"FearPotion"},{"floor":4.0,"key":"FocusPotion"},{"floor":6.0,"key":"Regen Potion"},{"floor":13.0,"key":"FocusPotion"},{"floor":18.0,"key":"Fire Potion"},{"floor":24.0,"key":"Explosive Potion"},{"floor":33.0,"key":"Fire Potion"},{"floor":41.0,"key":"SkillPotion"},{"floor":47.0,"key":"FairyPotion"}],"is_trial":false,"path_per_floor":["M","M","$","M","M","E","T","M","T","R","M","R","M","E","R","B",null,"M","?","?","?","M","R","M","E","T","R","E","M","T","$","R","B",null,"M","?","?","$","T","R","M","M","T","R","?","?","M","$","R","B"],"character_chosen":"DEFECT","items_purchased":["Go for the Eyes","Gremlin Horn","Sunder"],"campfire_rested":2,"item_purchase_floors":[3,31,31],"current_hp_per_floor":[59,50,50,50,48,45,45,41,41,41,32,32,25,21,21,12,56,52,52,52,52,49,49,48,30,30,30,18,13,13,13,13,20,58,45,33,20,20,20,41,41,30,30,51,51,51,47,47,47,18],"gold":25,"neow_bonus":"TRANSFORM_TWO_CARDS","is_prod":false,"is_daily":false,"chose_seed":false,"campfire_upgraded":7,"win_rate":0,"timestamp":1534276920,"path_taken":["M","M","$","M","?","E","?","M","T","R","M","R","M","E","R","BOSS","M","?","?","?","M","R","M","E","T","R","E","M","?","$","R","BOSS","M","?","?","$","?","R","M","M","T","R","?","?","M","$","R","BOSS"],"build_version":"2018-08-13v2","purchased_purges":3,"victory":true,"max_hp_per_floor":[71,71,71,71,71,71,71,71,71,71,71,71,71,71,71,71,71,71,71,71,71,71,71,71,71,71,71,71,71,71,71,71,71,71,71,71,71,71,71,71,71,71,71,71,71,71,71,71,71,71],"card_choices":[{"not_picked":["Stack","Rip and Tear"],"picked":"Sunder","floor":1.0},{"not_picked":["Steam Power","Rebound"],"picked":"Beam Cell","floor":2.0},{"not_picked":["Beam Cell","Glacier"],"picked":"Defragment","floor":4.0},{"not_picked":["Consume","Skim"],"picked":"Cold Snap","floor":5.0},{"not_picked":["Rebound","Storm"],"picked":"Turbo","floor":6.0},{"not_picked":["FTL","Sweeping Beam"],"picked":"Gash","floor":8.0},{"not_picked":["Rip and Tear","Tempest"],"picked":"Hologram","floor":11.0},{"not_picked":["Force Field","Go for the Eyes"],"picked":"Hologram","floor":13.0},{"not_picked":["Sweeping Beam","Cold Snap","Scrape"],"picked":"SKIP","floor":14.0},{"not_picked":["Meteor Strike","Multi-Cast"],"picked":"All For One","floor":16.0},{"not_picked":["Ball Lightning","Darkness"],"picked":"Conserve Battery","floor":18.0},{"not_picked":["Scrape","Tempest"],"picked":"Gash","floor":22.0},{"not_picked":["Recycle","Doom and Gloom"],"picked":"Compile Driver","floor":24.0},{"not_picked":["Sweeping Beam","Machine Learning"],"picked":"Gash","floor":25.0},{"not_picked":["Cold Snap","Barrage"],"picked":"Coolheaded","floor":28.0},{"not_picked":["Rebound","Auto Shields"],"picked":"Gash","floor":29.0},{"not_picked":["Thunder Strike","Core Surge"],"picked":"Echo Form","floor":33.0},{"not_picked":["Loop","Steam Power"],"picked":"Gash","floor":35.0},{"not_picked":["Steam","Go for the Eyes"],"picked":"Beam Cell","floor":36.0},{"not_picked":["Go for the Eyes","Doom and Gloom+1","Cold Snap"],"picked":"SKIP","floor":41.0},{"not_picked":["Stack","Rip and Tear"],"picked":"Gash","floor":42.0},{"not_picked":["Go for the Eyes+1","Machine Learning"],"picked":"Scrape","floor":47.0}],"player_experience":877478,"relics_obtained":[{"floor":6.0,"key":"Centennial Puzzle"},{"floor":7.0,"key":"Juzu Bracelet"},{"floor":9.0,"key":"Pantograph"},{"floor":14.0,"key":"Bag of Marbles"},{"floor":25.0,"key":"Anchor"},{"floor":26.0,"key":"Mummified Hand"},{"floor":28.0,"key":"Tiny Chest"},{"floor":30.0,"key":"Vajra"},{"floor":36.0,"key":"StoneCalendar"},{"floor":39.0,"key":"DataDisk"},{"floor":43.0,"key":"Lantern"}],"event_choices":[{"event_name":"Upgrade Shrine","player_choice":"Upgraded","floor":19.0,"damage_taken":0.0},{"event_name":"Drug Dealer","player_choice":"Ignored","floor":20.0,"damage_taken":0.0},{"event_name":"Accursed Blacksmith","player_choice":"Forge","floor":21.0,"damage_taken":0.0},{"event_name":"Mysterious Sphere","player_choice":"Fight","floor":36.0,"damage_taken":0.0},{"event_name":"Winding Halls","player_choice":"Embrace Madness","floor":37.0,"damage_taken":0.0},{"event_name":"Match and Keep!","player_choice":"0 cards matched","floor":45.0,"damage_taken":0.0},{"event_name":"NoteForYourself","player_choice":"Took Card","floor":46.0,"damage_taken":0.0}],"is_beta":true,"boss_relics":[{"not_picked":["Pandora\u0027s Box","Nuclear Battery"],"picked":"Inserter"},{"not_picked":["Runic Pyramid","Astrolabe"],"picked":"Philosopher\u0027s Stone"}],"items_purged_floors":[3,38,48],"is_endless":false,"potions_floor_spawned":[2,4,6,13,18,24,33,41,47],"ascension_level":19}