{"gold_per_floor":[118,12,24,24,38,38,113,113,113,113,128,161,161,187,187,260,260],"floor_reached":17,"playtime":537,"items_purged":[],"score":310,"play_id":"0e2ceecd-0f39-46f1-b3cd-c806a1e9cd5f","local_time":"20190511194053","is_ascension_mode":true,"campfire_choices":[{"data":"Bash","floor":6,"key":"SMITH"},{"data":"Finesse","floor":8,"key":"SMITH"},{"data":"Cleave","floor":10,"key":"SMITH"},{"floor":15,"key":"REST"}],"neow_cost":"NONE","seed_source_timestamp":69928401778400,"circlet_count":0,"master_deck":["AscendersBane","Strike_R","Strike_R","Strike_R","Defend_R","Defend_R","Defend_R","Bash+1","Cleave+1","Finesse+1","Clothesline","Cleave","Infernal Blade","Impervious","Entrench+1","Whirlwind+1","Bloodletting+1"],"relics":["Burning Blood","NeowsBlessing","Regal Pillow","Torii","Juzu Bracelet","Smiling Mask","Orichalcum","Astrolabe"],"potions_floor_usage":[14,14,16],"damage_taken":[{"damage":0,"enemies":"Cultist","floor":1,"turns":1},{"damage":0,"enemies":"Jaw Worm","floor":3,"turns":1},{"damage":0,"enemies":"Small Slimes","floor":5,"turns":1},{"damage":7,"enemies":"2 Fungi Beasts","floor":11,"turns":3},{"damage":40,"enemies":"Lagavulin","floor":12,"turns":6},{"damage":3,"enemies":"3 Sentries","floor":14,"turns":6},{"damage":37,"enemies":"The Guardian","floor":16,"turns":17}],"seed_played":"727294659846852982","potions_obtained":[{"floor":3,"key":"Swift Potion"},{"floor":5,"key":"EssenceOfSteel"},{"floor":12,"key":"EssenceOfSteel"},{"floor":14,"key":"Dexterity Potion"}],"is_trial":false,"path_per_floor":["M","$","M","?","M","R","?","R","T","R","M","E","?","E","R","B",null],"character_chosen":"IRONCLAD","items_purchased":["Finesse"],"campfire_rested":1,"item_purchase_floors":[2],"current_hp_per_floor":[74,74,75,75,75,75,64,64,64,64,63,29,24,27,64,33,65],"gold":260,"neow_bonus":"THREE_ENEMY_KILL","is_prod":false,"is_daily":false,"chose_seed":false,"campfire_upgraded":3,"win_rate":0,"timestamp":1557618053,"path_taken":["M","?","M","?","?","R","?","R","T","R","M","E","?","E","R","BOSS"],"build_version":"2019-01-23","purchased_purges":0,"victory":false,"max_hp_per_floor":[75,75,75,75,75,75,75,75,75,75,75,75,75,75,75,75,75],"card_choices":[{"not_picked":["Pommel Strike","Dual Wield"],"picked":"Cleave","floor":1},{"not_picked":["Rage","Heavy Blade","Sword Boomerang"],"picked":"SKIP","floor":3},{"not_picked":["True Grit","Sever Soul","Clash"],"picked":"SKIP","floor":5},{"not_picked":["Clash","Body Slam"],"picked":"Clothesline","floor":11},{"not_picked":["Havoc","Dropkick"],"picked":"Cleave","floor":12},{"not_picked":["Intimidate","Second Wind"],"picked":"Infernal Blade","floor":14},{"not_picked":["Reaper","Limit Break"],"picked":"Impervious","floor":16}],"player_experience":433475,"relics_obtained":[{"floor":9,"key":"Torii"},{"floor":12,"key":"Juzu Bracelet"},{"floor":14,"key":"Orichalcum"}],"event_choices":[{"damage_healed":0,"gold_gain":0,"player_choice":"Gave Potion","damage_taken":0,"relics_obtained":["Regal Pillow"],"max_hp_gain":0,"max_hp_loss":0,"event_name":"WeMeetAgain","floor":4,"gold_loss":0},{"damage_healed":0,"gold_gain":75,"player_choice":"Gather Gold","damage_taken":11,"max_hp_gain":0,"max_hp_loss":0,"event_name":"World of Goop","floor":7,"gold_loss":0},{"damage_healed":0,"gold_gain":0,"player_choice":"Success","damage_taken":5,"relics_obtained":["Smiling Mask"],"max_hp_gain":0,"max_hp_loss":0,"event_name":"Scrap Ooze","floor":13,"gold_loss":0}],"is_beta":false,"boss_relics":[{"not_picked":["Mark of Pain","White Beast Statue"],"picked":"Astrolabe"}],"items_purged_floors":[],"is_endless":false,"potions_floor_spawned":[3,5,12,14],"ascension_level":18}