{"path_per_floor":["M","$","M","?","M","E","M","R","T","M","M","R","E","$","R","B",null,"M","M","$","?","M","E","R","E","T","M"],"character_chosen":"IRONCLAD","items_purchased":["Apotheosis","Omamori","Evolve","Orichalcum"],"gold_per_floor":[367,23,35,0,13,42,59,59,59,71,89,89,116,35,35,136,136,149,166,18,18,36,68,68,93,93,113],"floor_reached":28,"campfire_rested":2,"playtime":1921,"current_hp_per_floor":[71,71,68,80,73,62,47,47,47,44,48,72,49,49,49,10,80,80,64,64,64,51,20,46,17,31,12],"items_purged":[],"gold":113,"play_id":"28cb7f41-1f66-44ea-bf62-6682f19b5fe7","is_prod":false,"is_daily":false,"is_ascension_mode":true,"campfire_upgraded":2,"path_taken":["M","$","M","?","M","E","M","R","T","?","M","R","E","$","R","BOSS","M","M","$","?","?","E","R","E","T","M","M"],"build_version":"2018-02-01-PROD3","purchased_purges":1,"victory":false,"master_deck":["Strike_R","Strike_R","Strike_R","Strike_R","Strike_R","Defend_R","Defend_R","Defend_R","Defend_R","Bash","Writhe","Wild Strike","Apotheosis+1","Immolate","Shrug It Off","Limit Break","Rampage","Thunderclap","Whirlwind","Evolve+1","Reaper","Ghostly Armor","Headbutt","Spot Weakness","Second Wind","Flex"],"max_hp_per_floor":[80,80,80,80,80,80,80,80,80,80,80,80,80,80,80,80,80,80,80,80,80,80,87,87,87,101,101],"relics":["Burning Blood","Omamori","Dodecahedron","Ginger","Champion Belt","Cursed Key","Orichalcum","Happy Flower","Strawberry","Blue Candle","Mango"],"card_choices":[{"not_picked":["Armaments","Clothesline"],"picked":"Wild Strike"},{"not_picked":["Burning Pact","Clothesline"],"picked":"Immolate"},{"not_picked":["Headbutt","Intimidate"],"picked":"Shrug It Off"},{"not_picked":["Second Wind","Twin Strike"],"picked":"Limit Break"},{"not_picked":["Infernal Blade","Rupture"],"picked":"Rampage"},{"not_picked":["Perfected Strike","Body Slam"],"picked":"Thunderclap"},{"not_picked":["Shockwave","Dark Embrace"],"picked":"Whirlwind"},{"not_picked":["Feed","Exhume"],"picked":"Reaper"},{"not_picked":["Rampage","Dual Wield"],"picked":"Ghostly Armor"},{"not_picked":["Blood for Blood","Rage"],"picked":"Headbutt"},{"not_picked":["Clash","Shrug It Off"],"picked":"Spot Weakness"},{"not_picked":["Thunderclap","Cleave"],"picked":"Second Wind"},{"not_picked":["Havoc","Hemokinesis"],"picked":"Flex"}],"player_experience":408360,"potions_floor_usage":[10,16,18,18,22,25],"damage_taken":[{"damage":15,"enemies":"Small Slimes","floor":1,"turns":3},{"damage":9,"enemies":"2 Louse","floor":3,"turns":3},{"damage":13,"enemies":"Blue Slaver","floor":5,"turns":2},{"damage":17,"enemies":"Gremlin Nob","floor":6,"turns":4},{"damage":21,"enemies":"Exordium Wildlife","floor":7,"turns":5},{"damage":9,"enemies":"Gremlin Gang","floor":10,"turns":6},{"damage":2,"enemies":"3 Louse","floor":11,"turns":2},{"damage":29,"enemies":"3 Sentries","floor":13,"turns":6},{"damage":45,"enemies":"Hexaghost","floor":16,"turns":11},{"damage":2,"enemies":"Shell Parasite","floor":18,"turns":4},{"damage":22,"enemies":"2 Thieves","floor":19,"turns":3},{"damage":27,"enemies":"Centurion and Healer","floor":22,"turns":6},{"damage":62,"enemies":"Slavers","floor":23,"turns":5},{"damage":43,"enemies":"Book of Stabbing","floor":25,"turns":7},{"damage":30,"enemies":"Cultist and Chosen","floor":27,"turns":6},{"damage":18,"enemies":"Slaver and Parasite","floor":28,"turns":2}],"event_choices":[{"event_name":"The Cleric","player_choice":"Healed","floor":4,"damage_taken":0},{"event_name":"The Mausoleum","player_choice":"Yes","floor":21,"damage_taken":0}],"boss_relics":[{"not_picked":["Tiny House","Runic Dome"],"picked":"Cursed Key"}],"potions_floor_spawned":[7,11,13,16,19,23],"seed_played":"-4902030875472304381","killed_by":"Slaver and Parasite","ascension_level":3,"is_trial":false}