{"gold_per_floor":[109,126,11,11,11,11,55,55,55,55,68,68,81,119,119,218,218,236,256,256,256,273,273,273],"floor_reached":24,"playtime":1114,"items_purged":["Strike_G"],"score":377,"play_id":"25709264-424c-444d-ac7b-c934b9c08005","local_time":"20190503194008","is_ascension_mode":true,"campfire_choices":[{"data":"Noxious Fumes","floor":6,"key":"SMITH"},{"floor":8,"key":"REST"},{"data":"Caltrops","floor":10,"key":"SMITH"},{"data":"Blur","floor":12,"key":"SMITH"},{"data":"Malaise","floor":15,"key":"SMITH"},{"data":"Malaise","floor":23,"key":"SMITH"}],"neow_cost":"NONE","seed_source_timestamp":1055943441577740,"circlet_count":0,"master_deck":["AscendersBane","Defend_G","Defend_G","Defend_G","Defend_G","Defend_G","Strike_G","Strike_G","Strike_G","Strike_G","Survivor","Neutralize","Noxious Fumes+1","Blur+1","Well Laid Plans","Caltrops+1","PiercingWail","Sucker Punch","Malaise+1","Malaise+1","Catalyst","Backflip"],"relics":["Ring of the Snake","Orichalcum","Bloody Idol","Vajra","Darkstone Periapt","Blood Vial","Runic Pyramid"],"potions_floor_usage":[7,19,22],"damage_taken":[{"damage":11,"enemies":"Jaw Worm","floor":1,"turns":6},{"damage":0,"enemies":"Small Slimes","floor":2,"turns":5},{"damage":25,"enemies":"Gremlin Nob","floor":7,"turns":6},{"damage":0,"enemies":"2 Louse","floor":11,"turns":4},{"damage":1,"enemies":"Blue Slaver","floor":13,"turns":4},{"damage":4,"enemies":"Lagavulin","floor":14,"turns":7},{"damage":15,"enemies":"The Guardian","floor":16,"turns":11},{"damage":3,"enemies":"Shell Parasite","floor":18,"turns":8},{"damage":0,"enemies":"3 Byrds","floor":19,"turns":2},{"damage":3,"enemies":"Snake Plant","floor":22,"turns":7},{"damage":61,"enemies":"Slavers","floor":24,"turns":5}],"seed_played":"-3697720453195430740","potions_obtained":[{"floor":1,"key":"Strength Potion"},{"floor":14,"key":"GamblersBrew"},{"floor":18,"key":"LiquidBronze"}],"is_trial":false,"path_per_floor":["M","M","$","?","$","R","E","R","T","R","M","R","M","E","R","B",null,"M","M","?","?","M","R","E"],"character_chosen":"THE_SILENT","items_purchased":["Well Laid Plans"],"campfire_rested":1,"item_purchase_floors":[3],"current_hp_per_floor":[48,48,48,48,48,48,23,41,41,41,41,41,40,36,36,23,51,50,52,52,52,56,56,0],"gold":273,"neow_bonus":"RANDOM_COMMON_RELIC","is_prod":false,"is_daily":false,"chose_seed":false,"campfire_upgraded":5,"win_rate":0,"timestamp":1556905208,"path_taken":["M","M","$","?","$","R","E","R","T","R","M","R","M","E","R","BOSS","M","M","?","?","M","R","E"],"build_version":"2019-04-23","purchased_purges":1,"victory":false,"max_hp_per_floor":[66,66,66,60,60,60,60,60,60,60,60,60,60,60,60,60,60,60,60,60,60,60,60,60],"card_choices":[{"not_picked":["Slice","PiercingWail"],"picked":"Noxious Fumes","floor":1},{"not_picked":["Dodge and Roll","Blade Dance"],"picked":"Blur","floor":2},{"not_picked":["Choke","Tools of the Trade"],"picked":"Caltrops","floor":7},{"not_picked":["Underhanded Strike","Acrobatics"],"picked":"PiercingWail","floor":11},{"not_picked":["Slice","Bane"],"picked":"Sucker Punch","floor":13},{"not_picked":["Setup","Outmaneuver"],"picked":"Malaise","floor":14},{"not_picked":["Doppelganger","Die Die Die"],"picked":"Malaise","floor":16},{"not_picked":["Blade Dance","Dodge and Roll"],"picked":"Catalyst","floor":18},{"not_picked":["Masterful Stab","Quick Slash"],"picked":"Backflip","floor":19},{"not_picked":["Backflip","Poisoned Stab","Dagger Spray+1"],"picked":"SKIP","floor":22}],"player_experience":1471997,"relics_obtained":[{"floor":7,"key":"Vajra"},{"floor":9,"key":"Darkstone Periapt"},{"floor":14,"key":"Blood Vial"}],"event_choices":[{"damage_healed":0,"gold_gain":0,"player_choice":"Lose Max HP","damage_taken":0,"relics_obtained":["Golden Idol"],"max_hp_gain":0,"max_hp_loss":6,"event_name":"Golden Idol","floor":4,"gold_loss":0},{"damage_healed":0,"gold_gain":0,"player_choice":"Gave Idol","damage_taken":0,"relics_obtained":["Bloody Idol"],"max_hp_gain":0,"max_hp_loss":0,"event_name":"Forgotten Altar","floor":20,"relics_lost":["Golden Idol"],"gold_loss":0},{"damage_healed":0,"gold_gain":0,"player_choice":"Ignored","damage_taken":0,"max_hp_gain":0,"max_hp_loss":0,"event_name":"Cursed Tome","floor":21,"gold_loss":0}],"is_beta":true,"boss_relics":[{"not_picked":["Ectoplasm","Runic Dome"],"picked":"Runic Pyramid"}],"items_purged_floors":[3],"is_endless":false,"potions_floor_spawned":[1,14,18],"killed_by":"Slavers","ascension_level":17}