{"gold_per_floor":[112,41,57,232,248,248,248,173,173,173,190,218,147,162,162,263,263,273,104,88,88,40,40,40,40,66,84,84,98,98,113,113,218,218,238,39,0,19,29,29],"floor_reached":40,"playtime":95384,"items_purged":["Doubt","Strike_B","Defend_B"],"score":483,"play_id":"fb0c26c2-7779-44dc-8373-f0e76e45676f","local_time":"20181026202140","is_ascension_mode":true,"campfire_choices":[{"data":"Defragment","floor":6.0,"key":"SMITH"},{"floor":15,"key":"REST"},{"data":"Echo Form","floor":23,"key":"SMITH"},{"data":"Buffer","floor":25,"key":"SMITH"},{"data":"Blizzard","floor":30,"key":"SMITH"},{"data":"Capacitor","floor":32,"key":"SMITH"}],"neow_cost":"TEN_PERCENT_HP_LOSS","seed_source_timestamp":0,"circlet_count":0,"master_deck":["Strike_B","Defend_B+1","Defend_B","Defend_B","Zap","Dualcast","Flash of Steel+1","Secret Technique","Coolheaded","Defragment+1","Leap","Conserve Battery","Conserve Battery","Ball Lightning","Capacitor+1","Glacier","Buffer+1","Skim","Defragment+1","Steam","Glacier","Echo Form+1","Coolheaded","Blizzard+1","Melter","Hologram+1","Multi-Cast","Rebound+1","Tempest","Blizzard"],"special_seed":0,"relics":["Cracked Core","Shuriken","Unceasing Top","Nunchaku","Eternal Feather","Orichalcum","Thread and Needle","Busted Crown","Red Mask"],"potions_floor_usage":[20,29,29,40,40],"damage_taken":[{"damage":3.0,"enemies":"2 Louse","floor":1.0,"turns":3.0},{"damage":0.0,"enemies":"Cultist","floor":3.0,"turns":4.0},{"damage":3.0,"enemies":"Jaw Worm","floor":5.0,"turns":2.0},{"damage":6.0,"enemies":"Looter","floor":11.0,"turns":3.0},{"damage":2,"enemies":"3 Sentries","floor":12,"turns":8},{"damage":7,"enemies":"Blue Slaver","floor":14,"turns":3},{"damage":14,"enemies":"The Guardian","floor":16,"turns":11},{"damage":0,"enemies":"Chosen","floor":18,"turns":8},{"damage":25,"enemies":"2 Thieves","floor":20,"turns":4},{"damage":20,"enemies":"Snake Plant","floor":27,"turns":5},{"damage":1,"enemies":"Centurion and Healer","floor":29,"turns":9},{"damage":6,"enemies":"Shelled Parasite and Fungi","floor":31,"turns":8},{"damage":4,"enemies":"Champ","floor":33,"turns":14},{"damage":11,"enemies":"3 Darklings","floor":35,"turns":9},{"damage":0,"enemies":"Orb Walker","floor":38,"turns":6},{"damage":20,"enemies":"Writhing Mass","floor":39,"turns":7},{"damage":44,"enemies":"Reptomancer","floor":40,"turns":2}],"seed_played":"-632860549414247333","potions_obtained":[{"floor":1.0,"key":"Strength Potion"},{"floor":11,"key":"Block Potion"},{"floor":16,"key":"AttackPotion"},{"floor":27,"key":"PowerPotion"},{"floor":33,"key":"Energy Potion"},{"floor":38,"key":"GamblersBrew"}],"is_trial":false,"path_per_floor":["M","$","M","?","M","R","?","$","T","T","M","E","$","M","R","B",null,"M","$","M","?","$","R","?","R","T","M","T","M","R","M","R","B",null,"M","$","?","M","M"],"character_chosen":"DEFECT","items_purchased":["Defragment","Capacitor","Defragment","Coolheaded","Tempest"],"campfire_rested":1,"item_purchase_floors":[2,13,19,22,36],"current_hp_per_floor":[65,65,65,65,62,62,48,48,48,48,42,40,40,33,53,39,61,61,61,36,36,36,48,48,60,60,40,40,39,54,48,63,59,66,55,55,55,55,35,0],"gold":29,"neow_bonus":"RANDOM_COLORLESS_2","is_prod":false,"is_daily":false,"chose_seed":false,"campfire_upgraded":5,"win_rate":0,"timestamp":1540599700,"path_taken":["M","$","M","?","M","R","?","$","T","?","?","E","?","M","R","BOSS","M","$","M","?","$","R","?","R","T","M","?","M","R","M","R","BOSS","M","$","?","M","M","E"],"build_version":"2018-10-18","purchased_purges":3,"victory":false,"max_hp_per_floor":[68,68,68,68,68,68,68,68,68,68,68,68,68,68,68,68,68,68,68,68,68,68,68,68,68,68,68,68,68,68,68,68,68,68,68,68,68,68,68,68],"card_choices":[{"not_picked":["Hologram","Compile Driver"],"picked":"Coolheaded","floor":1.0},{"not_picked":["Sweeping Beam","BootSequence"],"picked":"Leap","floor":3.0},{"not_picked":["Turbo","Stack"],"picked":"Conserve Battery","floor":5.0},{"not_picked":["Rebound","Steam"],"picked":"Conserve Battery","floor":11},{"not_picked":["Cold Snap","Lockon"],"picked":"Ball Lightning","floor":12},{"not_picked":["Coolheaded","Redo"],"picked":"Glacier","floor":14},{"not_picked":["Fission","Reboot"],"picked":"Buffer","floor":16},{"not_picked":["Undo","Sunder+1"],"picked":"Skim","floor":18},{"not_picked":["Beam Cell","Gash+1"],"picked":"Steam","floor":20},{"not_picked":["Go for the Eyes","Turbo"],"picked":"Blizzard","floor":27},{"not_picked":["Force Field+1","Turbo"],"picked":"Melter","floor":29},{"not_picked":["Compile Driver","Streamline+1"],"picked":"Hologram+1","floor":31},{"not_picked":["Fission","Echo Form"],"picked":"Multi-Cast","floor":33},{"not_picked":[],"picked":"Rebound+1","floor":35},{"not_picked":["Conserve Battery"],"picked":"SKIP","floor":38},{"not_picked":[],"picked":"Blizzard","floor":39}],"player_experience":1367777,"relics_obtained":[{"floor":9.0,"key":"Shuriken"},{"floor":10.0,"key":"Unceasing Top"},{"floor":12,"key":"Nunchaku"},{"floor":26,"key":"Orichalcum"},{"floor":28,"key":"Thread and Needle"}],"event_choices":[{"damage_healed":0.0,"max_hp_gain":0.0,"max_hp_loss":0.0,"gold_gain":175.0,"event_name":"Liars Game","player_choice":"AGREE","floor":4.0,"gold_loss":0.0,"damage_taken":0.0,"cards_obtained":["Doubt"]},{"damage_healed":0.0,"max_hp_gain":0.0,"max_hp_loss":0.0,"gold_gain":0.0,"event_name":"Shining Light","player_choice":"Entered Light","floor":7.0,"gold_loss":0.0,"damage_taken":14.0,"cards_upgraded":["Flash of Steel","Defend_B"]},{"damage_healed":0,"gold_gain":0,"cards_transformed":["Strike_B","Strike_B"],"player_choice":"Became Test Subject","damage_taken":0,"max_hp_gain":0,"max_hp_loss":0,"event_name":"Drug Dealer","floor":21,"gold_loss":0,"cards_obtained":["Glacier","Echo Form"]},{"damage_healed":0,"gold_gain":0,"player_choice":"Forge","damage_taken":0,"max_hp_gain":0,"max_hp_loss":0,"event_name":"Accursed Blacksmith","floor":24,"gold_loss":0,"cards_upgraded":["Defragment"]},{"damage_healed":0,"gold_gain":0,"player_choice":"Paid","damage_taken":0,"relics_obtained":["Red Mask"],"max_hp_gain":0,"max_hp_loss":0,"event_name":"Tomb of Lord Red Mask","floor":37,"gold_loss":39}],"is_beta":false,"boss_relics":[{"not_picked":["Fusion Hammer","Empty Cage"],"picked":"Eternal Feather"},{"not_picked":["Runic Pyramid","Cursed Key"],"picked":"Busted Crown"}],"items_purged_floors":[8,19,36],"is_endless":false,"potions_floor_spawned":[1,11,16,18,27,33,38],"killed_by":"Reptomancer","ascension_level":5}