{"gold_per_floor":[367,34,48,66,66,95,95,95,119,135,135,167,181,207,207,281,281,291,320,320,320,291,291,322,322,346,358,358,218,218,271,271,271],"floor_reached":33,"playtime":1970,"items_purged":["Decay"],"score":562,"play_id":"ed9adc93-e4be-4dfd-98bc-65dc9343a3c1","local_time":"20190519224101","is_ascension_mode":true,"campfire_choices":[{"floor":8,"key":"REST"},{"data":"Bullet Time","floor":11,"key":"SMITH"},{"floor":15,"key":"REST"},{"floor":23,"key":"REST"},{"floor":25,"key":"REST"},{"floor":28,"key":"REST"},{"floor":30,"key":"REST"},{"data":"Footwork","floor":32,"key":"SMITH"}],"neow_cost":"PERCENT_DAMAGE","seed_source_timestamp":2448340559706586,"circlet_count":0,"master_deck":["AscendersBane","Defend_G","Defend_G","Defend_G","Defend_G","Defend_G","Strike_G","Strike_G","Strike_G","Strike_G","Strike_G","Survivor","Neutralize","PiercingWail","Footwork+1","Dagger Spray","Backflip","Predator","Well Laid Plans","Leg Sweep","Bullet Time+1","Noxious Fumes","Predator+1","Burst","PiercingWail+1","Bane+1","Prepared","Footwork","Choke+1"],"relics":["Ring of the Snake","OrangePellets","Smiling Mask","PreservedInsect","Dead Branch","Molten Egg 2","Runic Pyramid","Red Mask","Sundial","Orichalcum","Dream Catcher"],"potions_floor_usage":[6,6,14,19,24],"damage_taken":[{"damage":0,"enemies":"2 Louse","floor":1,"turns":4},{"damage":1,"enemies":"Cultist","floor":3,"turns":5},{"damage":3,"enemies":"Small Slimes","floor":4,"turns":5},{"damage":19,"enemies":"Lagavulin","floor":6,"turns":9},{"damage":5,"enemies":"Exordium Wildlife","floor":10,"turns":9},{"damage":10,"enemies":"3 Sentries","floor":12,"turns":7},{"damage":16,"enemies":"Exordium Thugs","floor":13,"turns":5},{"damage":9,"enemies":"Lagavulin","floor":14,"turns":8},{"damage":18,"enemies":"The Guardian","floor":16,"turns":12},{"damage":8,"enemies":"3 Byrds","floor":18,"turns":6},{"damage":23,"enemies":"Masked Bandits","floor":19,"turns":5},{"damage":5,"enemies":"2 Thieves","floor":22,"turns":5},{"damage":35,"enemies":"Slavers","floor":24,"turns":6},{"damage":24,"enemies":"Snecko","floor":27,"turns":8},{"damage":48,"enemies":"Automaton","floor":33,"turns":8}],"seed_played":"4590787092899363582","potions_obtained":[{"floor":1,"key":"Dexterity Potion"},{"floor":4,"key":"Fire Potion"},{"floor":13,"key":"Dexterity Potion"},{"floor":14,"key":"AttackPotion"},{"floor":16,"key":"EssenceOfSteel"},{"floor":19,"key":"FearPotion"},{"floor":27,"key":"SteroidPotion"}],"is_trial":false,"path_per_floor":["M","$","M","M","?","E","?","R","T","M","R","E","M","E","R","B",null,"M","?","?","?","M","R","E","R","T","M","R","$","R","T","R","B"],"character_chosen":"THE_SILENT","items_purchased":["OrangePellets","Footwork","Dagger Spray","Choke+1"],"campfire_rested":6,"item_purchase_floors":[2,2,2,29],"current_hp_per_floor":[44,44,43,40,45,26,26,47,47,42,42,32,16,7,28,10,56,48,25,25,25,20,41,6,27,27,3,24,24,45,45,45,0],"gold":271,"neow_bonus":"TWO_FIFTY_GOLD","is_prod":false,"is_daily":false,"chose_seed":false,"campfire_upgraded":2,"win_rate":0,"timestamp":1558298461,"path_taken":["M","$","M","M","?","E","?","R","T","M","R","E","?","E","R","BOSS","M","?","?","?","?","R","E","R","T","M","R","$","R","?","R","BOSS"],"build_version":"2019-05-07","purchased_purges":1,"victory":false,"max_hp_per_floor":[66,66,66,66,71,71,71,71,71,71,71,71,71,71,71,71,71,71,71,71,71,71,71,71,71,71,71,71,71,71,71,71,71],"card_choices":[{"not_picked":["Expertise","Quick Slash"],"picked":"PiercingWail","floor":1},{"not_picked":["Slice","Infinite Blades"],"picked":"Backflip","floor":3},{"not_picked":["PiercingWail","Deflect"],"picked":"Predator","floor":4},{"not_picked":["Calculated Gamble","Dagger Throw"],"picked":"Well Laid Plans","floor":6},{"not_picked":["Blade Dance","Sucker Punch"],"picked":"Bullet Time","floor":10},{"not_picked":["Dodge and Roll","Prepared"],"picked":"Noxious Fumes","floor":12},{"not_picked":["Quick Slash","Sucker Punch","Backflip"],"picked":"SKIP","floor":13},{"not_picked":["Setup","Cloak And Dagger"],"picked":"Predator","floor":14},{"not_picked":["Glass Knife+1","Envenom"],"picked":"Burst","floor":16},{"not_picked":["Poisoned Stab+1","Dodge and Roll"],"picked":"PiercingWail+1","floor":18},{"not_picked":["Finisher+1","Bouncing Flask"],"picked":"Bane+1","floor":19},{"not_picked":["Poisoned Stab+1","Blade Dance+1","Predator+1"],"picked":"SKIP","floor":22},{"not_picked":["Dagger Spray+1","Quick Slash+1"],"picked":"Prepared","floor":24},{"not_picked":["All Out Attack+1","Underhanded Strike+1"],"picked":"Footwork","floor":27}],"player_experience":2053357,"relics_obtained":[{"floor":6,"key":"Smiling Mask"},{"floor":9,"key":"PreservedInsect"},{"floor":12,"key":"Dead Branch"},{"floor":14,"key":"Molten Egg 2"},{"floor":19,"key":"Red Mask"},{"floor":24,"key":"Sundial"},{"floor":26,"key":"Orichalcum"},{"floor":31,"key":"Dream Catcher"}],"event_choices":[{"damage_healed":0,"gold_gain":0,"player_choice":"Donut","damage_taken":0,"max_hp_gain":5,"max_hp_loss":0,"event_name":"Big Fish","floor":5,"gold_loss":0},{"damage_healed":0,"gold_gain":0,"player_choice":"1 cards matched","damage_taken":0,"max_hp_gain":0,"max_hp_loss":0,"event_name":"Match and Keep!","floor":7,"gold_loss":0,"cards_obtained":["Leg Sweep"]},{"damage_healed":0,"gold_gain":0,"player_choice":"Fought Bandits","damage_taken":0,"max_hp_gain":0,"max_hp_loss":0,"event_name":"Masked Bandits","floor":19,"gold_loss":0},{"damage_healed":0,"gold_gain":0,"player_choice":"Smashed Altar","damage_taken":0,"max_hp_gain":0,"max_hp_loss":0,"event_name":"Forgotten Altar","floor":20,"gold_loss":0,"cards_obtained":["Decay"]},{"damage_healed":0,"gold_gain":0,"player_choice":"Ignored","damage_taken":0,"max_hp_gain":0,"max_hp_loss":0,"event_name":"Ghosts","floor":21,"gold_loss":0}],"is_beta":true,"boss_relics":[{"not_picked":["Eternal Feather","Velvet Choker"],"picked":"Runic Pyramid"}],"items_purged_floors":[29],"is_endless":false,"potions_floor_spawned":[1,4,13,14,16,19,27],"killed_by":"Automaton","ascension_level":20}