{"path_per_floor":["M","?","$","?","M","E","R","M","T","E","M","R","M","M","R","B",null,"M","$","M","M","?","E","R","?","T","R","?","$","E","?","R","B",null,"M","?","M","?","?","R","?","M","T","R","M","M","R","M","R"],"character_chosen":"IRONCLAD","items_purchased":["Lantern","Oddly Smooth Stone","Heavy Blade","Body Slam","Power Through","Omamori","Combust"],"gold_per_floor":[365,365,4,4,27,67,67,87,157,198,222,222,237,262,262,392,392,405,229,253,276,276,312,312,237,237,237,237,5,45,45,45,169,169,182,182,206,206,0,0,0,16,16,16,40,58,58,71,71],"floor_reached":50,"campfire_rested":7,"playtime":9387,"current_hp_per_floor":[68,68,68,68,62,44,44,45,45,33,32,53,52,58,58,42,72,72,72,63,49,49,28,49,49,49,49,33,33,24,48,69,58,72,64,54,17,17,17,38,38,11,11,32,23,45,67,12,34],"items_purged":["Strike_R"],"gold":71,"play_id":"0b937ebf-2359-459e-82f4-80c3b3c7d0ab","is_prod":false,"is_daily":false,"campfire_rituals":0,"campfire_upgraded":3,"is_hardmode":false,"path_taken":["M","?","$","?","M","E","R","M","T","E","M","R","?","M","R","BOSS","M","$","M","M","?","E","R","?","T","R","?","?","E","?","R","BOSS","M","?","M","?","?","R","?","M","T","R","M","M","R","M","R","BOSS"],"build_version":"2018-01-18-PROD4","purchased_purges":1,"victory":false,"master_deck":["Strike_R","Strike_R","Strike_R","Strike_R","Defend_R","Defend_R","Defend_R","Defend_R","Bash","Anger","Heavy Blade","Bash","Anger","Impervious","Armaments","True Grit","Pommel Strike","Rampage","Metallicize","Offering","Rampage","Body Slam","Power Through","Pommel Strike","Body Slam","Bludgeon","Combust","Barricade","Feed","Metallicize","Madness","Madness","Seeing Red","Dual Wield","Rampage"],"max_hp_per_floor":[72,72,72,72,72,72,72,72,72,72,72,72,72,72,72,72,72,72,72,72,72,72,72,72,72,72,72,72,72,72,72,72,72,72,72,72,72,72,72,72,72,72,72,72,75,75,75,75,75],"relics":["Black Blood","Golden Idol","Lantern","Oddly Smooth Stone","Bottled Lightning","Mercury Hourglass","Toolbox","Lizard Tail","Bronze Scales","Bottled Flame","Frozen Eye","Nilry\u0027s Codex","Omamori","Kunai","Red Mask","Matryoshka"],"campfire_meditates":0,"card_choices":[{"not_picked":["Havoc","Twin Strike"],"picked":"Anger"},{"not_picked":["Twin Strike","Headbutt"],"picked":"Anger"},{"not_picked":["Berserk","Flex"],"picked":"Impervious"},{"not_picked":["Thunderclap","Perfected Strike"],"picked":"Armaments"},{"not_picked":["Second Wind","Clash"],"picked":"True Grit"},{"not_picked":["Anger","Uppercut"],"picked":"Pommel Strike"},{"not_picked":["Cleave","Clash"],"picked":"Rampage"},{"not_picked":["Pommel Strike","Clash"],"picked":"Metallicize"},{"not_picked":["Limit Break","Demon Form"],"picked":"Offering"},{"not_picked":["Sword Boomerang","Rupture"],"picked":"Rampage"},{"not_picked":["Dropkick","Corruption"],"picked":"Pommel Strike"},{"not_picked":["Hemokinesis","Sever Soul"],"picked":"Body Slam"},{"not_picked":["Blood for Blood","Corruption"],"picked":"Bludgeon"},{"not_picked":["Cleave","Clothesline"],"picked":"Barricade"},{"not_picked":["Fiend Fire","Brutality"],"picked":"Feed"},{"not_picked":["Corruption","Anger"],"picked":"Metallicize"},{"not_picked":["Heavy Blade","Headbutt"],"picked":"Intimidate"},{"not_picked":["Sword Boomerang","Wild Strike"],"picked":"Seeing Red"},{"not_picked":["Rage","Thunderclap"],"picked":"Dual Wield"},{"not_picked":["Bloodletting","Clothesline"],"picked":"Rampage"}],"player_experience":52364,"potions_floor_usage":[16,16,30,33,33,35,37,45,48,50],"damage_taken":[{"damage":10,"enemies":"Jaw Worm","floor":1,"turns":4},{"damage":12,"enemies":"Blue Slaver","floor":5,"turns":2},{"damage":24,"enemies":"Lagavulin","floor":6,"turns":5},{"damage":5,"enemies":"2 Louse","floor":8,"turns":2},{"damage":18,"enemies":"3 Sentries","floor":10,"turns":7},{"damage":7,"enemies":"Exordium Thugs","floor":11,"turns":4},{"damage":7,"enemies":"Red Slaver","floor":13,"turns":3},{"damage":0,"enemies":"Large Slime","floor":14,"turns":3},{"damage":22,"enemies":"Hexaghost","floor":16,"turns":13},{"damage":4,"enemies":"Chosen","floor":18,"turns":4},{"damage":15,"enemies":"3 Byrds","floor":20,"turns":5},{"damage":20,"enemies":"3 Cultists","floor":21,"turns":6},{"damage":27,"enemies":"Book of Stabbing","floor":23,"turns":5},{"damage":15,"enemies":"Gremlin Leader","floor":30,"turns":6},{"damage":17,"enemies":"Collector","floor":33,"turns":9},{"damage":18,"enemies":"Orb Walker","floor":35,"turns":4},{"damage":59,"enemies":"3 Darklings","floor":37,"turns":7},{"damage":37,"enemies":"4 Shapes","floor":42,"turns":11},{"damage":22,"enemies":"Sphere and 2 Shapes","floor":45,"turns":5},{"damage":25,"enemies":"3 Darklings","floor":46,"turns":6},{"damage":65,"enemies":"Maw","floor":48,"turns":13},{"damage":49,"enemies":"Donu and Deca","floor":50,"turns":4}],"event_choices":[{"event_name":"Golden Idol","player_choice":"Take Wound","floor":2,"damage_taken":0},{"event_name":"Match and Keep!","player_choice":"1 cards matched","floor":4,"damage_taken":0},{"event_name":"The Mausoleum","player_choice":"Yes","floor":22,"damage_taken":0},{"event_name":"Beggar","player_choice":"Gave Gold","floor":25,"damage_taken":0},{"event_name":"Cursed Tome","player_choice":"Obtained Book","floor":28,"damage_taken":0},{"event_name":"The Library","player_choice":"Heal","floor":31,"damage_taken":0},{"event_name":"Winding Halls","player_choice":"Embrace Madness","floor":36,"damage_taken":0},{"event_name":"Mysterious Sphere","player_choice":"Ignore","floor":38,"damage_taken":0},{"event_name":"Tomb of Lord Red Mask","player_choice":"Paid","floor":39,"damage_taken":0}],"boss_relics":[{"not_picked":["Runic Dome","Ectoplasm"],"picked":"Lizard Tail"},{"not_picked":["Astrolabe","Philosopher\u0027s Stone"],"picked":"Black Blood"}],"potions_floor_spawned":[10,13,14,16,18,23,30,33,35,37,42,46],"seed_played":"1597662019793769625","killed_by":"Donu and Deca","is_trial":false}