{"gold_per_floor":[113,113,27,27,44,44,74,93,93,112,131,131,131,62,62,62],"floor_reached":16,"playtime":400,"items_purged":[],"score":170,"play_id":"940ab8b4-bdf5-47ca-8187-774f6cd1275f","local_time":"20190414233935","is_ascension_mode":true,"campfire_choices":[{"floor":6,"key":"REST"},{"floor":12,"key":"REST"},{"floor":15,"key":"DIG"}],"neow_cost":"NONE","seed_source_timestamp":177202798284400,"circlet_count":0,"master_deck":["AscendersBane","Strike_B","Strike_B","Strike_B","Strike_B","Defend_B","Defend_B","Defend_B+1","Defend_B","Zap","Dualcast","Lockon+1","Doom and Gloom","Redo","Glacier","Electrodynamics","Hologram+1","Melter","Heatsinks+1"],"relics":["Cracked Core","Shovel","Frozen Egg 2","Blood Vial"],"potions_floor_usage":[8,16,16,16],"damage_taken":[{"damage":6,"enemies":"2 Louse","floor":1,"turns":3},{"damage":13,"enemies":"Small Slimes","floor":5,"turns":2},{"damage":24,"enemies":"Gremlin Nob","floor":7,"turns":4},{"damage":0,"enemies":"Cultist","floor":8,"turns":2},{"damage":11,"enemies":"Gremlin Gang","floor":10,"turns":2},{"damage":7,"enemies":"Looter","floor":11,"turns":3},{"damage":42,"enemies":"Hexaghost","floor":16,"turns":9}],"seed_played":"-6967782313340468535","potions_obtained":[{"floor":4,"key":"Energy Potion"},{"floor":4,"key":"EntropicBrew"},{"floor":8,"key":"SpeedPotion"}],"is_trial":false,"path_per_floor":["M","?","$","?","M","R","E","M","T","M","M","R","?","$","R","B"],"character_chosen":"DEFECT","items_purchased":["Doom and Gloom","Redo","Heatsinks+1"],"campfire_rested":2,"item_purchase_floors":[3,3,14],"current_hp_per_floor":[65,49,49,49,36,59,35,35,35,24,17,40,40,40,40,0],"gold":62,"neow_bonus":"TEN_PERCENT_HP_BONUS","is_prod":false,"is_daily":false,"chose_seed":false,"campfire_upgraded":0,"win_rate":0,"timestamp":1555299575,"path_taken":["M","?","$","?","M","R","E","?","T","?","M","R","?","$","R","BOSS"],"build_version":"2019-01-23","purchased_purges":0,"victory":false,"max_hp_per_floor":[78,78,78,78,78,78,78,78,78,78,78,78,78,78,78,78],"card_choices":[{"not_picked":["Steam","Barrage"],"picked":"Lockon","floor":1},{"not_picked":["Reprogram","Consume"],"picked":"Glacier","floor":5},{"not_picked":["Genetic Algorithm","Self Repair"],"picked":"Electrodynamics","floor":7},{"not_picked":["Stack","Recycle","Gash"],"picked":"SKIP","floor":8},{"not_picked":["Aggregate","Sweeping Beam"],"picked":"Hologram","floor":10},{"not_picked":["Compile Driver","Core Surge"],"picked":"Melter","floor":11}],"player_experience":2755728,"relics_obtained":[{"floor":7,"key":"Shovel"},{"floor":9,"key":"Frozen Egg 2"},{"floor":15,"key":"Blood Vial"}],"event_choices":[{"damage_healed":0,"gold_gain":0,"player_choice":"Entered Light","damage_taken":16,"max_hp_gain":0,"max_hp_loss":0,"event_name":"Shining Light","floor":2,"gold_loss":0,"cards_upgraded":["Lockon","Defend_B"]},{"damage_healed":0,"gold_gain":0,"player_choice":"Got Potions","damage_taken":0,"max_hp_gain":0,"max_hp_loss":0,"event_name":"Lab","floor":4,"gold_loss":0},{"damage_healed":0,"gold_gain":0,"player_choice":"Grow","damage_taken":0,"max_hp_gain":0,"max_hp_loss":0,"event_name":"Living Wall","floor":13,"gold_loss":0,"cards_upgraded":["Hologram"]}],"is_beta":false,"boss_relics":[],"items_purged_floors":[],"is_endless":false,"potions_floor_spawned":[8],"killed_by":"Hexaghost","ascension_level":14}