{"gold_per_floor":[112,112,126,53,53,53,97,115,115,150,170,170,188,208,208,208],"floor_reached":16,"playtime":759,"items_purged":[],"score":164,"play_id":"513a2679-1716-4820-bb78-8cb67b44c838","local_time":"20190518181648","is_ascension_mode":true,"campfire_choices":[{"data":"Corruption","floor":6,"key":"SMITH"},{"data":"Rupture","floor":15,"key":"SMITH"}],"neow_cost":"NONE","seed_source_timestamp":5208747896574,"circlet_count":0,"master_deck":["Strike_R","Strike_R","Strike_R","Strike_R","Defend_R","Defend_R","Defend_R","Defend_R","Bash","Pommel Strike","Evolve","Thunderclap","Corruption+1","Ghostly Armor","Feel No Pain","Spot Weakness","Combust","Exhume","Rupture+1"],"relics":["Burning Blood","NeowsBlessing","Golden Idol","Dodecahedron","Bottled Lightning","Strawberry"],"potions_floor_usage":[10,13,16,16],"damage_taken":[{"damage":0,"enemies":"Cultist","floor":1,"turns":1},{"damage":0,"enemies":"Small Slimes","floor":3,"turns":1},{"damage":0,"enemies":"Gremlin Nob","floor":7,"turns":1},{"damage":5,"enemies":"2 Louse","floor":8,"turns":3},{"damage":50,"enemies":"Lagavulin","floor":10,"turns":7},{"damage":5,"enemies":"Blue Slaver","floor":11,"turns":5},{"damage":0,"enemies":"2 Fungi Beasts","floor":13,"turns":3},{"damage":13,"enemies":"Looter","floor":14,"turns":4},{"damage":39,"enemies":"The Guardian","floor":16,"turns":4}],"seed_played":"-1795062004230347035","potions_obtained":[{"floor":3,"key":"LiquidBronze"},{"floor":10,"key":"Fire Potion"},{"floor":11,"key":"Dexterity Potion"},{"floor":14,"key":"SteroidPotion"}],"is_trial":false,"path_per_floor":["M","?","M","$","?","R","E","M","T","E","M","?","M","M","R","B"],"character_chosen":"IRONCLAD","items_purchased":["Corruption"],"campfire_rested":0,"item_purchase_floors":[4],"current_hp_per_floor":[80,80,80,80,74,74,74,74,74,37,38,38,44,37,37,0],"gold":208,"neow_bonus":"THREE_ENEMY_KILL","is_prod":false,"is_daily":false,"chose_seed":false,"campfire_upgraded":2,"win_rate":0,"timestamp":1558196208,"path_taken":["M","?","M","$","?","R","E","M","T","E","M","?","M","M","R","BOSS"],"build_version":"2019-05-07","purchased_purges":0,"victory":false,"max_hp_per_floor":[80,80,80,80,74,74,74,74,74,81,81,81,81,81,81,81],"card_choices":[{"not_picked":["True Grit","Warcry"],"picked":"Pommel Strike","floor":1},{"not_picked":["Sword Boomerang","True Grit"],"picked":"Thunderclap","floor":3},{"not_picked":["Corruption","Dropkick"],"picked":"Ghostly Armor","floor":7},{"not_picked":["Cleave","Searing Blow"],"picked":"Feel No Pain","floor":8},{"not_picked":["Reckless Charge","Bloodletting"],"picked":"Spot Weakness","floor":10},{"not_picked":["True Grit","Wild Strike"],"picked":"Combust","floor":11},{"not_picked":["Reckless Charge","Iron Wave"],"picked":"Exhume","floor":13},{"not_picked":["Shrug It Off","Twin Strike"],"picked":"Rupture","floor":14}],"player_experience":289273,"relics_obtained":[{"floor":7,"key":"Dodecahedron"},{"floor":9,"key":"Bottled Lightning"},{"floor":10,"key":"Strawberry"}],"event_choices":[{"damage_healed":0,"gold_gain":0,"cards_transformed":["Strike_R"],"player_choice":"Change","damage_taken":0,"max_hp_gain":0,"max_hp_loss":0,"event_name":"Living Wall","floor":2,"gold_loss":0,"cards_obtained":["Evolve"]},{"damage_healed":0,"gold_gain":0,"player_choice":"Lose Max HP","damage_taken":0,"relics_obtained":["Golden Idol"],"max_hp_gain":0,"max_hp_loss":6,"event_name":"Golden Idol","floor":5,"gold_loss":0},{"damage_healed":0,"gold_gain":0,"player_choice":"Fled","damage_taken":0,"max_hp_gain":0,"max_hp_loss":0,"event_name":"Scrap Ooze","floor":12,"gold_loss":0}],"is_beta":true,"boss_relics":[],"items_purged_floors":[],"is_endless":false,"potions_floor_spawned":[3,10,11,14],"killed_by":"The Guardian","ascension_level":4}