{"gold_per_floor":[123,310,322,346,374,386,433,445,528,559,541,584,609,640,652,768,780,775,787],"floor_reached":19,"playtime":875,"items_purged":[],"score":269,"play_id":"539817ec-39cf-44fa-8abe-7a075223f2f3","local_time":"20190105165406","is_ascension_mode":true,"campfire_choices":[{"data":"Rampage","floor":6,"key":"SMITH"},{"data":"Double Tap","floor":8,"key":"SMITH"},{"floor":15,"key":"REST"}],"neow_cost":"NONE","seed_source_timestamp":497410078636500,"circlet_count":0,"master_deck":["AscendersBane","Strike_R","Strike_R","Strike_R","Strike_R","Strike_R","Defend_R","Defend_R","Defend_R","Defend_R","Bash","Rampage+1","Shrug It Off","Double Tap+1","Cleave","Uppercut","Pommel Strike","Armaments","Demon Form"],"relics":["Black Blood","MawBank","Bronze Scales","Kunai","Potion Belt"],"potions_floor_usage":[5,13,16],"damage_taken":[{"damage":4,"enemies":"2 Louse","floor":1,"turns":4},{"damage":1,"enemies":"Cultist","floor":4,"turns":4},{"damage":0,"enemies":"Jaw Worm","floor":5,"turns":3},{"damage":22,"enemies":"Lagavulin","floor":7,"turns":5},{"damage":13,"enemies":"Exordium Thugs","floor":10,"turns":4},{"damage":29,"enemies":"3 Sentries","floor":12,"turns":6},{"damage":8,"enemies":"2 Fungi Beasts","floor":13,"turns":3},{"damage":6,"enemies":"Red Slaver","floor":14,"turns":4},{"damage":37,"enemies":"Slime Boss","floor":16,"turns":12},{"damage":31,"enemies":"2 Thieves","floor":18,"turns":4},{"damage":52,"enemies":"Spheric Guardian","floor":19,"turns":5}],"seed_played":"-2267893453084493990","potions_obtained":[{"floor":4,"key":"SteroidPotion"},{"floor":5,"key":"Poison Potion"},{"floor":11,"key":"Block Potion"},{"floor":11,"key":"Dexterity Potion"},{"floor":13,"key":"GamblersBrew"},{"floor":14,"key":"Regen Potion"}],"is_trial":false,"path_per_floor":["M","?","?","M","M","R","E","R","T","M","?","E","M","M","R","B",null,"M","M"],"character_chosen":"IRONCLAD","items_purchased":[],"campfire_rested":1,"item_purchase_floors":[],"current_hp_per_floor":[74,74,74,79,80,80,64,64,64,57,57,34,32,32,56,25,66,45,0],"gold":787,"neow_bonus":"RANDOM_COMMON_RELIC","is_prod":false,"is_daily":false,"chose_seed":false,"campfire_upgraded":2,"win_rate":0,"timestamp":1546725246,"path_taken":["M","?","?","?","M","R","E","R","T","M","?","E","M","?","R","BOSS","M","M"],"build_version":"2019-01-03v4","purchased_purges":0,"victory":false,"max_hp_per_floor":[80,80,80,80,80,80,80,80,80,80,80,80,80,80,80,80,80,80,80],"card_choices":[{"not_picked":["True Grit","Shrug It Off"],"picked":"Rampage","floor":1},{"not_picked":["Flex","Rupture"],"picked":"Shrug It Off","floor":4},{"not_picked":["Hemokinesis","Cleave"],"picked":"Double Tap","floor":5},{"not_picked":["Sentinel","Twin Strike"],"picked":"Cleave","floor":7},{"not_picked":["Seeing Red","Body Slam"],"picked":"Uppercut","floor":10},{"not_picked":["Carnage","Cleave"],"picked":"Pommel Strike","floor":12},{"not_picked":["Blood for Blood","Second Wind"],"picked":"Armaments","floor":13},{"not_picked":["Dropkick","Entrench","Carnage"],"picked":"SKIP","floor":14},{"not_picked":["Limit Break","Barricade"],"picked":"Demon Form","floor":16},{"not_picked":["Disarm+1","Sentinel","Second Wind"],"picked":"SKIP","floor":18}],"player_experience":1711404,"relics_obtained":[{"floor":7,"key":"Bronze Scales"},{"floor":9,"key":"Kunai"},{"floor":12,"key":"Potion Belt"}],"event_choices":[{"damage_healed":0,"gold_gain":175,"player_choice":"AGREE","damage_taken":0,"max_hp_gain":0,"max_hp_loss":0,"event_name":"Liars Game","floor":2,"gold_loss":0,"cards_obtained":["Doubt"]},{"cards_removed":["Doubt"],"damage_healed":0,"gold_gain":0,"player_choice":"Removed Curses","damage_taken":0,"max_hp_gain":0,"max_hp_loss":0,"event_name":"Fountain of Cleansing","floor":3,"gold_loss":0},{"damage_healed":0,"gold_gain":0,"player_choice":"Bought 2 Potions","damage_taken":0,"max_hp_gain":0,"max_hp_loss":0,"event_name":"The Woman in Blue","floor":11,"gold_loss":0}],"is_beta":false,"boss_relics":[{"not_picked":["Tiny House","Astrolabe"],"picked":"Black Blood"}],"items_purged_floors":[],"is_endless":false,"potions_floor_spawned":[4,5,13,14],"killed_by":"Spheric Guardian","ascension_level":10}