{"gold_per_floor":[119,119,135,145,165,192,192,222,246,246],"floor_reached":10,"playtime":812,"items_purged":[],"score":94,"play_id":"ccaa83a2-942a-46dc-a66d-d2a324c69703","local_time":"20190423192147","is_ascension_mode":true,"campfire_choices":[{"data":"Zap","floor":7,"key":"SMITH"}],"neow_cost":"NONE","seed_source_timestamp":191144411458371,"circlet_count":0,"master_deck":["Strike_B","Strike_B","Strike_B","Defend_B","Defend_B","Defend_B","Defend_B","Zap+1","Dualcast","Rainbow","Sweeping Beam","Redo","Streamline","Ball Lightning","Cold Snap","Darkness"],"relics":["Cracked Core","Potion Belt","Anchor","Dream Catcher"],"potions_floor_usage":[10],"damage_taken":[{"damage":0,"enemies":"Small Slimes","floor":1,"turns":3},{"damage":0,"enemies":"Cultist","floor":3,"turns":3},{"damage":3,"enemies":"Jaw Worm","floor":4,"turns":4},{"damage":8,"enemies":"Blue Slaver","floor":5,"turns":3},{"damage":25,"enemies":"Lagavulin","floor":6,"turns":6},{"damage":28,"enemies":"Gremlin Nob","floor":8,"turns":4},{"damage":18,"enemies":"Lagavulin","floor":10,"turns":2}],"seed_played":"4029031487956740445","potions_obtained":[{"floor":8,"key":"FearPotion"}],"is_trial":false,"path_per_floor":["M","?","M","M","M","E","R","E","T","E"],"character_chosen":"DEFECT","items_purchased":[],"campfire_rested":0,"item_purchase_floors":[],"current_hp_per_floor":[75,75,75,72,64,39,39,11,11,0],"gold":246,"neow_bonus":"ONE_RANDOM_RARE_CARD","is_prod":false,"is_daily":false,"chose_seed":false,"campfire_upgraded":1,"win_rate":0,"timestamp":1556040107,"path_taken":["M","?","?","?","M","E","R","E","T","E"],"build_version":"2019-04-21","purchased_purges":0,"victory":false,"max_hp_per_floor":[75,75,75,75,75,75,75,75,75,75],"card_choices":[{"not_picked":["Gash","Rebound"],"picked":"Sweeping Beam","floor":1},{"not_picked":["Sunder","Hologram"],"picked":"Redo","floor":3},{"not_picked":["Coolheaded","Electrodynamics"],"picked":"Streamline","floor":4},{"not_picked":["Heatsinks","Undo"],"picked":"Ball Lightning","floor":5},{"not_picked":["Go for the Eyes","Consume"],"picked":"Cold Snap","floor":6},{"not_picked":["Chill","Rebound"],"picked":"Darkness","floor":8}],"player_experience":1176406,"relics_obtained":[{"floor":6,"key":"Potion Belt"},{"floor":8,"key":"Anchor"},{"floor":9,"key":"Dream Catcher"}],"event_choices":[{"cards_removed":["Strike_B"],"damage_healed":0,"gold_gain":0,"player_choice":"Purged","damage_taken":0,"max_hp_gain":0,"max_hp_loss":0,"event_name":"Purifier","floor":2,"gold_loss":0}],"is_beta":true,"boss_relics":[],"items_purged_floors":[],"is_endless":false,"potions_floor_spawned":[8],"killed_by":"Lagavulin","ascension_level":4}