{"gold_per_floor":[16,29,29,48,67,94,94,125,125,145,164,175,195,195,195,299,299,311,311,44,44,64,89,89,119,119,119,134,150,50,63,63,168,168,186,27,27,40,55,82,82,11,38,38,57,69,84,103,103,103],"floor_reached":50,"playtime":2588,"items_purged":["Strike_B","Strike_B","Defend_B"],"score":530,"play_id":"7d6cdf59-eaaf-42f7-ad3a-95a549b56fb9","local_time":"20180809171206","is_ascension_mode":false,"campfire_choices":[{"data":"Electrodynamics","floor":7,"key":"SMITH"},{"floor":15,"key":"REST"},{"floor":27,"key":"REST"},{"floor":32,"key":"REST"},{"floor":41,"key":"REST"},{"data":"Biased Cognition","floor":44,"key":"SMITH"},{"floor":49,"key":"REST"}],"neow_cost":"NO_GOLD","seed_source_timestamp":943506520720,"circlet_count":0,"master_deck":["Defend_B","Defend_B","Defend_B","Zap","Dualcast","Barrage","Electrodynamics+1","Redo","Conserve Battery","Tempest","Static Discharge+1","Auto Shields","Leap","Fission","Conserve Battery+1","Biased Cognition+1","Self Repair","Leap+1"],"relics":["Cracked Core","Bottled Lightning","Art of War","Orichalcum","Busted Crown","Runic Capacitor","Mercury Hourglass","Enchiridion","Pantograph","Unceasing Top","Nuclear Battery","Torii","Dodecahedron","Bag of Marbles"],"potions_floor_usage":[6,6,6,6,23,31,33,40,40,40,50,50],"damage_taken":[{"damage":6,"enemies":"Jaw Worm","floor":1,"turns":3},{"damage":1,"enemies":"Cultist","floor":2,"turns":3},{"damage":0,"enemies":"Small Slimes","floor":4,"turns":3},{"damage":1,"enemies":"2 Fungi Beasts","floor":5,"turns":2},{"damage":1,"enemies":"Gremlin Nob","floor":6,"turns":3},{"damage":38,"enemies":"Lagavulin","floor":8,"turns":6},{"damage":0,"enemies":"Lots of Slimes","floor":10,"turns":1},{"damage":0,"enemies":"Large Slime","floor":11,"turns":3},{"damage":0,"enemies":"2 Fungi Beasts","floor":12,"turns":2},{"damage":9,"enemies":"Lots of Slimes","floor":13,"turns":2},{"damage":20,"enemies":"The Guardian","floor":16,"turns":7},{"damage":0,"enemies":"Spheric Guardian","floor":18,"turns":3},{"damage":7,"enemies":"3 Byrds","floor":22,"turns":3},{"damage":28,"enemies":"Slavers","floor":23,"turns":3},{"damage":15,"enemies":"Book of Stabbing","floor":25,"turns":4},{"damage":5,"enemies":"Cultist and Chosen","floor":28,"turns":4},{"damage":10,"enemies":"Snecko","floor":29,"turns":3},{"damage":0,"enemies":"Sentry and Sphere","floor":31,"turns":3},{"damage":39,"enemies":"Collector","floor":33,"turns":9},{"damage":0,"enemies":"3 Darklings","floor":35,"turns":2},{"damage":3,"enemies":"Flame Bruiser 1 Orb","floor":38,"turns":4},{"damage":4,"enemies":"Spire Growth","floor":39,"turns":3},{"damage":46,"enemies":"Giant Head","floor":40,"turns":9},{"damage":0,"enemies":"Transient","floor":45,"turns":5},{"damage":0,"enemies":"Sphere and 2 Shapes","floor":46,"turns":1},{"damage":12,"enemies":"3 Darklings","floor":47,"turns":2},{"damage":17,"enemies":"Maw","floor":48,"turns":6},{"damage":77,"enemies":"Awakened One","floor":50,"turns":5}],"seed_played":"4992053241926996313","potions_obtained":[{"floor":1,"key":"Weak Potion"},{"floor":2,"key":"LiquidBronze"},{"floor":3,"key":"Explosive Potion"},{"floor":3,"key":"EntropicBrew"},{"floor":6,"key":"FearPotion"},{"floor":28,"key":"FocusPotion"},{"floor":31,"key":"Explosive Potion"},{"floor":35,"key":"Swift Potion"},{"floor":39,"key":"Fire Potion"},{"floor":45,"key":"SpeedPotion"},{"floor":48,"key":"AttackPotion"}],"is_trial":false,"path_per_floor":["M","M","?","M","M","E","R","E","T","M","M","M","M","?","R","B",null,"M","?","$","?","M","E","?","E","T","R","M","M","$","M","R","B",null,"M","$","?","M","M","E","R","?","T","R","M","M","M","M","R"],"character_chosen":"DEFECT","items_purchased":["Runic Capacitor","Self Repair"],"campfire_rested":5,"item_purchase_floors":[20,36],"current_hp_per_floor":[69,68,68,68,67,66,66,28,28,28,28,28,19,19,41,21,75,75,75,75,75,68,40,24,9,9,31,26,16,16,16,38,24,75,75,75,75,75,75,36,58,58,58,58,65,65,60,50,72,0],"gold":103,"neow_bonus":"TRANSFORM_TWO_CARDS","is_prod":false,"is_daily":false,"chose_seed":false,"campfire_upgraded":2,"win_rate":0,"timestamp":1533849126,"path_taken":["M","M","?","M","M","E","R","E","T","M","M","M","M","?","R","BOSS","M","?","$","?","?","E","?","E","T","R","M","M","?","M","R","BOSS","M","$","?","M","M","E","R","?","T","R","M","M","M","M","R","BOSS"],"build_version":"2018-08-02","purchased_purges":3,"victory":false,"max_hp_per_floor":[75,75,75,75,75,75,75,75,75,75,75,75,75,75,75,75,75,75,75,75,75,75,75,75,75,75,75,75,75,75,75,75,75,75,75,75,75,75,75,75,75,75,75,75,75,75,75,75,75,75],"card_choices":[{"not_picked":["Genetic Algorithm","Rebound","Fusion"],"picked":"SKIP","floor":1},{"not_picked":["Go for the Eyes","Heatsinks"],"picked":"Redo","floor":2},{"not_picked":["Static Discharge","Glacier"],"picked":"Conserve Battery","floor":4},{"not_picked":["Heatsinks","Reinforced Body"],"picked":"Tempest","floor":5},{"not_picked":["Hello World","Gash","Lockon"],"picked":"SKIP","floor":6},{"not_picked":["Beam Cell","Gash"],"picked":"Static Discharge","floor":8},{"not_picked":["Barrage","Beam Cell"],"picked":"Ball Lightning","floor":10},{"not_picked":["Coolheaded","All For One","Barrage"],"picked":"SKIP","floor":11},{"not_picked":["Coolheaded","Hologram"],"picked":"Auto Shields","floor":12},{"not_picked":["Sweeping Beam","Barrage"],"picked":"Leap","floor":13},{"not_picked":["Rainbow","Electrodynamics"],"picked":"Fission","floor":16},{"not_picked":["Redo"],"picked":"SKIP","floor":18},{"not_picked":["Compile Driver+1"],"picked":"SKIP","floor":22},{"not_picked":["Scrape"],"picked":"SKIP","floor":23},{"not_picked":[],"picked":"Conserve Battery+1","floor":25},{"not_picked":["Beam Cell+1"],"picked":"SKIP","floor":28},{"not_picked":["Streamline+1"],"picked":"SKIP","floor":29},{"not_picked":["Sunder+1"],"picked":"SKIP","floor":31},{"not_picked":[],"picked":"Biased Cognition","floor":33},{"not_picked":["Blizzard+1"],"picked":"SKIP","floor":35},{"not_picked":["Chill+1"],"picked":"SKIP","floor":38},{"not_picked":["Sweeping Beam"],"picked":"SKIP","floor":39},{"not_picked":["Capacitor"],"picked":"SKIP","floor":40},{"not_picked":[],"picked":"Leap+1","floor":45},{"not_picked":["Gash+1"],"picked":"SKIP","floor":46},{"not_picked":["Cold Snap+1"],"picked":"SKIP","floor":47},{"not_picked":["Cold Snap+1"],"picked":"SKIP","floor":48}],"player_experience":594337,"relics_obtained":[{"floor":6,"key":"Bottled Lightning"},{"floor":8,"key":"Art of War"},{"floor":9,"key":"Orichalcum"},{"floor":23,"key":"Mercury Hourglass"},{"floor":24,"key":"Enchiridion"},{"floor":25,"key":"Pantograph"},{"floor":26,"key":"Unceasing Top"},{"floor":40,"key":"Torii"},{"floor":43,"key":"Bag of Marbles"}],"event_choices":[{"event_name":"The Lab","player_choice":"Got Potions","floor":3,"damage_taken":0},{"event_name":"Accursed Blacksmith","player_choice":"Forge","floor":14,"damage_taken":0},{"event_name":"Drug Dealer","player_choice":"Ignored","floor":19,"damage_taken":0},{"event_name":"Vampires","player_choice":"Ignored","floor":21,"damage_taken":0},{"event_name":"Cursed Tome","player_choice":"Obtained Book","floor":24,"damage_taken":0},{"event_name":"Falling","player_choice":"Removed Attack","floor":37,"damage_taken":0},{"event_name":"WeMeetAgain","player_choice":"Gold","floor":42,"damage_taken":0}],"is_beta":false,"boss_relics":[{"not_picked":["Coffee Dripper","Ectoplasm"],"picked":"Busted Crown"},{"not_picked":["Sozu","Velvet Choker"],"picked":"Nuclear Battery"}],"items_purged_floors":[20,30,36],"is_endless":false,"potions_floor_spawned":[1,2,6,8,10,12,18,28,31,35,39,45,48],"killed_by":"Awakened One","ascension_level":0}