{"path_per_floor":["M","M","?","M","M","E","M","R","T","R","E","?","M","?","R","B",null,"M","M","$","M","M","R","E","M","T","R","?","M","?","?","R"],"character_chosen":"IRONCLAD","items_purchased":["Bottled Lightning","Inflame"],"gold_per_floor":[114,126,126,137,156,181,199,199,222,222,251,251,271,271,271,401,401,420,434,21,37,51,51,84,109,109,109,109,132,132,132,132],"floor_reached":33,"campfire_rested":4,"playtime":4917,"current_hp_per_floor":[80,79,76,75,76,48,54,54,54,78,76,69,71,77,77,31,86,68,54,54,53,16,41,12,9,9,34,40,25,25,25,52],"items_purged":["Defend_R"],"gold":132,"play_id":"9e3ee0eb-5c1d-4f6d-93ce-82e3b32583b0","is_prod":false,"is_daily":false,"campfire_rituals":0,"campfire_upgraded":2,"is_hardmode":false,"path_taken":["M","M","?","?","M","E","M","R","T","R","E","?","M","?","R","BOSS","M","M","$","M","M","R","E","M","T","R","?","M","?","?","R","BOSS"],"build_version":"2018-01-18-PROD4","purchased_purges":1,"victory":false,"master_deck":["Strike_R","Strike_R","Strike_R","Defend_R","Bash","Shrug It Off","Clash","Headbutt","Seeing Red","Pommel Strike","Metallicize","Iron Wave","Rupture","Injury","Offering","Sentinel","Impervious","Impervious","Armaments","Clash","Inflame","Searing Blow","Brutality","Sword Boomerang","Clash","Rupture","Burning Pact"],"max_hp_per_floor":[80,80,80,80,80,80,80,80,80,80,80,80,80,86,86,86,86,86,86,86,86,86,86,86,86,86,86,92,92,92,92,92],"relics":["Burning Blood","Orichalcum","Darkstone Periapt","Juzu Bracelet","Gremlin Horn","Bloody Idol","Astrolabe","Bottled Lightning","Oddly Smooth Stone","Vajra","Dream Catcher"],"campfire_meditates":0,"card_choices":[{"not_picked":["Fire Breathing","Armaments"],"picked":"Shrug It Off"},{"not_picked":["Body Slam","Sword Boomerang"],"picked":"Clash"},{"not_picked":["Feel No Pain","Body Slam"],"picked":"Headbutt"},{"not_picked":["Clash","Sword Boomerang"],"picked":"Seeing Red"},{"not_picked":["Clothesline","Armaments"],"picked":"Pommel Strike"},{"not_picked":["Havoc","Combust"],"picked":"Metallicize"},{"not_picked":["Corruption","Feel No Pain"],"picked":"Iron Wave"},{"not_picked":["Cleave","Perfected Strike"],"picked":"Rupture"},{"not_picked":["Brutality","Dark Embrace"],"picked":"Offering"},{"not_picked":["Headbutt","Pommel Strike"],"picked":"Armaments"},{"not_picked":["Burning Pact","Bloodletting"],"picked":"Clash"},{"not_picked":["Pummel","Flex"],"picked":"Searing Blow"},{"not_picked":["Reckless Charge","True Grit"],"picked":"Brutality"},{"not_picked":["Rage","Havoc"],"picked":"Sword Boomerang"},{"not_picked":["Sentinel","Reckless Charge"],"picked":"Clash"},{"not_picked":["Sword Boomerang","Inflame"],"picked":"Rupture"},{"not_picked":["Headbutt","Pommel Strike"],"picked":"Burning Pact"}],"player_experience":62682,"potions_floor_usage":[6,16,16,16,24,33],"damage_taken":[{"damage":2,"enemies":"2 Louse","floor":1,"turns":3},{"damage":7,"enemies":"Jaw Worm","floor":2,"turns":5},{"damage":7,"enemies":"Blue Slaver","floor":4,"turns":3},{"damage":5,"enemies":"Lots of Slimes","floor":5,"turns":6},{"damage":34,"enemies":"3 Sentries","floor":6,"turns":11},{"damage":0,"enemies":"3 Louse","floor":7,"turns":3},{"damage":8,"enemies":"Gremlin Nob","floor":11,"turns":4},{"damage":4,"enemies":"Looter","floor":13,"turns":3},{"damage":52,"enemies":"The Guardian","floor":16,"turns":12},{"damage":24,"enemies":"3 Byrds","floor":18,"turns":8},{"damage":20,"enemies":"Shell Parasite","floor":19,"turns":7},{"damage":7,"enemies":"Snecko","floor":21,"turns":6},{"damage":43,"enemies":"3 Cultists","floor":22,"turns":8},{"damage":35,"enemies":"Slavers","floor":24,"turns":6},{"damage":9,"enemies":"Sentry and Sphere","floor":25,"turns":6},{"damage":21,"enemies":"Snecko","floor":29,"turns":6},{"damage":60,"enemies":"Collector","floor":33,"turns":7}],"event_choices":[{"event_name":"Scrap Ooze","player_choice":"success","floor":3,"damage_taken":3},{"event_name":"Golden Wing","player_choice":"Card Removal","floor":12,"damage_taken":0},{"event_name":"Golden Idol","player_choice":"Take Wound","floor":14,"damage_taken":0},{"event_name":"The Mausoleum","player_choice":"Yes","floor":28,"damage_taken":0},{"event_name":"Forgotten Altar","player_choice":"Gave Idol","floor":30,"damage_taken":0},{"event_name":"Back to Basics","player_choice":"Elegance","floor":31,"damage_taken":0}],"boss_relics":[{"not_picked":["Velvet Choker","Tiny House"],"picked":"Astrolabe"}],"potions_floor_spawned":[2,6,11,13,22,29],"seed_played":"-3613073379065674714","killed_by":"Collector","is_trial":false}