{"path_per_floor":["M","M","T","?","$","R","E","R","T","M","M","R","M","M","R","B",null,"M","M","?","?","M","R","$","M","T","R","M","?","E","$","R","B",null,"M","M","?","$","?","R","E","R","T","M","R","M","R","?","R","B"],"character_chosen":"IRONCLAD","items_purchased":["Dead Branch","Shrug It Off","Corruption","Juggernaut","Fiend Fire"],"gold_per_floor":[109,129,154,329,10,10,41,41,41,53,73,73,87,105,105,203,203,216,228,228,228,244,244,92,104,104,104,121,121,152,2,2,102,102,114,132,184,37,37,37,62,62,62,78,78,94,94,94,94,94],"floor_reached":51,"campfire_rested":0,"playtime":3917,"current_hp_per_floor":[75,80,80,80,80,80,56,56,56,60,66,66,72,78,78,13,80,69,67,56,56,46,46,46,56,56,56,56,56,45,45,45,56,56,60,60,57,57,47,47,64,64,64,64,64,68,68,68,68,48],"items_purged":["Doubt"],"gold":94,"play_id":"93d37b30-88d6-43b4-8ffc-80808b3114e7","is_prod":false,"is_daily":false,"is_ascension_mode":false,"campfire_upgraded":9,"path_taken":["M","?","?","?","$","R","E","R","T","M","?","R","M","M","R","BOSS","M","?","?","?","?","R","$","M","T","R","M","?","E","?","R","BOSS","M","M","?","$","?","R","E","R","T","M","R","?","R","?","R","BOSS"],"build_version":"2018-01-25-PROD3","purchased_purges":4,"victory":true,"master_deck":["Defend_R","Defend_R","Defend_R","Defend_R","Body Slam+1","Feel No Pain+1","Shrug It Off+1","Anger","Disarm","Seeing Red+1","Havoc","Infernal Blade","Dark Embrace+1","Infernal Blade","Power Through+1","Bite_R","Bite_R","Bite_R","Bite_R","Bite_R","Spot Weakness","Warcry+1","Corruption+1","Feed+1","True Grit","Juggernaut","Impervious","Flame Barrier+1","Pommel Strike+1","Combust+1","Fiend Fire+1","Madness","Madness","Headbutt+1","Pummel+1"],"max_hp_per_floor":[80,80,80,80,80,80,80,80,80,80,80,80,80,80,80,80,80,80,80,56,56,56,56,56,56,56,56,56,56,56,56,56,56,56,60,60,64,64,64,64,64,64,64,64,64,68,68,68,68,68],"relics":["Burning Blood","Vajra","Dead Branch","Mummified Hand","Girya","Sozu","Dodecahedron","Bronze Scales","Frozen Eye","Black Star","Bird Faced Urn","Pantograph","Ornamental Fan","Ice Cream"],"card_choices":[{"not_picked":["Heavy Blade","True Grit"],"picked":"Body Slam"},{"not_picked":["Havoc","Intimidate"],"picked":"Feel No Pain"},{"not_picked":["Shrug It Off","Havoc"],"picked":"Anger"},{"not_picked":["Searing Blow","Clothesline"],"picked":"Disarm"},{"not_picked":["Shrug It Off","Battle Trance"],"picked":"Seeing Red"},{"not_picked":["Hemokinesis","Combust"],"picked":"Havoc"},{"not_picked":["Headbutt","Sentinel"],"picked":"Infernal Blade"},{"not_picked":["Feed","Berserk"],"picked":"Dark Embrace"},{"not_picked":["Clothesline","Heavy Blade"],"picked":"Infernal Blade"},{"not_picked":["Carnage","Uppercut"],"picked":"Power Through"},{"not_picked":["Twin Strike","Anger"],"picked":"Warcry"},{"not_picked":["Cleave","Clash"],"picked":"Feed"},{"not_picked":["Anger","Rampage"],"picked":"True Grit"},{"not_picked":["Brutality","Exhume"],"picked":"Impervious"},{"not_picked":["Wild Strike","Inflame"],"picked":"Flame Barrier"},{"not_picked":["Shrug It Off","Perfected Strike"],"picked":"Pommel Strike"},{"not_picked":["Sever Soul","Heavy Blade"],"picked":"Combust"},{"not_picked":["Sever Soul","Sword Boomerang"],"picked":"Headbutt"},{"not_picked":["Ghostly Armor","Dropkick"],"picked":"Pummel"}],"player_experience":290962,"potions_floor_usage":[7,13],"damage_taken":[{"damage":11,"enemies":"Blue Slaver","floor":1,"turns":5},{"damage":0,"enemies":"Small Slimes","floor":2,"turns":6},{"damage":30,"enemies":"Gremlin Nob","floor":7,"turns":5},{"damage":2,"enemies":"Jaw Worm","floor":10,"turns":3},{"damage":0,"enemies":"Lots of Slimes","floor":11,"turns":4},{"damage":0,"enemies":"Gremlin Gang","floor":13,"turns":3},{"damage":0,"enemies":"Looter","floor":14,"turns":2},{"damage":71,"enemies":"Slime Boss","floor":16,"turns":13},{"damage":17,"enemies":"2 Thieves","floor":18,"turns":3},{"damage":8,"enemies":"Shell Parasite","floor":19,"turns":4},{"damage":20,"enemies":"3 Cultists","floor":22,"turns":7},{"damage":0,"enemies":"Chosen and Byrds","floor":25,"turns":4},{"damage":0,"enemies":"Snake Plant","floor":28,"turns":5},{"damage":19,"enemies":"Book of Stabbing","floor":30,"turns":3},{"damage":0,"enemies":"Automaton","floor":33,"turns":5},{"damage":6,"enemies":"3 Shapes","floor":35,"turns":3},{"damage":0,"enemies":"3 Darklings","floor":36,"turns":3},{"damage":21,"enemies":"Mysterious Sphere","floor":37,"turns":3},{"damage":1,"enemies":"Giant Head","floor":41,"turns":4},{"damage":4,"enemies":"Sphere and 2 Shapes","floor":44,"turns":3},{"damage":0,"enemies":"4 Shapes","floor":46,"turns":3},{"damage":36,"enemies":"Time Eater","floor":50,"turns":8}],"event_choices":[{"event_name":"Liars Game","player_choice":"agreed","floor":4,"damage_taken":0},{"event_name":"Vampires","player_choice":"Became a vampire","floor":20,"damage_taken":0},{"event_name":"Match and Keep!","player_choice":"1 cards matched","floor":21,"damage_taken":0},{"event_name":"The Mausoleum","player_choice":"Yes","floor":29,"damage_taken":0},{"event_name":"Mysterious Sphere","player_choice":"Fight","floor":37,"damage_taken":0},{"event_name":"Winding Halls","player_choice":"Embrace Madness","floor":39,"damage_taken":0},{"event_name":"The Lab","player_choice":"Got Potions","floor":48,"damage_taken":0}],"boss_relics":[{"not_picked":["Lizard Tail","Philosopher\u0027s Stone"],"picked":"Sozu"},{"not_picked":["White Beast Statue","Question Card"],"picked":"Black Star"}],"potions_floor_spawned":[2,7,14,16,18,28,30,35,36,44],"seed_played":"5961693564425097162","ascension_level":0,"is_trial":false}