{"gold_per_floor":[111,61,72,83,96,96,124,124,180,180,206,224,31,56,56,132,132,145,70,88,3,3,36,51,51,105,122,153,153,153,185,185,261,261,280,290,290,290,310,310,323,323,349,361,361,321,332,63,63,63],"floor_reached":51,"playtime":4228,"items_purged":["Strike_G"],"score":1196,"play_id":"33f373b7-7f8b-4691-8ecc-abad22f556f0","local_time":"20190429215334","is_ascension_mode":true,"campfire_choices":[{"data":"Neutralize","floor":6,"key":"SMITH"},{"floor":8,"key":"REST"},{"data":"Noxious Fumes","floor":10,"key":"SMITH"},{"floor":15,"key":"REST"},{"data":"Catalyst","floor":25,"key":"SMITH"},{"data":"Bouncing Flask","floor":30,"key":"SMITH"},{"data":"Leg Sweep","floor":32,"key":"SMITH"},{"data":"Malaise","floor":40,"key":"SMITH"},{"data":"Footwork","floor":45,"key":"SMITH"},{"floor":49,"key":"REST"}],"neow_cost":"NONE","seed_source_timestamp":715223353467666,"circlet_count":0,"master_deck":["AscendersBane","Defend_G","Defend_G","Defend_G","Defend_G","Defend_G","Survivor","Neutralize+1","Catalyst+1","Backstab","Dagger Spray","Backflip","Escape Plan","Noxious Fumes+1","Noxious Fumes","Bouncing Flask+1","PiercingWail","Cloak And Dagger","Corpse Explosion","Blur","Dagger Spray","Quick Slash","Leg Sweep+1","Malaise+1","Bouncing Flask+1","Leg Sweep+1","Burst","PiercingWail+1","Footwork+1","Backflip+1"],"relics":["Ring of the Snake","Boot","Tiny Chest","Anchor","Bronze Scales","StoneCalendar","Runic Pyramid","Oddly Smooth Stone","Calipers","PreservedInsect","Bag of Marbles","Regal Pillow","Lizard Tail","Potion Belt","Vajra","Snake Skull"],"potions_floor_usage":[7,7,16,16,27,31,36,47,47,50],"damage_taken":[{"damage":5,"enemies":"Small Slimes","floor":1,"turns":7},{"damage":0,"enemies":"2 Louse","floor":3,"turns":3},{"damage":1,"enemies":"Jaw Worm","floor":4,"turns":5},{"damage":2,"enemies":"3 Louse","floor":5,"turns":3},{"damage":30,"enemies":"Gremlin Nob","floor":7,"turns":6},{"damage":10,"enemies":"Lagavulin","floor":11,"turns":8},{"damage":0,"enemies":"Lots of Slimes","floor":12,"turns":2},{"damage":30,"enemies":"Gremlin Nob","floor":14,"turns":4},{"damage":23,"enemies":"The Guardian","floor":16,"turns":7},{"damage":0,"enemies":"3 Byrds","floor":18,"turns":2},{"damage":0,"enemies":"Chosen","floor":20,"turns":4},{"damage":22,"enemies":"Slavers","floor":23,"turns":4},{"damage":0,"enemies":"Snake Plant","floor":24,"turns":4},{"damage":1,"enemies":"Centurion and Healer","floor":27,"turns":5},{"damage":20,"enemies":"Book of Stabbing","floor":28,"turns":5},{"damage":0,"enemies":"Slavers","floor":31,"turns":2},{"damage":41,"enemies":"Champ","floor":33,"turns":11},{"damage":0,"enemies":"3 Shapes","floor":35,"turns":2},{"damage":22,"enemies":"Orb Walker","floor":36,"turns":4},{"damage":3,"enemies":"Maw","floor":39,"turns":7},{"damage":1,"enemies":"4 Shapes","floor":41,"turns":6},{"damage":15,"enemies":"Writhing Mass","floor":44,"turns":6},{"damage":17,"enemies":"Jaw Worm Horde","floor":47,"turns":3},{"damage":61,"enemies":"Donu and Deca","floor":50,"turns":10}],"seed_played":"246366306891782832","potions_obtained":[{"floor":1,"key":"FairyPotion"},{"floor":4,"key":"Weak Potion"},{"floor":5,"key":"AttackPotion"},{"floor":7,"key":"Fire Potion"},{"floor":14,"key":"AttackPotion"},{"floor":24,"key":"Regen Potion"},{"floor":28,"key":"Explosive Potion"},{"floor":33,"key":"Weak Potion"},{"floor":35,"key":"Swift Potion"},{"floor":44,"key":"Fruit Juice"},{"floor":46,"key":"Fruit Juice"},{"floor":46,"key":"FearPotion"},{"floor":47,"key":"SteroidPotion"}],"is_trial":false,"path_per_floor":["M","?","M","M","M","R","E","R","T","R","E","M","$","E","R","B",null,"M","?","M","?","?","E","M","R","T","M","E","?","R","E","R","B",null,"M","M","?","?","M","R","M","T","T","M","R","?","M","$","R","B",null],"character_chosen":"THE_SILENT","items_purchased":["Bronze Scales","PiercingWail","Snake Skull","PowerPotion"],"campfire_rested":3,"item_purchase_floors":[13,13,48,48],"current_hp_per_floor":[58,58,58,57,55,55,25,46,46,46,36,36,36,6,27,4,54,54,54,54,54,54,32,32,32,32,46,26,49,49,49,49,8,55,55,33,61,61,58,58,57,57,57,42,42,42,35,35,71,10],"gold":63,"neow_bonus":"TRANSFORM_CARD","is_prod":false,"is_daily":false,"chose_seed":false,"campfire_upgraded":7,"win_rate":0,"timestamp":1556567614,"path_taken":["M","?","M","M","M","R","E","R","T","R","E","M","$","E","R","BOSS","M","?","M","?","?","E","?","R","T","M","E","?","R","E","R","BOSS","M","M","?","?","M","R","M","?","T","M","R","?","M","$","R","BOSS"],"build_version":"2019-04-23","purchased_purges":1,"victory":true,"max_hp_per_floor":[70,70,70,70,70,70,70,70,70,70,70,70,70,70,70,70,70,70,70,70,70,70,70,70,70,70,70,70,70,70,70,70,70,70,70,70,61,61,61,61,61,61,61,61,61,61,71,71,71,71],"card_choices":[{"not_picked":["Sucker Punch","Acrobatics"],"picked":"Backstab","floor":1},{"not_picked":["Infinite Blades","Choke"],"picked":"Dagger Spray","floor":3},{"not_picked":["PiercingWail","Eviscerate"],"picked":"Backflip","floor":4},{"not_picked":["Eviscerate","Prepared"],"picked":"Escape Plan","floor":5},{"not_picked":["Underhanded Strike","Slice"],"picked":"Noxious Fumes","floor":7},{"not_picked":["Bullet Time","Reflex"],"picked":"Noxious Fumes","floor":11},{"not_picked":["Backflip","Calculated Gamble"],"picked":"Bouncing Flask","floor":12},{"not_picked":["Endless Agony","Outmaneuver"],"picked":"Cloak And Dagger","floor":14},{"not_picked":["Die Die Die","Adrenaline"],"picked":"Corpse Explosion","floor":16},{"not_picked":["Outmaneuver","Finisher"],"picked":"Blur","floor":18},{"not_picked":["Flying Knee","Distraction"],"picked":"Dagger Spray","floor":20},{"not_picked":["Sucker Punch","Noxious Fumes"],"picked":"Leg Sweep+1","floor":23},{"not_picked":["Underhanded Strike","Blade Dance","Outmaneuver"],"picked":"SKIP","floor":24},{"not_picked":["Bane","Acrobatics+1"],"picked":"Malaise","floor":27},{"not_picked":["Cloak And Dagger","Blade Dance"],"picked":"Bouncing Flask+1","floor":28},{"not_picked":["Outmaneuver","Unload"],"picked":"Leg Sweep","floor":31},{"not_picked":["Unload","Glass Knife"],"picked":"Burst","floor":33},{"not_picked":["Endless Agony","Blade Dance","Deflect+1"],"picked":"SKIP","floor":35},{"not_picked":["Backflip","Bouncing Flask"],"picked":"PiercingWail+1","floor":36},{"not_picked":["All Out Attack","Quick Slash+1","Slice"],"picked":"SKIP","floor":39},{"not_picked":["Catalyst+1","Slice"],"picked":"Footwork","floor":41},{"not_picked":["Acrobatics+1","Sucker Punch"],"picked":"Backflip+1","floor":44},{"not_picked":["Infinite Blades","Underhanded Strike","Prepared+1"],"picked":"SKIP","floor":47}],"player_experience":1336108,"relics_obtained":[{"floor":7,"key":"Boot"},{"floor":9,"key":"Tiny Chest"},{"floor":11,"key":"Anchor"},{"floor":14,"key":"StoneCalendar"},{"floor":23,"key":"Calipers"},{"floor":26,"key":"PreservedInsect"},{"floor":28,"key":"Bag of Marbles"},{"floor":31,"key":"Regal Pillow"},{"floor":42,"key":"Potion Belt"},{"floor":43,"key":"Vajra"}],"event_choices":[{"cards_removed":["Strike_G"],"damage_healed":0,"gold_gain":0,"player_choice":"Card Removal","damage_taken":0,"max_hp_gain":0,"max_hp_loss":0,"event_name":"The Cleric","floor":2,"gold_loss":50},{"cards_removed":["Strike_G"],"damage_healed":0,"gold_gain":0,"player_choice":"Gave Gold","damage_taken":0,"max_hp_gain":0,"max_hp_loss":0,"event_name":"Beggar","floor":19,"gold_loss":75},{"damage_healed":0,"gold_gain":0,"player_choice":"Obtained Relic","damage_taken":0,"relics_obtained":["Oddly Smooth Stone"],"max_hp_gain":0,"max_hp_loss":0,"event_name":"Addict","floor":21,"gold_loss":85},{"damage_healed":0,"gold_gain":0,"cards_transformed":["Strike_G"],"player_choice":"Transformed","damage_taken":0,"max_hp_gain":0,"max_hp_loss":0,"event_name":"Transmorgrifier","floor":22,"gold_loss":0,"cards_obtained":["Quick Slash"]},{"damage_healed":23,"gold_gain":0,"player_choice":"Heal","damage_taken":0,"max_hp_gain":0,"max_hp_loss":0,"event_name":"The Library","floor":29,"gold_loss":0},{"damage_healed":61,"gold_gain":0,"player_choice":"Heal","damage_taken":0,"max_hp_gain":0,"max_hp_loss":9,"event_name":"The Moai Head","floor":37,"gold_loss":0},{"damage_healed":0,"gold_gain":0,"player_choice":"Ignored","damage_taken":0,"max_hp_gain":0,"max_hp_loss":0,"event_name":"Tomb of Lord Red Mask","floor":38,"gold_loss":0},{"damage_healed":0,"gold_gain":0,"player_choice":"Bought 3 Potions","damage_taken":0,"max_hp_gain":0,"max_hp_loss":0,"event_name":"The Woman in Blue","floor":46,"gold_loss":0}],"is_beta":true,"boss_relics":[{"not_picked":["Eternal Feather","HoveringKite"],"picked":"Runic Pyramid"},{"not_picked":["Velvet Choker","Snecko Eye"],"picked":"Lizard Tail"}],"items_purged_floors":[48],"is_endless":false,"potions_floor_spawned":[1,4,5,7,14,24,28,33,35,44,47],"ascension_level":13}