{"gold_per_floor":[114,114,114,114,4,33,33,53,53,53,65,80,115,115,115,211,211,226,245,245,295,306,339,339,339],"floor_reached":25,"playtime":1002,"items_purged":["Strike_R"],"score":369,"play_id":"ea4b9dab-b36d-4999-8a6d-ef38050fe6d3","local_time":"20190105045423","is_ascension_mode":true,"campfire_choices":[{"floor":7,"key":"REST"},{"data":"Feed","floor":10,"key":"SMITH"},{"floor":15,"key":"REST"},{"floor":24,"key":"REST"}],"neow_cost":"TEN_PERCENT_HP_LOSS","seed_source_timestamp":454099267802600,"circlet_count":0,"master_deck":["AscendersBane","Strike_R","Strike_R","Strike_R","Defend_R","Defend_R+1","Defend_R+1","Bash","Feed+1","Pommel Strike","Rampage+1","Rampage+1","Cleave+1","Armaments","Blood for Blood+1","Blood for Blood+1","Demon Form","Evolve","Exhume"],"relics":["Burning Blood","Molten Egg 2","Bottled Lightning","Mummified Hand","Gremlin Horn","War Paint","Pen Nib","Empty Cage","Dream Catcher"],"potions_floor_usage":[8,16,22],"damage_taken":[{"damage":12,"enemies":"Jaw Worm","floor":1,"turns":3},{"damage":49,"enemies":"Lagavulin","floor":6,"turns":9},{"damage":10,"enemies":"Small Slimes","floor":8,"turns":3},{"damage":1,"enemies":"Cultist","floor":11,"turns":3},{"damage":17,"enemies":"Large Slime","floor":12,"turns":4},{"damage":24,"enemies":"Gremlin Nob","floor":13,"turns":4},{"damage":39,"enemies":"The Guardian","floor":16,"turns":11},{"damage":25,"enemies":"2 Thieves","floor":18,"turns":5},{"damage":19,"enemies":"Spheric Guardian","floor":19,"turns":4},{"damage":27,"enemies":"Snake Plant","floor":22,"turns":5},{"damage":25,"enemies":"Gremlin Leader","floor":23,"turns":4},{"damage":67,"enemies":"Book of Stabbing","floor":25,"turns":5}],"seed_played":"6365596547746469270","potions_obtained":[{"floor":8,"key":"Fruit Juice"},{"floor":13,"key":"Swift Potion"},{"floor":18,"key":"SkillPotion"}],"is_trial":false,"path_per_floor":["M","?","?","T","$","E","R","M","T","R","M","M","E","?","R","B",null,"M","M","?","?","M","E","R","E"],"character_chosen":"IRONCLAD","items_purchased":["Rampage+1"],"campfire_rested":3,"item_purchase_floors":[5],"current_hp_per_floor":[69,69,62,62,62,19,41,45,45,45,54,47,33,21,49,16,75,56,43,74,74,53,34,62,0],"gold":339,"neow_bonus":"THREE_RARE_CARDS","is_prod":false,"is_daily":false,"chose_seed":false,"campfire_upgraded":1,"win_rate":0,"timestamp":1546682063,"path_taken":["M","?","?","?","$","E","R","M","T","R","M","?","E","?","R","BOSS","M","M","?","?","M","E","R","E"],"build_version":"2019-01-03v4","purchased_purges":1,"victory":false,"max_hp_per_floor":[75,75,75,75,75,75,75,83,83,83,87,91,95,95,95,95,95,95,95,95,95,95,95,95,95],"card_choices":[{"not_picked":["Offering","Reaper"],"picked":"Feed","floor":0},{"not_picked":["Clash","Disarm"],"picked":"Pommel Strike","floor":1},{"not_picked":["Second Wind","Flex"],"picked":"Rampage+1","floor":6},{"not_picked":["Carnage+1","Sword Boomerang+1"],"picked":"Cleave+1","floor":8},{"not_picked":["True Grit","Rampage+1"],"picked":"Armaments","floor":11},{"not_picked":["Cleave+1","Havoc"],"picked":"Blood for Blood+1","floor":12},{"not_picked":["Flame Barrier","Iron Wave+1"],"picked":"Blood for Blood+1","floor":13},{"not_picked":["Offering","Exhume"],"picked":"Demon Form","floor":16},{"not_picked":["Thunderclap+1","True Grit","Combust"],"picked":"SKIP","floor":18},{"not_picked":["Iron Wave+1","Havoc"],"picked":"Evolve","floor":19},{"not_picked":["Twin Strike+1","Sword Boomerang+1","Carnage+1"],"picked":"SKIP","floor":22},{"not_picked":["Pummel+1","Headbutt+1"],"picked":"Exhume","floor":23}],"player_experience":1700442,"relics_obtained":[{"floor":4,"key":"Bottled Lightning"},{"floor":6,"key":"Mummified Hand"},{"floor":9,"key":"Gremlin Horn"},{"floor":13,"key":"War Paint"},{"floor":23,"key":"Dream Catcher"}],"event_choices":[{"damage_healed":0,"gold_gain":0,"player_choice":"Box","damage_taken":0,"relics_obtained":["Molten Egg 2"],"max_hp_gain":0,"max_hp_loss":0,"event_name":"Big Fish","floor":2,"gold_loss":0,"cards_obtained":["Regret"]},{"cards_removed":["Regret"],"damage_healed":0,"gold_gain":0,"player_choice":"Card Removal","damage_taken":7,"max_hp_gain":0,"max_hp_loss":0,"event_name":"Golden Wing","floor":3,"gold_loss":0},{"damage_healed":0,"gold_gain":0,"player_choice":"Success","damage_taken":12,"relics_obtained":["Pen Nib"],"max_hp_gain":0,"max_hp_loss":0,"event_name":"Scrap Ooze","floor":14,"gold_loss":0},{"damage_healed":31,"gold_gain":0,"player_choice":"Heal","damage_taken":0,"max_hp_gain":0,"max_hp_loss":0,"event_name":"The Library","floor":20,"gold_loss":0},{"damage_healed":0,"gold_gain":100,"player_choice":"Bet on Murderer","damage_taken":0,"max_hp_gain":0,"max_hp_loss":0,"event_name":"The Joust","floor":21,"gold_loss":50}],"is_beta":false,"boss_relics":[{"not_picked":["Black Blood","Philosopher\u0027s Stone"],"picked":"Empty Cage"}],"items_purged_floors":[5],"is_endless":false,"potions_floor_spawned":[8,13,18],"killed_by":"Book of Stabbing","ascension_level":10}