{"gold_per_floor":[111,129,129,129,140,166,166,166],"floor_reached":8,"playtime":153,"items_purged":[],"score":109,"play_id":"1d28b5d1-5d85-4ac6-9543-21cb77177b2e","local_time":"20190510185803","is_ascension_mode":true,"campfire_choices":[{"data":"Self Repair","floor":7,"key":"SMITH"}],"neow_cost":"NONE","seed_source_timestamp":1659179927730718,"circlet_count":0,"master_deck":["AscendersBane","Strike_B","Strike_B+1","Strike_B","Defend_B","Defend_B","Defend_B","Defend_B","Zap","Dualcast","Capacitor+1","Gash","Sweeping Beam","Self Repair+1"],"relics":["Cracked Core","NeowsBlessing","Toxic Egg 2"],"potions_floor_usage":[6,6],"damage_taken":[{"damage":0,"enemies":"Cultist","floor":1,"turns":1},{"damage":0,"enemies":"Jaw Worm","floor":2,"turns":1},{"damage":0,"enemies":"2 Louse","floor":5,"turns":1},{"damage":30,"enemies":"Lagavulin","floor":6,"turns":5},{"damage":30,"enemies":"Gremlin Nob","floor":8,"turns":3}],"seed_played":"5588059101688360239","potions_obtained":[{"floor":1,"key":"Poison Potion"},{"floor":2,"key":"FearPotion"},{"floor":6,"key":"Fire Potion"}],"is_trial":false,"path_per_floor":["M","M","?","?","M","E","R","E"],"character_chosen":"DEFECT","items_purchased":[],"campfire_rested":0,"item_purchase_floors":[],"current_hp_per_floor":[64,64,43,43,43,13,13,0],"gold":166,"neow_bonus":"THREE_ENEMY_KILL","is_prod":false,"is_daily":false,"chose_seed":false,"campfire_upgraded":1,"win_rate":0,"timestamp":1557507483,"path_taken":["M","?","?","?","?","E","R","E"],"build_version":"2019-05-07","purchased_purges":0,"victory":false,"max_hp_per_floor":[71,71,71,71,71,71,71,71],"card_choices":[{"not_picked":["Aggregate","Turbo"],"picked":"Capacitor","floor":1},{"not_picked":["Self Repair","Scrape"],"picked":"Gash","floor":2},{"not_picked":["Go for the Eyes","Coolheaded"],"picked":"Sweeping Beam","floor":5},{"not_picked":["FTL","Rebound"],"picked":"Self Repair","floor":6}],"player_experience":1719490,"relics_obtained":[{"floor":6,"key":"Toxic Egg 2"}],"event_choices":[{"damage_healed":0,"gold_gain":0,"player_choice":"Entered Light","damage_taken":21,"max_hp_gain":0,"max_hp_loss":0,"event_name":"Shining Light","floor":3,"gold_loss":0,"cards_upgraded":["Strike_B","Capacitor"]},{"cards_removed":["Strike_B"],"damage_healed":0,"gold_gain":0,"player_choice":"Card Removal","damage_taken":0,"max_hp_gain":0,"max_hp_loss":0,"event_name":"Wheel of Change","floor":4,"gold_loss":0}],"is_beta":true,"boss_relics":[],"items_purged_floors":[],"is_endless":false,"potions_floor_spawned":[1,2,6],"killed_by":"Gremlin Nob","ascension_level":19}