{"gold_per_floor":[116,116,130,145,145,145,177,177,249,262,337,337,351,364,364,364],"floor_reached":16,"playtime":5340,"items_purged":[],"score":254,"play_id":"6a2f1a37-5064-4ab7-9f3c-6f5d7c7de616","local_time":"20190513201836","is_ascension_mode":true,"campfire_choices":[{"data":"Stack","floor":6,"key":"SMITH"},{"data":"Stack","floor":8,"key":"SMITH"},{"floor":15,"key":"REST"}],"neow_cost":"NONE","seed_source_timestamp":1918008724772615,"circlet_count":0,"master_deck":["AscendersBane","Strike_B","Strike_B","Defend_B","Defend_B","Defend_B","Defend_B","Zap","Dualcast","Recycle+1","Compile Driver","Ball Lightning","Stack+1","Stack+1","Conserve Battery","Coolheaded"],"relics":["Cracked Core","Regal Pillow","Singing Bowl"],"potions_floor_usage":[7,10],"damage_taken":[{"damage":5,"enemies":"2 Louse","floor":1,"turns":2},{"damage":4,"enemies":"Small Slimes","floor":3,"turns":3},{"damage":12,"enemies":"Jaw Worm","floor":4,"turns":3},{"damage":0,"enemies":"3 Sentries","floor":7,"turns":3},{"damage":12,"enemies":"Gremlin Gang","floor":10,"turns":4},{"damage":1,"enemies":"Exordium Wildlife","floor":13,"turns":3},{"damage":5,"enemies":"2 Fungi Beasts","floor":14,"turns":5},{"damage":60,"enemies":"Slime Boss","floor":16,"turns":9}],"seed_played":"5708021237773543533","potions_obtained":[{"floor":1,"key":"Fire Potion"},{"floor":4,"key":"AttackPotion"},{"floor":14,"key":"SpeedPotion"}],"is_trial":false,"path_per_floor":["M","?","M","M","?","R","E","R","T","M","?","?","M","M","R","B"],"character_chosen":"DEFECT","items_purchased":[],"campfire_rested":1,"item_purchase_floors":[],"current_hp_per_floor":[59,59,55,43,36,36,36,36,36,24,13,13,12,9,45,0],"gold":364,"neow_bonus":"TRANSFORM_CARD","is_prod":false,"is_daily":false,"chose_seed":false,"campfire_upgraded":2,"win_rate":0,"timestamp":1557771516,"path_taken":["M","?","M","M","?","R","E","R","T","M","?","?","?","?","R","BOSS"],"build_version":"2019-05-07","purchased_purges":0,"victory":false,"max_hp_per_floor":[71,71,71,71,71,71,71,71,71,71,71,71,71,73,73,73],"card_choices":[{"not_picked":["Barrage","Go for the Eyes"],"picked":"Compile Driver","floor":1},{"not_picked":["Sweeping Beam","Hologram"],"picked":"Ball Lightning","floor":3},{"not_picked":["Go for the Eyes","Hologram"],"picked":"Stack","floor":4},{"not_picked":["Force Field","Barrage"],"picked":"Stack","floor":7},{"not_picked":["Steam","Double Energy"],"picked":"Conserve Battery","floor":10},{"not_picked":["Aggregate","Conserve Battery"],"picked":"Coolheaded","floor":13},{"not_picked":["Barrage","Gash","Multi-Cast"],"picked":"Singing Bowl","floor":14}],"player_experience":1883942,"relics_obtained":[{"floor":7,"key":"Regal Pillow"},{"floor":9,"key":"Singing Bowl"}],"event_choices":[{"damage_healed":0,"gold_gain":0,"player_choice":"Grow","damage_taken":0,"max_hp_gain":0,"max_hp_loss":0,"event_name":"Living Wall","floor":2,"gold_loss":0,"cards_upgraded":["Recycle"]},{"cards_removed":["Strike_B"],"damage_healed":0,"gold_gain":0,"player_choice":"Card Removal","damage_taken":7,"max_hp_gain":0,"max_hp_loss":0,"event_name":"Golden Wing","floor":5,"gold_loss":0},{"damage_healed":0,"gold_gain":75,"player_choice":"Gather Gold","damage_taken":11,"max_hp_gain":0,"max_hp_loss":0,"event_name":"World of Goop","floor":11,"gold_loss":0},{"damage_healed":0,"gold_gain":0,"player_choice":"Fled","damage_taken":0,"max_hp_gain":0,"max_hp_loss":0,"event_name":"Scrap Ooze","floor":12,"gold_loss":0}],"is_beta":true,"boss_relics":[],"items_purged_floors":[],"is_endless":false,"potions_floor_spawned":[1,4,14],"killed_by":"Slime Boss","ascension_level":20}