{"path_per_floor":["M","?","?","$","M","E","R","M","T","M","E","M","R","M","R","B",null,"M","?","M","$","M","R","?","R","T","M","R","M","?"],"character_chosen":"IRONCLAD","items_purchased":["Headbutt","Combust"],"gold_per_floor":[110,110,110,19,37,68,68,78,102,116,148,164,164,181,181,278,278,292,207,218,143,162,162,162,162,162,175,175,192,92],"floor_reached":31,"campfire_rested":0,"playtime":2352,"current_hp_per_floor":[80,80,80,80,72,43,43,48,48,47,44,46,46,50,50,40,80,80,80,80,80,34,34,34,34,34,35,35,12,12],"items_purged":["Strike_R"],"gold":92,"play_id":"7864fb45-f510-4fb0-b10f-1b8fe1e997c8","is_prod":false,"is_daily":false,"is_ascension_mode":false,"campfire_upgraded":6,"path_taken":["M","?","?","?","M","E","R","?","T","M","E","M","R","M","R","BOSS","M","?","M","$","M","R","?","R","T","M","R","M","?","M"],"build_version":"2018-01-25-PROD3","purchased_purges":1,"victory":false,"master_deck":["Strike_R","Strike_R","Defend_R","Defend_R","Defend_R","Heavy Blade","Headbutt","Combust+1","Ghostly Armor","Sever Soul","Heavy Blade","Seeing Red","Demon Form","Warcry+1","Rupture+1","Double Tap+1","Ghostly Armor+1","Flex+1","Iron Wave+1","Flex","Shrug It Off","J.A.X."],"max_hp_per_floor":[80,80,80,80,80,80,80,80,80,80,80,80,80,80,80,80,80,80,80,80,80,80,80,80,80,80,80,80,80,80],"relics":["Burning Blood","Thread and Needle","Regal Pillow","Ornamental Fan","Mark of Pain","Matryoshka","Happy Flower","Shuriken"],"card_choices":[{"not_picked":["Pummel","Iron Wave"],"picked":"Heavy Blade"},{"not_picked":["Evolve","Havoc"],"picked":"Ghostly Armor"},{"not_picked":["Disarm","Entrench"],"picked":"Sever Soul"},{"not_picked":["Burning Pact","Havoc"],"picked":"Heavy Blade"},{"not_picked":["Rampage","Clash"],"picked":"Seeing Red"},{"not_picked":["Reckless Charge","Burning Pact"],"picked":"Demon Form"},{"not_picked":["Uppercut","Clash"],"picked":"Warcry"},{"not_picked":["Infernal Blade","Iron Wave"],"picked":"Rupture"},{"not_picked":["Reaper","Feed"],"picked":"Double Tap"},{"not_picked":["True Grit","Intimidate"],"picked":"Ghostly Armor"},{"not_picked":["Battle Trance","Headbutt"],"picked":"Flex"},{"not_picked":["Cleave","Rage"],"picked":"Iron Wave"},{"not_picked":["Wild Strike","Sentinel"],"picked":"Flex"},{"not_picked":["Perfected Strike","Wild Strike"],"picked":"Shrug It Off"}],"player_experience":279684,"potions_floor_usage":[12,16,18,27],"damage_taken":[{"damage":0,"enemies":"Small Slimes","floor":1,"turns":6},{"damage":14,"enemies":"Blue Slaver","floor":5,"turns":3},{"damage":35,"enemies":"3 Sentries","floor":6,"turns":7},{"damage":1,"enemies":"Cultist","floor":8,"turns":3},{"damage":7,"enemies":"Lots of Slimes","floor":10,"turns":2},{"damage":9,"enemies":"Gremlin Nob","floor":11,"turns":4},{"damage":4,"enemies":"2 Fungi Beasts","floor":12,"turns":3},{"damage":2,"enemies":"Exordium Wildlife","floor":14,"turns":6},{"damage":16,"enemies":"Slime Boss","floor":16,"turns":7},{"damage":0,"enemies":"Spheric Guardian","floor":18,"turns":3},{"damage":3,"enemies":"Shell Parasite","floor":20,"turns":7},{"damage":52,"enemies":"Centurion and Healer","floor":22,"turns":7},{"damage":5,"enemies":"Slaver and Parasite","floor":27,"turns":6},{"damage":29,"enemies":"3 Cultists","floor":29,"turns":6},{"damage":16,"enemies":"Snake Plant","floor":31,"turns":2}],"event_choices":[{"event_name":"Bonfire Elementals","player_choice":"BASIC","floor":2,"damage_taken":0},{"event_name":"Purifier","player_choice":"One Purge","floor":3,"damage_taken":0},{"event_name":"Addict","player_choice":"Obtained Relic","floor":19,"damage_taken":0},{"event_name":"Purifier","player_choice":"One Purge","floor":24,"damage_taken":0},{"event_name":"Drug Dealer","player_choice":"Got JAXXED","floor":30,"damage_taken":0}],"boss_relics":[{"not_picked":["Calling Bell","Eternal Feather"],"picked":"Mark of Pain"}],"potions_floor_spawned":[1,10,11,12,20,29],"seed_played":"-5429321624499444191","killed_by":"Snake Plant","ascension_level":0,"is_trial":false}