{"path_per_floor":["M","M","M","$","M","R","E","?","T","E","M","?","M","?","R","B",null,"M","M","$","?","?","R","E","R","T","R","M","M","M","?","R"],"character_chosen":"IRONCLAD","items_purchased":["Inflame","Flex","Paper Frog","Ornamental Fan"],"gold_per_floor":[117,131,143,23,34,34,59,234,304,339,350,350,369,469,469,564,564,582,598,19,19,19,19,50,50,74,74,86,106,118,118,118],"floor_reached":33,"campfire_rested":2,"playtime":1834,"current_hp_per_floor":[80,70,76,76,77,77,65,65,65,36,18,18,24,24,48,17,80,62,65,65,65,80,80,48,48,48,48,54,55,34,34,58],"items_purged":["Strike_R"],"gold":118,"play_id":"2c31dce7-e823-470e-9e23-84a17716ba48","is_prod":false,"is_daily":false,"is_ascension_mode":true,"campfire_upgraded":4,"path_taken":["M","M","M","$","M","R","E","?","T","E","M","?","M","?","R","BOSS","M","M","$","?","?","R","E","R","T","R","M","M","M","?","R","BOSS"],"build_version":"2018-02-01-PROD3","purchased_purges":1,"victory":false,"master_deck":["Strike_R","Strike_R","Strike_R","Strike_R","Defend_R","Defend_R","Defend_R","Bash+1","Heavy Blade+1","Clothesline","Double Tap+1","Inflame","Flex+1","Iron Wave+1","Shrug It Off+1","Immolate+1","Uppercut+1","Bludgeon+1","Anger+1","Regret","Iron Wave+1","Carnage+1"],"max_hp_per_floor":[80,80,80,80,80,80,80,80,80,80,80,80,80,80,80,80,80,80,80,80,80,80,80,80,80,80,80,80,80,80,80,80],"relics":["Burning Blood","Champion Belt","Bottled Flame","Molten Egg 2","Spirit Poop","Cursed Key","Paper Frog","Ornamental Fan","The Courier","Bronze Scales"],"card_choices":[{"not_picked":["Infernal Blade","Sword Boomerang"],"picked":"Heavy Blade"},{"not_picked":["Havoc","Twin Strike"],"picked":"Clothesline"},{"not_picked":["True Grit","Disarm"],"picked":"Double Tap"},{"not_picked":["Warcry","Clash"],"picked":"Iron Wave"},{"not_picked":["Sentinel","Perfected Strike"],"picked":"Shrug It Off"},{"not_picked":["Perfected Strike","Shrug It Off"],"picked":"Immolate"},{"not_picked":["Perfected Strike","Combust"],"picked":"Uppercut"},{"not_picked":["Impervious","Feed"],"picked":"Bludgeon"},{"not_picked":["Rupture","Warcry"],"picked":"Anger"},{"not_picked":["Warcry","Armaments"],"picked":"Iron Wave"},{"not_picked":["Infernal Blade","Reckless Charge"],"picked":"Carnage"}],"player_experience":406526,"potions_floor_usage":[7,10,19,28,30,33],"damage_taken":[{"damage":6,"enemies":"Jaw Worm","floor":1,"turns":4},{"damage":16,"enemies":"Blue Slaver","floor":2,"turns":4},{"damage":0,"enemies":"Small Slimes","floor":3,"turns":3},{"damage":5,"enemies":"2 Fungi Beasts","floor":5,"turns":3},{"damage":18,"enemies":"Gremlin Nob","floor":7,"turns":3},{"damage":35,"enemies":"Lagavulin","floor":10,"turns":5},{"damage":24,"enemies":"Lots of Slimes","floor":11,"turns":5},{"damage":0,"enemies":"Looter","floor":13,"turns":2},{"damage":37,"enemies":"The Guardian","floor":16,"turns":7},{"damage":24,"enemies":"Spheric Guardian","floor":18,"turns":4},{"damage":3,"enemies":"2 Thieves","floor":19,"turns":2},{"damage":38,"enemies":"Gremlin Leader","floor":24,"turns":4},{"damage":0,"enemies":"Snecko","floor":28,"turns":2},{"damage":5,"enemies":"Centurion and Healer","floor":29,"turns":5},{"damage":27,"enemies":"Slaver and Parasite","floor":30,"turns":5},{"damage":58,"enemies":"Collector","floor":33,"turns":10}],"event_choices":[{"event_name":"Liars Game","player_choice":"agreed","floor":8,"damage_taken":0},{"event_name":"Bonfire Elementals","player_choice":"CURSE","floor":12,"damage_taken":0},{"event_name":"Golden Shrine","player_choice":"Pray","floor":14,"damage_taken":0},{"event_name":"Back to Basics","player_choice":"Elegance","floor":21,"damage_taken":0},{"event_name":"The Library","player_choice":"Heal","floor":22,"damage_taken":0},{"event_name":"Accursed Blacksmith","player_choice":"Forge","floor":31,"damage_taken":0}],"boss_relics":[{"not_picked":["Question Card","Eternal Feather"],"picked":"Cursed Key"}],"potions_floor_spawned":[2,7,13,18,28,30],"seed_played":"-8394576848928706396","killed_by":"Collector","ascension_level":3,"is_trial":false}