{"gold_per_floor":[117,14,67,93,105,105,139,149,203,217,229,193,207,207],"floor_reached":14,"playtime":387,"items_purged":[],"score":129,"play_id":"6338e50e-9e0e-4a70-807e-3fbddbaea825","local_time":"20190313232817","is_ascension_mode":true,"campfire_choices":[{"floor":6,"key":"REST"}],"neow_cost":"PERCENT_DAMAGE","seed_source_timestamp":16586320735400,"circlet_count":0,"master_deck":["Strike_B","Strike_B","Strike_B","Strike_B","Defend_B","Defend_B","Defend_B","Defend_B","Zap","Dualcast","Electrodynamics","Redo","Capacitor","Sunder","Ball Lightning","Cold Snap","Rainbow","Static Discharge","Capacitor","Steam"],"relics":["Cracked Core","Centennial Puzzle","Bottled Flame","Boot"],"potions_floor_usage":[11,14,14],"damage_taken":[{"damage":0,"enemies":"Cultist","floor":1,"turns":3},{"damage":16,"enemies":"Jaw Worm","floor":5,"turns":4},{"damage":20,"enemies":"Gremlin Nob","floor":7,"turns":4},{"damage":1,"enemies":"2 Louse","floor":8,"turns":2},{"damage":0,"enemies":"Lots of Slimes","floor":10,"turns":1},{"damage":13,"enemies":"Large Slime","floor":11,"turns":4},{"damage":7,"enemies":"Red Slaver","floor":13,"turns":2},{"damage":19,"enemies":"Lagavulin","floor":14,"turns":4}],"seed_played":"1867562857477025631","potions_obtained":[{"floor":8,"key":"SteroidPotion"},{"floor":10,"key":"Dexterity Potion"},{"floor":11,"key":"Energy Potion"}],"is_trial":false,"path_per_floor":["M","$","?","T","M","R","E","M","T","M","M","?","M","E"],"character_chosen":"DEFECT","items_purchased":["Capacitor","Sunder"],"campfire_rested":1,"item_purchase_floors":[2,2],"current_hp_per_floor":[50,50,50,50,34,56,36,35,35,35,22,22,15,0],"gold":207,"neow_bonus":"THREE_RARE_CARDS","is_prod":false,"is_daily":false,"chose_seed":false,"campfire_upgraded":0,"win_rate":0,"timestamp":1552534097,"path_taken":["M","$","?","?","M","R","E","M","T","M","M","?","M","E"],"build_version":"2019-01-23","purchased_purges":0,"victory":false,"max_hp_per_floor":[75,75,75,75,75,75,75,75,75,75,75,75,75,75],"card_choices":[{"not_picked":["Meteor Strike","Multi-Cast"],"picked":"Electrodynamics","floor":0},{"not_picked":["Aggregate","Leap"],"picked":"Redo","floor":1},{"not_picked":["Turbo","Redo"],"picked":"Ball Lightning","floor":5},{"not_picked":["Go for the Eyes","Leap"],"picked":"Cold Snap","floor":7},{"not_picked":["Cold Snap","Leap"],"picked":"Rainbow","floor":8},{"not_picked":["Gash","Streamline"],"picked":"Static Discharge","floor":10},{"not_picked":["Coolheaded","Compile Driver"],"picked":"Capacitor","floor":11},{"not_picked":["Rip and Tear","Go for the Eyes"],"picked":"Steam","floor":13}],"player_experience":2412482,"relics_obtained":[{"floor":4,"key":"Centennial Puzzle"},{"floor":7,"key":"Bottled Flame"},{"floor":9,"key":"Boot"}],"event_choices":[{"damage_healed":0,"gold_gain":53,"player_choice":"Gained Gold","damage_taken":0,"max_hp_gain":0,"max_hp_loss":0,"event_name":"Golden Wing","floor":3,"gold_loss":0},{"damage_healed":0,"gold_gain":0,"player_choice":"Left Gold","damage_taken":0,"max_hp_gain":0,"max_hp_loss":0,"event_name":"World of Goop","floor":12,"gold_loss":36}],"is_beta":false,"boss_relics":[],"items_purged_floors":[],"is_endless":false,"potions_floor_spawned":[8,10,11],"killed_by":"Lagavulin","ascension_level":8}