{"gold_per_floor":[114,133,133,145,145,145,19,32,32,63,63,88,88,49,49,126,126,141,174,99,26,26,26,26,26,75,93,107,107],"floor_reached":29,"playtime":1110,"items_purged":["Strike_R"],"score":401,"play_id":"0245b6d4-416d-4e13-a910-cafb3e60060f","local_time":"20190501135356","is_ascension_mode":true,"campfire_choices":[{"data":"Bash","floor":6,"key":"SMITH"},{"data":"Clothesline","floor":11,"key":"SMITH"},{"data":"Rampage","floor":13,"key":"SMITH"},{"data":"Disarm","floor":15,"key":"SMITH"},{"floor":23,"key":"REST"},{"data":"Limit Break","floor":25,"key":"SMITH"}],"neow_cost":"NONE","seed_source_timestamp":862375672062139,"circlet_count":0,"master_deck":["AscendersBane","Strike_R+1","Strike_R","Strike_R","Defend_R","Defend_R","Defend_R","Defend_R","Bash+1","Disarm+1","Twin Strike","Uppercut+1","Clothesline+1","Shrug It Off","Rampage+1","Power Through","Limit Break+1","Iron Wave","Dropkick","Writhe","Disarm"],"relics":["Burning Blood","NeowsBlessing","Red Skull","Singing Bowl","Orichalcum","Boot","Runic Cube","Red Mask","Self Forming Clay","Ancient Tea Set"],"potions_floor_usage":[12,19,29],"damage_taken":[{"damage":0,"enemies":"Cultist","floor":1,"turns":1},{"damage":0,"enemies":"2 Louse","floor":2,"turns":1},{"damage":0,"enemies":"Small Slimes","floor":4,"turns":1},{"damage":6,"enemies":"Blue Slaver","floor":8,"turns":4},{"damage":25,"enemies":"3 Sentries","floor":10,"turns":6},{"damage":6,"enemies":"Gremlin Nob","floor":12,"turns":3},{"damage":4,"enemies":"The Guardian","floor":16,"turns":9},{"damage":13,"enemies":"3 Byrds","floor":18,"turns":9},{"damage":37,"enemies":"Masked Bandits","floor":19,"turns":7},{"damage":10,"enemies":"2 Thieves","floor":27,"turns":4},{"damage":12,"enemies":"Snake Plant","floor":28,"turns":4},{"damage":31,"enemies":"Shelled Parasite and Fungi","floor":29,"turns":3}],"seed_played":"8428667529144353424","potions_obtained":[{"floor":1,"key":"GamblersBrew"},{"floor":8,"key":"EssenceOfSteel"},{"floor":10,"key":"AttackPotion"},{"floor":16,"key":"PowerPotion"}],"is_trial":false,"path_per_floor":["M","M","?","M","?","R","$","M","T","E","R","E","R","$","R","B",null,"M","?","?","$","?","R","?","R","T","M","M","M"],"character_chosen":"IRONCLAD","items_purchased":["Clothesline","Power Through","Dropkick"],"campfire_rested":1,"item_purchase_floors":[7,14,21],"current_hp_per_floor":[74,75,70,75,52,52,52,52,52,35,35,35,35,35,35,37,67,60,31,31,31,8,33,33,33,33,31,25,0],"gold":107,"neow_bonus":"THREE_ENEMY_KILL","is_prod":false,"is_daily":false,"chose_seed":false,"campfire_upgraded":5,"win_rate":0,"timestamp":1556711636,"path_taken":["M","?","?","M","?","R","$","M","T","E","R","E","R","$","R","BOSS","M","?","?","?","?","R","?","R","T","M","M","M"],"build_version":"2019-04-23","purchased_purges":1,"victory":false,"max_hp_per_floor":[75,75,75,75,75,75,75,75,75,77,77,77,77,77,77,77,77,77,79,79,79,84,84,84,84,84,86,86,86],"card_choices":[{"not_picked":["Intimidate","Cleave"],"picked":"Disarm","floor":1},{"not_picked":["Armaments","Power Through"],"picked":"Twin Strike","floor":2},{"not_picked":["Pommel Strike","Sever Soul"],"picked":"Uppercut","floor":4},{"not_picked":["Thunderclap","Burning Pact"],"picked":"Shrug It Off","floor":8},{"not_picked":["Body Slam","Dual Wield","Thunderclap"],"picked":"Singing Bowl","floor":10},{"not_picked":["Clothesline","Body Slam"],"picked":"Rampage","floor":12},{"not_picked":["Exhume","Double Tap"],"picked":"Limit Break","floor":16},{"not_picked":["Fire Breathing","Blood for Blood"],"picked":"Iron Wave","floor":18},{"not_picked":["Rampage","Hemokinesis+1","Warcry"],"picked":"Singing Bowl","floor":19},{"not_picked":["Heavy Blade","Anger","Intimidate"],"picked":"Singing Bowl","floor":27},{"not_picked":["Ghostly Armor+1","Thunderclap"],"picked":"Disarm","floor":28}],"player_experience":1391719,"relics_obtained":[{"floor":9,"key":"Singing Bowl"},{"floor":10,"key":"Orichalcum"},{"floor":12,"key":"Boot"},{"floor":19,"key":"Red Mask"},{"floor":26,"key":"Ancient Tea Set"}],"event_choices":[{"damage_healed":0,"gold_gain":0,"player_choice":"Success","damage_taken":5,"relics_obtained":["Red Skull"],"max_hp_gain":0,"max_hp_loss":0,"event_name":"Scrap Ooze","floor":3,"gold_loss":0},{"damage_healed":0,"gold_gain":0,"player_choice":"Entered Light","damage_taken":23,"max_hp_gain":0,"max_hp_loss":0,"event_name":"Shining Light","floor":5,"gold_loss":0,"cards_upgraded":["Uppercut","Strike_R"]},{"damage_healed":0,"gold_gain":0,"player_choice":"Fought Bandits","damage_taken":0,"max_hp_gain":0,"max_hp_loss":0,"event_name":"Masked Bandits","floor":19,"gold_loss":0},{"cards_removed":["Strike_R"],"damage_healed":0,"gold_gain":0,"player_choice":"Gave Gold","damage_taken":0,"max_hp_gain":0,"max_hp_loss":0,"event_name":"Beggar","floor":20,"gold_loss":75},{"damage_healed":0,"gold_gain":0,"player_choice":"Shed Blood","damage_taken":28,"max_hp_gain":5,"max_hp_loss":0,"event_name":"Forgotten Altar","floor":22,"gold_loss":0},{"damage_healed":0,"gold_gain":0,"player_choice":"Opened","damage_taken":0,"relics_obtained":["Self Forming Clay"],"max_hp_gain":0,"max_hp_loss":0,"event_name":"The Mausoleum","floor":24,"gold_loss":0,"cards_obtained":["Writhe"]}],"is_beta":true,"boss_relics":[{"not_picked":["Calling Bell","Eternal Feather"],"picked":"Runic Cube"}],"items_purged_floors":[7],"is_endless":false,"potions_floor_spawned":[1,8,10,16,18],"killed_by":"Shelled Parasite and Fungi","ascension_level":15}