{"gold_per_floor":[117,130,148,220,236,270,270,296,296,322,352,21,40,55,55,55],"floor_reached":16,"playtime":763,"items_purged":[],"score":213,"play_id":"6cc02fbe-9b17-4351-a758-4abaa26008f4","local_time":"20190426182050","is_ascension_mode":true,"campfire_choices":[{"floor":7,"key":"REST"},{"data":"Zap","floor":15,"key":"SMITH"}],"neow_cost":"NONE","seed_source_timestamp":446735989021036,"circlet_count":0,"master_deck":["Strike_B","Strike_B","Strike_B","Strike_B","Defend_B","Defend_B","Defend_B","Defend_B","Zap+1","Dualcast","Streamline","Ball Lightning","Auto Shields","Hologram","Glacier","Redo","Conserve Battery","Chill","Self Repair","Genetic Algorithm","Defragment","Buffer","Hologram","Ball Lightning"],"relics":["Cracked Core","Boot","The Courier","Ornamental Fan","Odd Mushroom","Meat on the Bone"],"potions_floor_usage":[6,11,11,11,16],"damage_taken":[{"damage":12,"enemies":"2 Louse","floor":1,"turns":3},{"damage":12,"enemies":"Jaw Worm","floor":2,"turns":2},{"damage":0,"enemies":"Small Slimes","floor":3,"turns":3},{"damage":0,"enemies":"Exordium Wildlife","floor":5,"turns":4},{"damage":32,"enemies":"Gremlin Nob","floor":6,"turns":5},{"damage":18,"enemies":"3 Sentries","floor":8,"turns":8},{"damage":13,"enemies":"The Mushroom Lair","floor":10,"turns":4},{"damage":0,"enemies":"Gremlin Nob","floor":11,"turns":4},{"damage":0,"enemies":"Looter","floor":13,"turns":5},{"damage":1,"enemies":"Blue Slaver","floor":14,"turns":5},{"damage":42,"enemies":"Slime Boss","floor":16,"turns":10}],"seed_played":"4026970708147013041","potions_obtained":[{"floor":2,"key":"SkillPotion"},{"floor":3,"key":"Weak Potion"},{"floor":5,"key":"Poison Potion"},{"floor":10,"key":"Fire Potion"},{"floor":13,"key":"GamblersBrew"}],"is_trial":false,"path_per_floor":["M","M","M","?","M","E","R","E","T","?","E","$","M","M","R","B"],"character_chosen":"DEFECT","items_purchased":["Self Repair","Genetic Algorithm","Defragment","Buffer","Hologram"],"campfire_rested":1,"item_purchase_floors":[12,12,12,12,12],"current_hp_per_floor":[56,44,44,44,44,12,34,16,16,3,3,3,22,40,40,0],"gold":55,"neow_bonus":"THREE_CARDS","is_prod":false,"is_daily":false,"chose_seed":false,"campfire_upgraded":1,"win_rate":0,"timestamp":1556295650,"path_taken":["M","M","M","?","M","E","R","E","T","?","E","$","?","M","R","BOSS"],"build_version":"2019-04-23","purchased_purges":0,"victory":false,"max_hp_per_floor":[75,75,75,75,75,75,75,75,75,75,75,75,75,75,75,75],"card_choices":[{"not_picked":["Ball Lightning","Gash"],"picked":"Streamline","floor":0},{"not_picked":["Coolheaded","Skim"],"picked":"Ball Lightning","floor":1},{"not_picked":["Ball Lightning","Skim"],"picked":"Auto Shields","floor":2},{"not_picked":["Conserve Battery","Turbo"],"picked":"Hologram","floor":3},{"not_picked":["Redo","Steam"],"picked":"Glacier","floor":5},{"not_picked":["Stack","Chaos"],"picked":"Redo","floor":6},{"not_picked":["Darkness","BootSequence"],"picked":"Conserve Battery","floor":8},{"not_picked":["Sunder","Barrage"],"picked":"Chill","floor":11},{"not_picked":["Thunder Strike","Melter","Turbo"],"picked":"SKIP","floor":13},{"not_picked":["Hologram","Heatsinks"],"picked":"Ball Lightning","floor":14}],"player_experience":1249717,"relics_obtained":[{"floor":6,"key":"Boot"},{"floor":8,"key":"The Courier"},{"floor":9,"key":"Ornamental Fan"},{"floor":10,"key":"Odd Mushroom"},{"floor":11,"key":"Meat on the Bone"}],"event_choices":[{"damage_healed":0,"gold_gain":72,"player_choice":"Gained Gold","damage_taken":0,"max_hp_gain":0,"max_hp_loss":0,"event_name":"Golden Wing","floor":4,"gold_loss":0},{"damage_healed":0,"gold_gain":0,"player_choice":"Fought Mushrooms","damage_taken":0,"max_hp_gain":0,"max_hp_loss":0,"event_name":"Mushrooms","floor":10,"gold_loss":0}],"is_beta":true,"boss_relics":[],"items_purged_floors":[],"is_endless":false,"potions_floor_spawned":[2,3,5,10,13],"killed_by":"Slime Boss","ascension_level":9}