{"gold_per_floor":[109,109,109,109,55,55,55,55,82,116,128,139,172,190,190,288,288,298,309,32,32,32,60,60,60],"floor_reached":25,"playtime":2260,"items_purged":["Strike_R"],"score":227,"play_id":"2cef8bd5-2ce4-4315-b6e9-ed932c11dd39","local_time":"20181029220611","is_ascension_mode":false,"campfire_choices":[{"data":"Flame Barrier","floor":6,"key":"SMITH"},{"data":"Flex","floor":8,"key":"SMITH"},{"data":"Shrug It Off","floor":15,"key":"SMITH"},{"data":"Armaments","floor":24,"key":"SMITH"}],"neow_cost":"NONE","seed_source_timestamp":38292502252781,"circlet_count":0,"master_deck":["Strike_R","Defend_R","Defend_R","Defend_R","Defend_R","Bash+1","Flame Barrier+1","Flex+1","Shrug It Off+1","Metallicize","Spot Weakness","Iron Wave","Impervious","Armaments+1","Heavy Blade"],"relics":["Burning Blood","Oddly Smooth Stone","Regal Pillow","Paper Frog","Happy Flower","Eternal Feather","Sling","Girya"],"potions_floor_usage":[13,18,23],"damage_taken":[{"damage":0,"enemies":"2 Louse","floor":1,"turns":3},{"damage":24,"enemies":"Lagavulin","floor":10,"turns":5},{"damage":0,"enemies":"Jaw Worm","floor":11,"turns":4},{"damage":0,"enemies":"Small Slimes","floor":12,"turns":3},{"damage":15,"enemies":"3 Sentries","floor":13,"turns":14},{"damage":4,"enemies":"2 Fungi Beasts","floor":14,"turns":5},{"damage":32,"enemies":"Hexaghost","floor":16,"turns":10},{"damage":13,"enemies":"3 Byrds","floor":18,"turns":5},{"damage":13,"enemies":"Spheric Guardian","floor":19,"turns":7},{"damage":35,"enemies":"Gremlin Leader","floor":23,"turns":11},{"damage":61,"enemies":"3 Cultists","floor":25,"turns":7}],"seed_played":"8901642656890917548","potions_obtained":[{"floor":11,"key":"Fire Potion"},{"floor":12,"key":"BloodPotion"},{"floor":14,"key":"PowerPotion"},{"floor":23,"key":"GamblersBrew"}],"is_trial":false,"path_per_floor":["M","?","?","?","$","R","$","R","T","E","M","M","E","M","R","B",null,"M","M","$","?","$","E","R"],"character_chosen":"IRONCLAD","items_purchased":["Flex","Sling"],"campfire_rested":0,"item_purchase_floors":[5,20],"current_hp_per_floor":[80,77,77,77,77,77,77,77,77,59,65,71,62,64,64,38,80,73,66,66,66,66,45,54,0],"gold":60,"neow_bonus":"UPGRADE_CARD","is_prod":false,"is_daily":false,"chose_seed":false,"campfire_upgraded":4,"win_rate":0,"timestamp":1540847171,"path_taken":["M","?","?","?","$","R","$","R","T","E","M","M","E","?","R","BOSS","M","?","$","?","$","E","R","M"],"build_version":"2018-10-29","purchased_purges":1,"victory":false,"max_hp_per_floor":[80,80,80,80,80,80,80,80,80,80,80,80,80,80,80,80,80,80,80,80,80,80,80,80,80],"card_choices":[{"not_picked":["Anger","Warcry"],"picked":"Flame Barrier","floor":1},{"not_picked":["Flame Barrier","Thunderclap"],"picked":"Shrug It Off","floor":10},{"not_picked":["Wild Strike","Twin Strike"],"picked":"Metallicize","floor":11},{"not_picked":["Shrug It Off","Havoc","Seeing Red"],"picked":"SKIP","floor":12},{"not_picked":["Twin Strike","Barricade"],"picked":"Spot Weakness","floor":13},{"not_picked":["True Grit","Anger"],"picked":"Iron Wave","floor":14},{"not_picked":["Dark Embrace","Feed"],"picked":"Impervious","floor":16},{"not_picked":["Rage","Havoc"],"picked":"Armaments","floor":18},{"not_picked":["Power Through+1","Wild Strike+1","Iron Wave"],"picked":"SKIP","floor":19},{"not_picked":["Dual Wield","Thunderclap"],"picked":"Heavy Blade","floor":23}],"player_experience":166498,"relics_obtained":[{"floor":9,"key":"Regal Pillow"},{"floor":10,"key":"Paper Frog"},{"floor":13,"key":"Happy Flower"},{"floor":23,"key":"Girya"}],"event_choices":[{"damage_healed":0,"gold_gain":0,"player_choice":"Success","damage_taken":3,"relics_obtained":["Oddly Smooth Stone"],"max_hp_gain":0,"max_hp_loss":0,"event_name":"Scrap Ooze","floor":2,"gold_loss":0},{"cards_removed":["Strike_R"],"damage_healed":0,"gold_gain":0,"player_choice":"Forget","damage_taken":0,"max_hp_gain":0,"max_hp_loss":0,"event_name":"Living Wall","floor":3,"gold_loss":0},{"cards_removed":["Strike_R"],"damage_healed":0,"gold_gain":0,"player_choice":"Offered Basic","damage_taken":0,"max_hp_gain":0,"max_hp_loss":0,"event_name":"Bonfire Elementals","floor":4,"gold_loss":0},{"cards_removed":["Strike_R"],"damage_healed":0,"gold_gain":0,"player_choice":"Elegance","damage_taken":0,"max_hp_gain":0,"max_hp_loss":0,"event_name":"Back to Basics","floor":21,"gold_loss":0}],"is_beta":true,"boss_relics":[{"not_picked":["Runic Pyramid","Runic Dome"],"picked":"Eternal Feather"}],"items_purged_floors":[20],"is_endless":false,"potions_floor_spawned":[11,12,14,23],"killed_by":"3 Cultists","ascension_level":0}