{"gold_per_floor":[145,94,74,94,107,107,138,138,218,237,248,262,8,21,21,21],"floor_reached":16,"playtime":511,"items_purged":[],"score":182,"play_id":"ccb64711-7648-4768-b983-5324d886c958","local_time":"20190501180441","is_ascension_mode":true,"campfire_choices":[{"data":"Bash","floor":6,"key":"SMITH"},{"data":"True Grit","floor":8,"key":"SMITH"},{"floor":15,"key":"REST"}],"neow_cost":"NONE","seed_source_timestamp":878020499084847,"circlet_count":0,"master_deck":["AscendersBane","Strike_R","Strike_R","Strike_R","Strike_R","Strike_R","Defend_R","Defend_R","Defend_R","Defend_R","Bash+1","Headbutt","Cleave","Infernal Blade","Spot Weakness","True Grit+1","Power Through","Impervious","Flame Barrier","Impervious"],"relics":["Burning Blood","Tiny Chest","Anchor","Matryoshka","Shuriken"],"potions_floor_usage":[7,16],"damage_taken":[{"damage":11,"enemies":"Cultist","floor":1,"turns":4},{"damage":14,"enemies":"2 Louse","floor":4,"turns":3},{"damage":7,"enemies":"Jaw Worm","floor":5,"turns":3},{"damage":30,"enemies":"Lagavulin","floor":7,"turns":6},{"damage":16,"enemies":"Exordium Thugs","floor":10,"turns":3},{"damage":3,"enemies":"Blue Slaver","floor":11,"turns":4},{"damage":0,"enemies":"3 Louse","floor":12,"turns":3},{"damage":24,"enemies":"Exordium Thugs","floor":14,"turns":4},{"damage":33,"enemies":"Hexaghost","floor":16,"turns":9}],"seed_played":"4307792770891496034","potions_obtained":[{"floor":3,"key":"Block Potion"},{"floor":4,"key":"LiquidBronze"},{"floor":5,"key":"PowerPotion"},{"floor":12,"key":"SmokeBomb"}],"is_trial":false,"path_per_floor":["M","$","?","M","M","R","E","R","T","M","M","M","$","M","R","B"],"character_chosen":"IRONCLAD","items_purchased":["Cleave","Shuriken"],"campfire_rested":1,"item_purchase_floors":[2,13],"current_hp_per_floor":[63,63,63,55,54,54,30,30,30,20,23,29,29,11,33,0],"gold":21,"neow_bonus":"RANDOM_COMMON_RELIC","is_prod":false,"is_daily":false,"chose_seed":false,"campfire_upgraded":2,"win_rate":0,"timestamp":1556726681,"path_taken":["M","?","?","M","M","R","E","R","T","?","M","M","$","M","R","BOSS"],"build_version":"2019-04-23","purchased_purges":0,"victory":false,"max_hp_per_floor":[75,75,75,75,75,75,75,75,75,75,75,75,75,75,75,75],"card_choices":[{"not_picked":["Wild Strike","Warcry"],"picked":"Headbutt","floor":1},{"not_picked":["Exhume","Searing Blow"],"picked":"Infernal Blade","floor":4},{"not_picked":["Clothesline","Iron Wave"],"picked":"Spot Weakness","floor":5},{"not_picked":["Twin Strike","Clash"],"picked":"True Grit","floor":7},{"not_picked":["Warcry","Twin Strike"],"picked":"Power Through","floor":10},{"not_picked":["Clash","Sword Boomerang"],"picked":"Impervious","floor":11},{"not_picked":["Headbutt","Clothesline"],"picked":"Flame Barrier","floor":12},{"not_picked":["Feel No Pain","Sword Boomerang"],"picked":"Impervious","floor":14}],"player_experience":1402225,"relics_obtained":[{"floor":7,"key":"Anchor"},{"floor":9,"key":"Matryoshka"}],"event_choices":[{"damage_healed":0,"gold_gain":0,"player_choice":"Bought 1 Potion","damage_taken":0,"max_hp_gain":0,"max_hp_loss":0,"event_name":"The Woman in Blue","floor":3,"gold_loss":0}],"is_beta":true,"boss_relics":[],"items_purged_floors":[],"is_endless":false,"potions_floor_spawned":[4,5,12],"killed_by":"Hexaghost","ascension_level":15}