{"gold_per_floor":[109,119,119,139,152,152,186,205,229,241,137,151,164,164,164,164],"floor_reached":16,"playtime":497,"items_purged":["Strike_G"],"score":208,"play_id":"229f77de-942e-479b-95f1-726b00b93b1b","local_time":"20190513181852","is_ascension_mode":true,"campfire_choices":[{"data":"1","floor":6,"key":"LIFT"},{"data":"2","floor":10,"key":"LIFT"},{"floor":15,"key":"REST"}],"neow_cost":"PERCENT_DAMAGE","seed_source_timestamp":1915685122671201,"circlet_count":0,"master_deck":["AscendersBane","Defend_G","Defend_G","Defend_G","Defend_G","Defend_G","Strike_G","Strike_G","Strike_G","Survivor","Neutralize","Slice","Blade Dance","Dagger Spray","Infinite Blades","Riddle With Holes","Blur","PiercingWail","Storm of Steel"],"relics":["Ring of the Snake","Girya","Orichalcum","MawBank"],"potions_floor_usage":[5,7,7,7,8,16],"damage_taken":[{"damage":4,"enemies":"Small Slimes","floor":1,"turns":5},{"damage":3,"enemies":"Cultist","floor":2,"turns":4},{"damage":2,"enemies":"Jaw Worm","floor":4,"turns":6},{"damage":1,"enemies":"Looter","floor":5,"turns":4},{"damage":22,"enemies":"Lagavulin","floor":7,"turns":5},{"damage":2,"enemies":"Red Slaver","floor":8,"turns":4},{"damage":0,"enemies":"2 Fungi Beasts","floor":12,"turns":2},{"damage":0,"enemies":"Looter","floor":13,"turns":3},{"damage":31,"enemies":"The Guardian","floor":16,"turns":5}],"seed_played":"-5619306647284486004","potions_obtained":[{"floor":2,"key":"EntropicBrew"},{"floor":4,"key":"Explosive Potion"},{"floor":7,"key":"GamblersBrew"},{"floor":12,"key":"Energy Potion"},{"floor":13,"key":"Strength Potion"}],"is_trial":false,"path_per_floor":["M","M","?","M","M","R","E","M","T","R","$","M","M","?","R","B"],"character_chosen":"THE_SILENT","items_purchased":["Blur"],"campfire_rested":1,"item_purchase_floors":[11],"current_hp_per_floor":[40,37,37,35,34,34,12,10,10,10,10,10,10,10,29,0],"gold":164,"neow_bonus":"ONE_RARE_RELIC","is_prod":false,"is_daily":false,"chose_seed":false,"campfire_upgraded":0,"win_rate":0,"timestamp":1557764332,"path_taken":["M","M","?","M","M","R","E","M","T","R","$","M","?","?","R","BOSS"],"build_version":"2019-05-07","purchased_purges":1,"victory":false,"max_hp_per_floor":[66,66,66,66,66,66,66,66,66,66,66,66,66,66,66,66],"card_choices":[{"not_picked":["Bane","Reflex"],"picked":"Slice","floor":1},{"not_picked":["Quick Slash","Backflip"],"picked":"Blade Dance","floor":2},{"not_picked":["Calculated Gamble","PiercingWail"],"picked":"Dagger Spray","floor":4},{"not_picked":["Envenom","Endless Agony"],"picked":"Infinite Blades","floor":5},{"not_picked":["Deadly Poison","Flying Knee"],"picked":"Riddle With Holes","floor":7},{"not_picked":["Setup","Prepared","Endless Agony"],"picked":"SKIP","floor":8},{"not_picked":["Predator","Quick Slash"],"picked":"PiercingWail","floor":12},{"not_picked":["Poisoned Stab","Well Laid Plans"],"picked":"Storm of Steel","floor":13}],"player_experience":1882753,"relics_obtained":[{"floor":7,"key":"Orichalcum"},{"floor":9,"key":"MawBank"}],"event_choices":[{"cards_removed":["Strike_G"],"damage_healed":0,"gold_gain":0,"player_choice":"Purged","damage_taken":0,"max_hp_gain":0,"max_hp_loss":0,"event_name":"Purifier","floor":3,"gold_loss":0},{"damage_healed":0,"gold_gain":0,"player_choice":"Fled","damage_taken":0,"max_hp_gain":0,"max_hp_loss":0,"event_name":"Scrap Ooze","floor":14,"gold_loss":0}],"is_beta":true,"boss_relics":[],"items_purged_floors":[11],"is_endless":false,"potions_floor_spawned":[2,4,7,12,13],"killed_by":"The Guardian","ascension_level":20}