{"gold_per_floor":[214,214,226,75,91,91,105,105,105,53,53,388,398,408,408,481,481,491,416,227,427,447,447,475,475,499,513,539,104,104,155,155,226,226,244,1,17,17,17,17,52,52,100,100,113,133,143,68,68,68],"floor_reached":51,"playtime":2773,"items_purged":["Strike_G","Strike_G","Strike_G"],"score":1333,"play_id":"f3628577-b12b-46b0-ac9b-d85160fb7f0e","local_time":"20190502210655","is_ascension_mode":true,"campfire_choices":[{"data":"Noxious Fumes","floor":6,"key":"SMITH"},{"data":"Choke","floor":8,"key":"SMITH"},{"data":"Neutralize","floor":15,"key":"SMITH"},{"floor":23,"key":"REST"},{"floor":25,"key":"REST"},{"floor":30,"key":"REST"},{"data":"Footwork","floor":32,"key":"SMITH"},{"data":"Blur","floor":40,"key":"SMITH"},{"data":"PiercingWail","floor":42,"key":"SMITH"},{"data":"Dodge and Roll","floor":44,"key":"SMITH"},{"data":"Catalyst","floor":49,"key":"SMITH"}],"neow_cost":"NONE","seed_source_timestamp":973083141935070,"circlet_count":0,"master_deck":["AscendersBane","Defend_G","Defend_G","Defend_G","Defend_G","Defend_G","Survivor","Neutralize+1","Dodge and Roll+1","Blur","Noxious Fumes+1","Choke+1","Escape Plan","Sucker Punch","Venomology","PiercingWail+1","Cloak And Dagger+1","Corpse Explosion","Outmaneuver","Flash of Steel","Blur","Noxious Fumes","Cloak And Dagger+1","Footwork+1","Blur+1","Finisher","PiercingWail","Escape Plan","Catalyst+1"],"relics":["Ring of the Serpent","Ornamental Fan","Old Coin","Vajra","Strawberry","Bird Faced Urn","Toy Ornithopter","Snake Skull","Cursed Key","Omamori","Boot","Pen Nib"],"potions_floor_usage":[12,13,14,14,16,16,18,18,24,24,27,28,28,28,33,41,50,50],"damage_taken":[{"damage":4,"enemies":"Small Slimes","floor":1,"turns":3},{"damage":7,"enemies":"Cultist","floor":3,"turns":6},{"damage":1,"enemies":"Jaw Worm","floor":5,"turns":8},{"damage":0,"enemies":"Large Slime","floor":7,"turns":9},{"damage":10,"enemies":"Lagavulin","floor":12,"turns":9},{"damage":7,"enemies":"Lots of Slimes","floor":13,"turns":6},{"damage":3,"enemies":"Exordium Thugs","floor":14,"turns":5},{"damage":22,"enemies":"Hexaghost","floor":16,"turns":13},{"damage":21,"enemies":"3 Byrds","floor":18,"turns":3},{"damage":9,"enemies":"Chosen","floor":22,"turns":8},{"damage":28,"enemies":"Slavers","floor":24,"turns":5},{"damage":9,"enemies":"Snake Plant","floor":27,"turns":5},{"damage":8,"enemies":"Book of Stabbing","floor":28,"turns":7},{"damage":46,"enemies":"Collector","floor":33,"turns":10},{"damage":1,"enemies":"3 Shapes","floor":35,"turns":5},{"damage":3,"enemies":"Orb Walker","floor":37,"turns":6},{"damage":0,"enemies":"Nemesis","floor":41,"turns":9},{"damage":0,"enemies":"Maw","floor":45,"turns":9},{"damage":3,"enemies":"3 Darklings","floor":46,"turns":4},{"damage":14,"enemies":"4 Shapes","floor":47,"turns":3},{"damage":21,"enemies":"Awakened One","floor":50,"turns":22}],"seed_played":"3865206568484434790","potions_obtained":[{"floor":5,"key":"SteroidPotion"},{"floor":7,"key":"Dexterity Potion"},{"floor":12,"key":"Energy Potion"},{"floor":16,"key":"PowerPotion"},{"floor":22,"key":"Energy Potion"},{"floor":24,"key":"GhostInAJar"},{"floor":27,"key":"PowerPotion"},{"floor":37,"key":"Explosive Potion"}],"is_trial":false,"path_per_floor":["M","?","M","$","M","R","M","R","T","$","$","E","M","M","R","B",null,"M","?","$","?","M","R","E","R","T","M","E","$","R","T","R","B",null,"M","$","M","?","$","R","E","R","T","R","M","M","M","$","R","B",null],"character_chosen":"THE_SILENT","items_purchased":["Noxious Fumes","Sucker Punch","Flash of Steel","Toy Ornithopter","Footwork","Omamori","Blur","Catalyst"],"campfire_rested":3,"item_purchase_floors":[4,10,20,29,29,36,36,48],"current_hp_per_floor":[55,55,48,48,47,47,47,47,47,47,47,37,30,27,27,5,51,30,30,30,30,21,40,12,31,38,29,21,21,42,42,42,7,57,62,62,65,65,65,65,73,73,73,73,73,70,58,58,58,53],"gold":68,"neow_bonus":"HUNDRED_GOLD","is_prod":false,"is_daily":false,"chose_seed":false,"campfire_upgraded":8,"win_rate":0,"timestamp":1556824015,"path_taken":["M","?","M","$","M","R","M","R","T","?","$","E","M","M","R","BOSS","M","?","$","?","?","R","E","R","T","M","E","?","R","?","R","BOSS","M","$","M","?","$","R","E","R","T","R","?","M","M","$","R","BOSS"],"build_version":"2019-04-23","purchased_purges":3,"victory":true,"max_hp_per_floor":[66,66,66,66,66,66,66,66,66,66,66,66,66,66,66,66,66,66,66,66,66,66,66,66,66,73,73,73,73,73,73,73,73,73,73,73,73,73,73,73,73,73,73,73,73,73,73,73,73,73],"card_choices":[{"not_picked":["Poisoned Stab","Eviscerate"],"picked":"Dodge and Roll","floor":1},{"not_picked":["Slice","Underhanded Strike"],"picked":"Blur","floor":3},{"not_picked":["Terror","Infinite Blades"],"picked":"Choke","floor":5},{"not_picked":["Calculated Gamble","Night Terror"],"picked":"Escape Plan","floor":7},{"not_picked":["Dagger Spray","Bouncing Flask"],"picked":"Venomology","floor":12},{"not_picked":["Poisoned Stab","Dash"],"picked":"PiercingWail","floor":13},{"not_picked":["Blade Dance","Infinite Blades"],"picked":"Cloak And Dagger","floor":14},{"not_picked":["Grand Finale","Die Die Die"],"picked":"Corpse Explosion","floor":16},{"not_picked":["Reflex","Acrobatics"],"picked":"Outmaneuver","floor":18},{"not_picked":["Quick Slash","Deadly Poison"],"picked":"Blur","floor":22},{"not_picked":["Dagger Throw+1","Cloak And Dagger"],"picked":"Noxious Fumes","floor":24},{"not_picked":["Setup","Leg Sweep"],"picked":"Cloak And Dagger+1","floor":27},{"not_picked":["Masterful Stab","Eviscerate","Flying Knee"],"picked":"SKIP","floor":28},{"not_picked":["Predator","Poisoned Stab","Endless Agony"],"picked":"SKIP","floor":35},{"not_picked":["Deadly Poison+1","Distraction","Calculated Gamble+1"],"picked":"SKIP","floor":37},{"not_picked":["Noxious Fumes","Accuracy"],"picked":"Finisher","floor":41},{"not_picked":["Deadly Poison","Dagger Throw"],"picked":"PiercingWail","floor":45},{"not_picked":["Dagger Spray","Bane","Unload"],"picked":"SKIP","floor":46},{"not_picked":["Prepared","Slice"],"picked":"Escape Plan","floor":47}],"player_experience":1441398,"relics_obtained":[{"floor":9,"key":"Ornamental Fan"},{"floor":12,"key":"Old Coin"},{"floor":24,"key":"Vajra"},{"floor":26,"key":"Strawberry"},{"floor":28,"key":"Bird Faced Urn"},{"floor":31,"key":"Snake Skull"},{"floor":41,"key":"Boot"},{"floor":43,"key":"Pen Nib"}],"event_choices":[{"cards_removed":["Strike_G"],"damage_healed":0,"gold_gain":0,"player_choice":"Offered Basic","damage_taken":0,"max_hp_gain":0,"max_hp_loss":0,"event_name":"Bonfire Elementals","floor":2,"gold_loss":0},{"cards_removed":["Strike_G"],"damage_healed":0,"gold_gain":0,"player_choice":"Gave Gold","damage_taken":0,"max_hp_gain":0,"max_hp_loss":0,"event_name":"Beggar","floor":19,"gold_loss":75},{"damage_healed":0,"gold_gain":250,"player_choice":"Bet on Owner","damage_taken":0,"max_hp_gain":0,"max_hp_loss":0,"event_name":"The Joust","floor":21,"gold_loss":50},{"damage_healed":0,"gold_gain":0,"player_choice":"Upgraded","damage_taken":0,"max_hp_gain":0,"max_hp_loss":0,"event_name":"Upgrade Shrine","floor":38,"gold_loss":0,"cards_upgraded":["Cloak And Dagger"]}],"is_beta":true,"boss_relics":[{"not_picked":["Velvet Choker","WristBlade"],"picked":"Ring of the Serpent"},{"not_picked":["White Beast Statue","Fusion Hammer"],"picked":"Cursed Key"}],"items_purged_floors":[4,20,29],"is_endless":false,"potions_floor_spawned":[5,7,12,16,22,24,27,37,41],"ascension_level":16}