{"gold_per_floor":[113,63,63,80,27,27,27,46,72,72,131,131,131,158,158,261,261,201,58,58,58,58,58,58],"floor_reached":24,"playtime":1436,"items_purged":[],"score":244,"play_id":"7d59252f-01cb-411d-b6f2-b667bfc7d19d","local_time":"20181025184826","is_ascension_mode":true,"campfire_choices":[{"data":"Lockon","floor":7,"key":"SMITH"},{"data":"Zap","floor":10,"key":"SMITH"},{"data":"Go for the Eyes","floor":15,"key":"SMITH"}],"neow_cost":"NONE","seed_source_timestamp":647062303864547,"circlet_count":0,"master_deck":["Strike_B","Strike_B","Strike_B","Defend_B","Defend_B","Defend_B","Defend_B+1","Zap+1","Dualcast+1","Compile Driver","Lockon+1","Tempest","Conserve Battery","Sweeping Beam","Streamline","Go for the Eyes+1","Buffer","Genetic Algorithm","Sunder","Ball Lightning+1"],"relics":["Cracked Core","Pen Nib","Tiny Chest","Darkstone Periapt","Bag of Marbles","Ectoplasm","War Paint","Bottled Tornado"],"potions_floor_usage":[11,22,23],"damage_taken":[{"damage":5,"enemies":"Small Slimes","floor":1,"turns":4},{"damage":2,"enemies":"Jaw Worm","floor":4,"turns":2},{"damage":0,"enemies":"2 Louse","floor":8,"turns":2},{"damage":14,"enemies":"Lagavulin","floor":11,"turns":5},{"damage":6,"enemies":"3 Sentries","floor":14,"turns":5},{"damage":37,"enemies":"Hexaghost","floor":16,"turns":8},{"damage":23,"enemies":"2 Thieves","floor":18,"turns":4},{"damage":2,"enemies":"Chosen","floor":20,"turns":3},{"damage":11,"enemies":"Snecko","floor":22,"turns":4},{"damage":28,"enemies":"Slavers","floor":23,"turns":4},{"damage":17,"enemies":"Shelled Parasite and Fungi","floor":24,"turns":2}],"seed_played":"-2805220118532507979","potions_obtained":[{"floor":1,"key":"AttackPotion"},{"floor":20,"key":"Dexterity Potion"},{"floor":22,"key":"Explosive Potion"}],"is_trial":false,"path_per_floor":["M","?","?","M","$","$","R","M","T","R","E","T","?","E","R","B",null,"M","$","M","$","M","E"],"character_chosen":"DEFECT","items_purchased":["Conserve Battery","War Paint"],"campfire_rested":0,"item_purchase_floors":[5,19],"current_hp_per_floor":[70,70,70,68,68,68,68,68,68,68,54,54,59,53,53,16,80,57,57,55,55,44,16,0],"gold":58,"neow_bonus":"THREE_CARDS","is_prod":false,"is_daily":false,"chose_seed":false,"campfire_upgraded":3,"win_rate":0,"timestamp":1540486106,"path_taken":["M","?","?","M","?","$","R","M","T","R","E","?","?","E","R","BOSS","M","$","M","?","?","E","M"],"build_version":"2018-10-18","purchased_purges":0,"victory":false,"max_hp_per_floor":[75,75,75,75,75,75,75,75,75,75,75,75,80,80,80,80,80,80,80,80,80,80,80,80],"card_choices":[{"not_picked":["Hologram","Coolheaded"],"picked":"Compile Driver","floor":0},{"not_picked":["Heatsinks","Beam Cell"],"picked":"Lockon","floor":1},{"not_picked":["Reprogram","Hologram"],"picked":"Tempest","floor":4},{"not_picked":["Leap","Stack"],"picked":"Sweeping Beam","floor":8},{"not_picked":["Gash","Turbo"],"picked":"Streamline","floor":11},{"not_picked":["Core Surge","Cold Snap"],"picked":"Go for the Eyes","floor":14},{"not_picked":["Hyperbeam","Biased Cognition"],"picked":"Buffer","floor":16},{"not_picked":["Barrage+1","Ball Lightning+1"],"picked":"Genetic Algorithm","floor":18},{"not_picked":["Sweeping Beam+1","Reprogram"],"picked":"Sunder","floor":20},{"not_picked":["Rip and Tear","Beam Cell","Meteor Strike"],"picked":"SKIP","floor":22},{"not_picked":["Coolheaded","Hologram+1"],"picked":"Ball Lightning+1","floor":23}],"player_experience":149376,"relics_obtained":[{"floor":9,"key":"Pen Nib"},{"floor":11,"key":"Tiny Chest"},{"floor":12,"key":"Darkstone Periapt"},{"floor":14,"key":"Bag of Marbles"},{"floor":23,"key":"Bottled Tornado"}],"event_choices":[{"cards_removed":["Strike_B"],"damage_healed":0,"gold_gain":0,"player_choice":"Card Removal","damage_taken":0,"max_hp_gain":0,"max_hp_loss":0,"event_name":"The Cleric","floor":2,"gold_loss":50},{"damage_healed":0,"gold_gain":0,"player_choice":"Ignored","damage_taken":0,"max_hp_gain":0,"max_hp_loss":0,"event_name":"Liars Game","floor":3,"gold_loss":0},{"damage_healed":0,"gold_gain":0,"player_choice":"Donut","damage_taken":0,"max_hp_gain":5,"max_hp_loss":0,"event_name":"Big Fish","floor":13,"gold_loss":0}],"is_beta":false,"boss_relics":[{"not_picked":["Busted Crown","Velvet Choker"],"picked":"Ectoplasm"}],"items_purged_floors":[],"is_endless":false,"potions_floor_spawned":[1,20,22],"killed_by":"Shelled Parasite and Fungi","ascension_level":2}