{"gold_per_floor":[114,114,129,54,54,54],"floor_reached":6,"playtime":487,"items_purged":["Storm of Steel"],"score":59,"play_id":"9e44dbca-b947-4eb1-a746-f7180826ab14","local_time":"20181022190105","daily_mods":["Insanity","Vintage","Binary"],"is_ascension_mode":false,"campfire_choices":[],"neow_cost":"","seed_source_timestamp":0,"circlet_count":0,"master_deck":["Quick Slash","Caltrops","Deadly Poison","Deflect","Deflect","Calculated Gamble","Footwork","Catalyst","Underhanded Strike","Cloak And Dagger","Calculated Gamble","Poisoned Stab","Burst","Heel Hook","Bane","Riddle With Holes","Terror","Noxious Fumes","Venomology","Concentrate","Dagger Spray","PiercingWail","Prepared","Dagger Throw","Caltrops","Outmaneuver","Deflect","Bullet Time","Deadly Poison","Escape Plan","Sucker Punch","Catalyst","Slice","Concentrate","Dagger Spray","Well Laid Plans","Malaise","A Thousand Cuts","Tactician","Dagger Throw","Flechettes","Outmaneuver","Endless Agony","A Thousand Cuts","Reflex","Bane","Dagger Throw","Bullet Time","Envenom"],"special_seed":17826,"relics":["Ring of the Snake","Oddly Smooth Stone","Centennial Puzzle","Matryoshka"],"potions_floor_usage":[3,6],"damage_taken":[{"damage":0,"enemies":"2 Louse","floor":1,"turns":1},{"damage":8,"enemies":"Small Slimes","floor":3,"turns":2},{"damage":55,"enemies":"Gremlin Nob","floor":6,"turns":4}],"seed_played":"4924547904289982387","potions_obtained":[{"floor":3,"key":"Weak Potion"}],"is_trial":false,"path_per_floor":["M","?","M","$","?"],"character_chosen":"THE_SILENT","items_purchased":[],"campfire_rested":0,"item_purchase_floors":[],"current_hp_per_floor":[70,63,55,55,55,0],"gold":54,"neow_bonus":"","is_prod":false,"is_daily":true,"chose_seed":false,"campfire_upgraded":0,"win_rate":0,"timestamp":1540227665,"path_taken":["M","?","M","$","?","E"],"build_version":"2018-10-18","purchased_purges":1,"victory":false,"max_hp_per_floor":[70,70,70,70,70,70],"card_choices":[],"player_experience":96134,"relics_obtained":[{"floor":1,"key":"Oddly Smooth Stone"},{"floor":3,"key":"Matryoshka"}],"event_choices":[{"damage_healed":0,"gold_gain":0,"player_choice":"Success","damage_taken":7,"relics_obtained":["Centennial Puzzle"],"max_hp_gain":0,"max_hp_loss":0,"event_name":"Scrap Ooze","floor":2,"gold_loss":0},{"damage_healed":0,"gold_gain":0,"cards_transformed":["Eviscerate"],"player_choice":"Transformed","damage_taken":0,"max_hp_gain":0,"max_hp_loss":0,"event_name":"Transmorgrifier","floor":5,"gold_loss":0,"cards_obtained":["Envenom"]}],"is_beta":false,"boss_relics":[],"items_purged_floors":[4],"is_endless":false,"potions_floor_spawned":[3],"killed_by":"Gremlin Nob","ascension_level":0}