{"gold_per_floor":[115,134,309,321,123,123,155,170,196,222,69,69,69,101,101,205,205,217,227,241,253,268,268,288,288,288,288],"floor_reached":27,"playtime":4746,"items_purged":["Doubt"],"score":282,"play_id":"4b521b8a-7376-432b-afc2-813a5e01ee92","local_time":"20190423190804","is_ascension_mode":true,"campfire_choices":[{"data":"Redo","floor":6,"key":"SMITH"},{"data":"Dualcast","floor":13,"key":"SMITH"},{"data":"Defragment","floor":15,"key":"SMITH"},{"floor":23,"key":"REST"},{"floor":25,"key":"REST"}],"neow_cost":"NONE","seed_source_timestamp":186380212435279,"circlet_count":0,"master_deck":["Strike_B","Strike_B","Strike_B","Strike_B","Defend_B","Defend_B","Defend_B","Defend_B","Zap+1","Dualcast+1","Glacier","Compile Driver","Redo+1","Streamline","Defragment+1","Ball Lightning","Doom and Gloom","FTL","Biased Cognition","Coolheaded","Lockon+1","Reinforced Body","Loop","Genetic Algorithm+1","Recycle+1"],"relics":["Cracked Core","Juzu Bracelet","Vajra","Pen Nib","DataDisk","Nunchaku","Snecko Eye","Ancient Tea Set"],"potions_floor_usage":[20],"damage_taken":[{"damage":0,"enemies":"Small Slimes","floor":1,"turns":2},{"damage":0,"enemies":"2 Louse","floor":2,"turns":3},{"damage":0,"enemies":"Jaw Worm","floor":4,"turns":4},{"damage":30,"enemies":"3 Sentries","floor":7,"turns":6},{"damage":0,"enemies":"Exordium Wildlife","floor":8,"turns":3},{"damage":6,"enemies":"Lagavulin","floor":10,"turns":5},{"damage":8,"enemies":"Gremlin Nob","floor":14,"turns":3},{"damage":19,"enemies":"The Guardian","floor":16,"turns":7},{"damage":31,"enemies":"Spheric Guardian","floor":18,"turns":5},{"damage":7,"enemies":"Shell Parasite","floor":19,"turns":4},{"damage":5,"enemies":"Snecko","floor":20,"turns":3},{"damage":30,"enemies":"Snake Plant","floor":21,"turns":4},{"damage":0,"enemies":"Chosen and Byrds","floor":22,"turns":5},{"damage":6,"enemies":"Snecko","floor":24,"turns":4},{"damage":49,"enemies":"Slavers","floor":27,"turns":3}],"seed_played":"3748235826016113773","potions_obtained":[{"floor":1,"key":"Swift Potion"},{"floor":2,"key":"Dexterity Potion"},{"floor":4,"key":"Swift Potion"},{"floor":18,"key":"Poison Potion"}],"is_trial":false,"path_per_floor":["M","M","?","M","$","R","E","M","T","E","$","?","R","E","R","B",null,"M","M","M","M","M","R","M","R","T","E"],"character_chosen":"DEFECT","items_purchased":["Streamline","Defragment","DataDisk"],"campfire_rested":2,"item_purchase_floors":[5,5,11],"current_hp_per_floor":[75,75,75,75,75,75,45,45,45,39,39,44,44,36,36,17,80,49,42,37,7,7,31,25,49,49,0],"gold":288,"neow_bonus":"UPGRADE_CARD","is_prod":false,"is_daily":false,"chose_seed":false,"campfire_upgraded":3,"win_rate":0,"timestamp":1556039284,"path_taken":["M","M","?","M","$","R","E","M","T","E","$","?","R","E","R","BOSS","M","M","M","M","M","R","M","R","T","E"],"build_version":"2019-04-21","purchased_purges":1,"victory":false,"max_hp_per_floor":[75,75,75,75,75,75,75,75,75,75,75,80,80,80,80,80,80,80,80,80,80,80,80,80,80,80,80],"card_choices":[{"not_picked":["Compile Driver","Sweeping Beam"],"picked":"Glacier","floor":1},{"not_picked":["Double Energy","Beam Cell"],"picked":"Compile Driver","floor":2},{"not_picked":["Chaos","Go for the Eyes"],"picked":"Redo","floor":4},{"not_picked":["Gash","Self Repair"],"picked":"Ball Lightning","floor":7},{"not_picked":["Coolheaded","Self Repair"],"picked":"Doom and Gloom","floor":8},{"not_picked":["Conserve Battery","Chaos"],"picked":"FTL","floor":10},{"not_picked":["Rebound","Storm","Reboot"],"picked":"SKIP","floor":14},{"not_picked":["Creative AI","Machine Learning"],"picked":"Biased Cognition","floor":16},{"not_picked":["Turbo","Redo"],"picked":"Coolheaded","floor":18},{"not_picked":["Heatsinks","FTL"],"picked":"Lockon+1","floor":19},{"not_picked":["Blizzard","Skim+1"],"picked":"Reinforced Body","floor":20},{"not_picked":["BootSequence+1","Gash"],"picked":"Loop","floor":21},{"not_picked":["Steam","Conserve Battery"],"picked":"Genetic Algorithm+1","floor":22},{"not_picked":["Doom and Gloom+1","Coolheaded"],"picked":"Recycle+1","floor":24}],"player_experience":1171660,"relics_obtained":[{"floor":7,"key":"Juzu Bracelet"},{"floor":9,"key":"Vajra"},{"floor":10,"key":"Pen Nib"},{"floor":14,"key":"Nunchaku"},{"floor":26,"key":"Ancient Tea Set"}],"event_choices":[{"damage_healed":0,"gold_gain":175,"player_choice":"AGREE","damage_taken":0,"max_hp_gain":0,"max_hp_loss":0,"event_name":"Liars Game","floor":3,"gold_loss":0,"cards_obtained":["Doubt"]},{"damage_healed":0,"gold_gain":0,"player_choice":"Donut","damage_taken":0,"max_hp_gain":5,"max_hp_loss":0,"event_name":"Big Fish","floor":12,"gold_loss":0}],"is_beta":true,"boss_relics":[{"not_picked":["Fusion Hammer","Lizard Tail"],"picked":"Snecko Eye"}],"items_purged_floors":[5],"is_endless":false,"potions_floor_spawned":[1,2,4,18],"killed_by":"Slavers","ascension_level":4}