{"gold_per_floor":[111,126,51,51,51,51,71,104,104,104,104,104,116,116],"floor_reached":14,"playtime":449,"items_purged":["Injury"],"score":132,"play_id":"c1b9c41d-6e36-43c5-b58e-1ccc39d22543","local_time":"20190114003443","is_ascension_mode":true,"campfire_choices":[{"data":"Swift Strike","floor":6,"key":"SMITH"},{"data":"Armaments","floor":10,"key":"SMITH"}],"neow_cost":"CURSE","seed_source_timestamp":1216656846519100,"circlet_count":0,"master_deck":["AscendersBane","Strike_R","Strike_R","Strike_R","Strike_R","Defend_R","Defend_R","Defend_R","Defend_R","Bash","Secret Technique","Swift Strike+1","Clothesline","Rage","Armaments+1","Rampage"],"relics":["Burning Blood","Dream Catcher","Blue Candle","The Courier"],"potions_floor_usage":[14,14],"damage_taken":[{"damage":1,"enemies":"Cultist","floor":1,"turns":4},{"damage":7,"enemies":"Jaw Worm","floor":2,"turns":3},{"damage":3,"enemies":"2 Louse","floor":7,"turns":3},{"damage":52,"enemies":"Lagavulin","floor":8,"turns":7},{"damage":10,"enemies":"2 Fungi Beasts","floor":13,"turns":4},{"damage":23,"enemies":"3 Sentries","floor":14,"turns":4}],"seed_played":"6400792100793478061","potions_obtained":[{"floor":1,"key":"SneckoOil"},{"floor":8,"key":"Weak Potion"},{"floor":13,"key":"GamblersBrew"}],"is_trial":false,"path_per_floor":["M","M","$","?","$","R","M","E","T","R","?","?","M","E"],"character_chosen":"IRONCLAD","items_purchased":[],"campfire_rested":0,"item_purchase_floors":[],"current_hp_per_floor":[77,76,76,76,76,76,79,33,33,33,33,26,22,0],"gold":116,"neow_bonus":"RANDOM_COLORLESS_2","is_prod":false,"is_daily":false,"chose_seed":false,"campfire_upgraded":2,"win_rate":0,"timestamp":1547444083,"path_taken":["M","M","$","?","?","R","M","E","T","R","?","?","M","E"],"build_version":"2019-01-10","purchased_purges":1,"victory":false,"max_hp_per_floor":[80,80,80,80,80,80,80,80,80,80,80,80,80,80],"card_choices":[{"not_picked":["Sword Boomerang","Havoc"],"picked":"Clothesline","floor":1},{"not_picked":["Metallicize","Thunderclap"],"picked":"Rage","floor":2},{"not_picked":["True Grit","Heavy Blade","Clothesline"],"picked":"SKIP","floor":7},{"not_picked":["Rupture","Seeing Red"],"picked":"Armaments","floor":8},{"not_picked":["True Grit","Searing Blow"],"picked":"Rampage","floor":13}],"player_experience":1756305,"relics_obtained":[{"floor":8,"key":"Blue Candle"},{"floor":9,"key":"The Courier"}],"event_choices":[{"damage_healed":0,"gold_gain":0,"player_choice":"Gave Potion","damage_taken":0,"relics_obtained":["Dream Catcher"],"max_hp_gain":0,"max_hp_loss":0,"event_name":"WeMeetAgain","floor":4,"gold_loss":0},{"damage_healed":0,"gold_gain":0,"player_choice":"Ignored","damage_taken":0,"max_hp_gain":0,"max_hp_loss":0,"event_name":"Shining Light","floor":11,"gold_loss":0},{"cards_removed":["Strike_R"],"damage_healed":0,"gold_gain":0,"player_choice":"Card Removal","damage_taken":7,"max_hp_gain":0,"max_hp_loss":0,"event_name":"Golden Wing","floor":12,"gold_loss":0}],"is_beta":false,"boss_relics":[],"items_purged_floors":[3],"is_endless":false,"potions_floor_spawned":[1,8,13],"killed_by":"3 Sentries","ascension_level":10}