{"gold_per_floor":[365,105,118,138,158,158,158,184,210,210,235,253,267,293,293,370,420,437,447,105,105,105,105,26,26,26,52,72,87,87],"floor_reached":30,"playtime":1742,"items_purged":[],"score":473,"play_id":"5570cef3-704f-4934-ae03-a593d735c7ea","local_time":"20190501204222","is_ascension_mode":true,"campfire_choices":[{"data":"Bash","floor":6,"key":"SMITH"},{"data":"Limit Break","floor":10,"key":"SMITH"},{"data":"Shockwave","floor":15,"key":"SMITH"},{"floor":23,"key":"REST"},{"data":"Uppercut","floor":25,"key":"SMITH"}],"neow_cost":"TEN_PERCENT_HP_LOSS","seed_source_timestamp":886249209866331,"circlet_count":0,"master_deck":["AscendersBane","Strike_R","Strike_R","Strike_R","Strike_R","Strike_R","Defend_R","Defend_R","Defend_R","Defend_R","Bash+1","Feel No Pain","Pummel","Combust","Iron Wave","Cleave","Shockwave+1","Cleave","Limit Break+1","Sword Boomerang","Shrug It Off","Uppercut+1","Rupture","Offering+1","Headbutt","Armaments+1","True Grit+1","Reaper","Battle Trance+1","Metallicize"],"relics":["Burning Blood","Vajra","Bag of Marbles","Happy Flower","Boot","Calipers","Tiny House","Toxic Egg 2","Shovel","Anchor"],"potions_floor_usage":[8,11,16,27,27,28,30],"damage_taken":[{"damage":1,"enemies":"Cultist","floor":1,"turns":4},{"damage":4,"enemies":"Small Slimes","floor":3,"turns":3},{"damage":0,"enemies":"2 Louse","floor":4,"turns":2},{"damage":14,"enemies":"Exordium Thugs","floor":5,"turns":3},{"damage":19,"enemies":"Gremlin Nob","floor":8,"turns":4},{"damage":9,"enemies":"Lagavulin","floor":11,"turns":7},{"damage":6,"enemies":"Exordium Wildlife","floor":12,"turns":3},{"damage":11,"enemies":"Blue Slaver","floor":13,"turns":3},{"damage":18,"enemies":"3 Sentries","floor":14,"turns":6},{"damage":41,"enemies":"The Guardian","floor":16,"turns":9},{"damage":14,"enemies":"2 Thieves","floor":18,"turns":4},{"damage":6,"enemies":"3 Byrds","floor":19,"turns":4},{"damage":33,"enemies":"Slavers","floor":27,"turns":7},{"damage":3,"enemies":"3 Cultists","floor":28,"turns":5},{"damage":11,"enemies":"Cultist and Chosen","floor":29,"turns":6},{"damage":36,"enemies":"Snake Plant","floor":30,"turns":5}],"seed_played":"8416475430102834871","potions_obtained":[{"floor":3,"key":"SteroidPotion"},{"floor":4,"key":"Regen Potion"},{"floor":5,"key":"BloodPotion"},{"floor":11,"key":"Swift Potion"},{"floor":16,"key":"Ancient Potion"},{"floor":17,"key":"SkillPotion"},{"floor":27,"key":"EssenceOfSteel"},{"floor":28,"key":"Dexterity Potion"}],"is_trial":false,"path_per_floor":["M","$","M","M","M","R","?","E","T","R","E","M","M","E","R","B",null,"M","M","$","?","?","R","$","R","T","E","M","M","M"],"character_chosen":"IRONCLAD","items_purchased":["Vajra","Pummel","Combust","Toxic Egg 2","Armaments+1","True Grit+1","Reaper"],"campfire_rested":1,"item_purchase_floors":[2,2,2,20,20,20,24],"current_hp_per_floor":[68,68,68,68,60,60,60,53,53,53,62,62,57,45,45,10,59,51,51,51,30,30,53,53,53,53,26,29,36,0],"gold":87,"neow_bonus":"TWO_FIFTY_GOLD","is_prod":false,"is_daily":false,"chose_seed":false,"campfire_upgraded":4,"win_rate":0,"timestamp":1556736142,"path_taken":["M","$","M","M","M","R","?","E","T","R","E","M","?","E","R","BOSS","M","M","$","?","?","R","$","R","T","E","M","M","?"],"build_version":"2019-04-23","purchased_purges":0,"victory":false,"max_hp_per_floor":[68,68,68,68,68,68,68,68,68,68,68,68,68,68,68,68,73,73,73,73,78,78,78,78,78,78,78,78,78,78],"card_choices":[{"not_picked":["Warcry","Clash"],"picked":"Feel No Pain","floor":1},{"not_picked":["Entrench","Combust"],"picked":"Iron Wave","floor":3},{"not_picked":["Heavy Blade","True Grit"],"picked":"Cleave","floor":4},{"not_picked":["Havoc","Twin Strike"],"picked":"Shockwave","floor":5},{"not_picked":["Headbutt","Body Slam"],"picked":"Limit Break","floor":8},{"not_picked":["Headbutt","Blood for Blood"],"picked":"Sword Boomerang","floor":11},{"not_picked":["Cleave","Body Slam"],"picked":"Shrug It Off","floor":12},{"not_picked":["Shrug It Off","Rampage"],"picked":"Uppercut","floor":13},{"not_picked":["Hemokinesis","Pommel Strike"],"picked":"Rupture","floor":14},{"not_picked":["Juggernaut","Impervious"],"picked":"Offering","floor":16},{"not_picked":["Cleave","Sword Boomerang"],"picked":"Headbutt","floor":17},{"not_picked":["Power Through","Havoc","Perfected Strike"],"picked":"SKIP","floor":18},{"not_picked":["Body Slam","Flex","Wild Strike+1"],"picked":"SKIP","floor":19},{"not_picked":["Disarm+1","Spot Weakness+1"],"picked":"Battle Trance+1","floor":27},{"not_picked":["Burning Pact+1","Perfected Strike+1"],"picked":"Metallicize","floor":28},{"not_picked":["Clothesline","Cleave","Wild Strike+1"],"picked":"SKIP","floor":29}],"player_experience":1410138,"relics_obtained":[{"floor":8,"key":"Bag of Marbles"},{"floor":9,"key":"Happy Flower"},{"floor":11,"key":"Boot"},{"floor":14,"key":"Calipers"},{"floor":26,"key":"Shovel"},{"floor":27,"key":"Anchor"}],"event_choices":[{"damage_healed":0,"gold_gain":0,"player_choice":"1 cards matched","damage_taken":0,"max_hp_gain":0,"max_hp_loss":0,"event_name":"Match and Keep!","floor":7,"gold_loss":0,"cards_obtained":["Cleave"]},{"damage_healed":0,"gold_gain":0,"player_choice":"Shed Blood","damage_taken":26,"max_hp_gain":5,"max_hp_loss":0,"event_name":"Forgotten Altar","floor":21,"gold_loss":0},{"damage_healed":0,"gold_gain":0,"player_choice":"0 cards matched","damage_taken":0,"max_hp_gain":0,"max_hp_loss":0,"event_name":"Match and Keep!","floor":22,"gold_loss":0,"cards_obtained":[]}],"is_beta":true,"boss_relics":[{"not_picked":["Lizard Tail","Snecko Eye"],"picked":"Tiny House"}],"items_purged_floors":[],"is_endless":false,"potions_floor_spawned":[3,4,5,11,16,27,28],"killed_by":"Snake Plant","ascension_level":15}