{"gold_per_floor":[109,128,141,141,157,157,196,216,216,264,241,353,365,395,407,543,555,588,700,733,759,280,320,320,335,358,358,378,422,422,441,441,570,570,595,426,486,109,132,132],"floor_reached":40,"playtime":2105,"items_purged":["Strike_B","Strike_B","Strike_B"],"score":557,"play_id":"0ef9ed2a-c7f1-4315-a41d-e30582764a31","local_time":"20190419201200","is_ascension_mode":true,"campfire_choices":[{"data":"Consume","floor":6,"key":"SMITH"},{"floor":13,"key":"REST"},{"data":"Coolheaded","floor":15,"key":"SMITH"},{"floor":24,"key":"REST"},{"floor":27,"key":"REST"},{"floor":30,"key":"REST"},{"floor":32,"key":"REST"}],"neow_cost":"NONE","seed_source_timestamp":2273401388445321,"circlet_count":0,"master_deck":["Strike_B","Defend_B","Defend_B","Defend_B+1","Defend_B","Zap","Dualcast","Genetic Algorithm","Coolheaded+1","Consume+1","Barrage","Redo","BootSequence","Cold Snap","Sweeping Beam","Loop","Hologram+1","Beam Cell","Glacier+1","Defragment","Capacitor","Doom and Gloom+1"],"relics":["Cracked Core","NeowsBlessing","Golden Idol","Symbiotic Virus","MawBank","Bronze Scales","Fusion Hammer","Bird Faced Urn","Dodecahedron","War Paint","Boot","Sozu","Unceasing Top","Matryoshka"],"potions_floor_usage":[7,8,8,8,10,10,16,23,29,33,37],"damage_taken":[{"damage":0,"enemies":"Cultist","floor":1,"turns":1},{"damage":0,"enemies":"Jaw Worm","floor":2,"turns":1},{"damage":8,"enemies":"2 Louse","floor":3,"turns":2},{"damage":3,"enemies":"Looter","floor":5,"turns":4},{"damage":37,"enemies":"Lagavulin","floor":7,"turns":8},{"damage":4,"enemies":"Gremlin Gang","floor":8,"turns":4},{"damage":2,"enemies":"Gremlin Nob","floor":10,"turns":4},{"damage":15,"enemies":"Lots of Slimes","floor":14,"turns":3},{"damage":14,"enemies":"Hexaghost","floor":16,"turns":9},{"damage":1,"enemies":"3 Byrds","floor":18,"turns":2},{"damage":0,"enemies":"Chosen","floor":20,"turns":4},{"damage":16,"enemies":"Snecko","floor":21,"turns":5},{"damage":13,"enemies":"Slavers","floor":23,"turns":4},{"damage":21,"enemies":"Cultist and Chosen","floor":25,"turns":6},{"damage":22,"enemies":"Sentry and Sphere","floor":28,"turns":4},{"damage":14,"enemies":"Book of Stabbing","floor":29,"turns":5},{"damage":0,"enemies":"Centurion and Healer","floor":31,"turns":12},{"damage":64,"enemies":"Collector","floor":33,"turns":12},{"damage":1,"enemies":"Orb Walker","floor":35,"turns":3},{"damage":41,"enemies":"2 Orb Walkers","floor":37,"turns":6},{"damage":12,"enemies":"3 Darklings","floor":39,"turns":5},{"damage":38,"enemies":"Reptomancer","floor":40,"turns":4}],"seed_played":"-3792096252396076620","potions_obtained":[{"floor":1,"key":"SkillPotion"},{"floor":2,"key":"PowerPotion"},{"floor":5,"key":"EntropicBrew"},{"floor":14,"key":"AttackPotion"},{"floor":16,"key":"Explosive Potion"},{"floor":20,"key":"Block Potion"},{"floor":21,"key":"Weak Potion"},{"floor":23,"key":"Energy Potion"},{"floor":33,"key":"Explosive Potion"}],"is_trial":false,"path_per_floor":["M","M","M","?","M","R","E","M","T","E","?","?","R","M","R","B",null,"M","?","M","M","$","E","R","M","T","R","M","E","R","M","R","B",null,"M","$","?","$","M","E"],"character_chosen":"DEFECT","items_purchased":["Loop","Hologram","Bird Faced Urn","Capacitor","Matryoshka"],"campfire_rested":5,"item_purchase_floors":[22,22,22,36,38],"current_hp_per_floor":[75,75,67,49,46,46,9,5,5,3,21,21,43,28,28,14,75,74,74,74,58,58,47,69,50,50,72,52,40,62,64,75,11,75,74,74,36,36,30,0],"gold":132,"neow_bonus":"THREE_ENEMY_KILL","is_prod":false,"is_daily":false,"chose_seed":false,"campfire_upgraded":2,"win_rate":0,"timestamp":1555697520,"path_taken":["M","M","?","?","M","R","E","M","T","E","?","?","R","?","R","BOSS","M","?","M","M","$","E","R","M","T","R","?","E","R","M","R","BOSS","M","$","?","$","M","E"],"build_version":"2019-04-04","purchased_purges":3,"victory":false,"max_hp_per_floor":[75,75,75,75,75,75,75,75,75,75,75,75,75,75,75,75,75,75,75,75,75,75,75,75,75,75,75,75,75,75,75,75,75,75,75,75,75,75,75,75],"card_choices":[{"not_picked":["Beam Cell","Streamline"],"picked":"Genetic Algorithm","floor":1},{"not_picked":["Leap","Recycle"],"picked":"Coolheaded","floor":2},{"not_picked":["Blizzard","Stack","Gash"],"picked":"SKIP","floor":3},{"not_picked":["White Noise","Stack"],"picked":"Consume","floor":5},{"not_picked":["Stack","Storm"],"picked":"Barrage","floor":7},{"not_picked":["Cold Snap","Fission","Compile Driver"],"picked":"SKIP","floor":8},{"not_picked":["Stack","BootSequence"],"picked":"Redo","floor":10},{"not_picked":["Go for the Eyes","Recycle"],"picked":"BootSequence","floor":14},{"not_picked":["BootSequence","Turbo"],"picked":"Cold Snap","floor":18},{"not_picked":["Reprogram+1","Static Discharge"],"picked":"Sweeping Beam","floor":20},{"not_picked":["Consume","Skim","Stack"],"picked":"SKIP","floor":21},{"not_picked":["Turbo","Storm+1"],"picked":"Beam Cell","floor":23},{"not_picked":["Storm","Conserve Battery+1","Consume"],"picked":"SKIP","floor":25},{"not_picked":["Melter","Stack+1"],"picked":"Glacier+1","floor":28},{"not_picked":["Genetic Algorithm","Sweeping Beam","Conserve Battery"],"picked":"SKIP","floor":29},{"not_picked":["Gash","Streamline"],"picked":"Defragment","floor":31},{"not_picked":["Gash+1","Turbo","Sunder"],"picked":"SKIP","floor":35},{"not_picked":["Chill","Turbo"],"picked":"Doom and Gloom+1","floor":37},{"not_picked":["Gash+1","Biased Cognition","Stack"],"picked":"SKIP","floor":39}],"player_experience":1135912,"relics_obtained":[{"floor":7,"key":"Symbiotic Virus"},{"floor":9,"key":"MawBank"},{"floor":10,"key":"Bronze Scales"},{"floor":23,"key":"Dodecahedron"},{"floor":26,"key":"War Paint"},{"floor":29,"key":"Boot"},{"floor":37,"key":"Unceasing Top"}],"event_choices":[{"damage_healed":0,"gold_gain":0,"player_choice":"Take Damage","damage_taken":18,"relics_obtained":["Golden Idol"],"max_hp_gain":0,"max_hp_loss":0,"event_name":"Golden Idol","floor":4,"gold_loss":0},{"damage_healed":18,"gold_gain":0,"player_choice":"Healed","damage_taken":0,"max_hp_gain":0,"max_hp_loss":0,"event_name":"The Cleric","floor":11,"gold_loss":35},{"damage_healed":0,"gold_gain":100,"player_choice":"Pray","damage_taken":0,"max_hp_gain":0,"max_hp_loss":0,"event_name":"Golden Shrine","floor":12,"gold_loss":0},{"damage_healed":0,"gold_gain":100,"player_choice":"Pray","damage_taken":0,"max_hp_gain":0,"max_hp_loss":0,"event_name":"Golden Shrine","floor":19,"gold_loss":0},{"damage_healed":0,"gold_gain":0,"player_choice":"Fight","damage_taken":0,"max_hp_gain":0,"max_hp_loss":0,"event_name":"Mysterious Sphere","floor":37,"gold_loss":0}],"is_beta":true,"boss_relics":[{"not_picked":["Empty Cage","Runic Dome"],"picked":"Fusion Hammer"},{"not_picked":["Pandora\u0027s Box","Black Star"],"picked":"Sozu"}],"items_purged_floors":[22,36,38],"is_endless":false,"potions_floor_spawned":[1,2,5,14,16,20,21,23,28,33,37,39],"killed_by":"Reptomancer","ascension_level":3}