{"gold_per_floor":[117,135,3,153,169,169,189,202,225,251,266,266,266,266],"floor_reached":14,"playtime":557,"items_purged":["Strike_B"],"score":184,"play_id":"39d35f77-7e8d-4dae-a777-1434b033b2a9","local_time":"20190512225117","is_ascension_mode":true,"campfire_choices":[{"data":"Stack","floor":6,"key":"SMITH"},{"floor":12,"key":"REST"}],"neow_cost":"NONE","seed_source_timestamp":1845569258446717,"circlet_count":0,"master_deck":["AscendersBane","Strike_B","Strike_B","Strike_B","Defend_B","Defend_B+1","Defend_B+1","Defend_B","Zap","Dualcast","Conserve Battery","Sweeping Beam","Compile Driver","Doubt","Stack+1","Cold Snap","Leap","Coolheaded","Steam"],"relics":["Cracked Core","Potion Belt","War Paint"],"potions_floor_usage":[],"damage_taken":[{"damage":11,"enemies":"2 Louse","floor":1,"turns":2},{"damage":2,"enemies":"Small Slimes","floor":2,"turns":3},{"damage":1,"enemies":"Cultist","floor":5,"turns":4},{"damage":9,"enemies":"Looter","floor":7,"turns":4},{"damage":11,"enemies":"Exordium Wildlife","floor":8,"turns":4},{"damage":33,"enemies":"3 Sentries","floor":10,"turns":10},{"damage":0,"enemies":"2 Fungi Beasts","floor":11,"turns":4},{"damage":37,"enemies":"Lagavulin","floor":14,"turns":13}],"seed_played":"-6628377033272035015","potions_obtained":[{"floor":1,"key":"SpeedPotion"}],"is_trial":false,"path_per_floor":["M","M","$","?","M","R","M","M","T","E","M","R","?","E"],"character_chosen":"DEFECT","items_purchased":["Compile Driver"],"campfire_rested":1,"item_purchase_floors":[3],"current_hp_per_floor":[60,58,58,58,57,57,48,37,37,4,4,27,27,0],"gold":266,"neow_bonus":"TEN_PERCENT_HP_BONUS","is_prod":false,"is_daily":false,"chose_seed":false,"campfire_upgraded":1,"win_rate":0,"timestamp":1557694277,"path_taken":["M","M","$","?","M","R","M","M","T","E","M","R","?","E"],"build_version":"2019-05-07","purchased_purges":1,"victory":false,"max_hp_per_floor":[78,78,78,78,78,78,78,78,78,78,78,78,78,78],"card_choices":[{"not_picked":["Steam Power","Rebound"],"picked":"Conserve Battery","floor":1},{"not_picked":["Steam","Rebound"],"picked":"Sweeping Beam","floor":2},{"not_picked":["Streamline","Leap"],"picked":"Stack","floor":5},{"not_picked":["Aggregate","Force Field"],"picked":"Cold Snap","floor":7},{"not_picked":["Barrage","Static Discharge","Beam Cell"],"picked":"SKIP","floor":8},{"not_picked":["Cold Snap","Compile Driver"],"picked":"Leap","floor":10},{"not_picked":["Blizzard","Turbo"],"picked":"Coolheaded","floor":11}],"player_experience":1868863,"relics_obtained":[{"floor":9,"key":"Potion Belt"},{"floor":10,"key":"War Paint"}],"event_choices":[{"damage_healed":0,"gold_gain":150,"player_choice":"AGREE","damage_taken":0,"max_hp_gain":0,"max_hp_loss":0,"event_name":"Liars Game","floor":4,"gold_loss":0,"cards_obtained":["Doubt"]},{"damage_healed":0,"gold_gain":0,"player_choice":"1 cards matched","damage_taken":0,"max_hp_gain":0,"max_hp_loss":0,"event_name":"Match and Keep!","floor":13,"gold_loss":0,"cards_obtained":["Steam"]}],"is_beta":true,"boss_relics":[],"items_purged_floors":[3],"is_endless":false,"potions_floor_spawned":[1],"killed_by":"Lagavulin","ascension_level":20}