{"gold_per_floor":[109,124,124,200,125,152,152,180,180,180,455,19,35,53,53,53],"floor_reached":16,"playtime":450,"items_purged":["Regret"],"score":253,"play_id":"f5336ba5-cc64-43c9-bb2c-8c2f6610b66e","local_time":"20190506184758","is_ascension_mode":true,"campfire_choices":[{"data":"Crippling Poison","floor":7,"key":"SMITH"},{"floor":10,"key":"REST"},{"floor":15,"key":"REST"}],"neow_cost":"NONE","seed_source_timestamp":1312677300409194,"circlet_count":0,"master_deck":["AscendersBane","Defend_G","Defend_G","Defend_G","Defend_G","Defend_G","Strike_G","Strike_G","Strike_G","Strike_G","Survivor","Neutralize","Choke+1","Slice","Crippling Poison+1","Heel Hook","Prepared","Infinite Blades","Deflect","Footwork","Footwork"],"relics":["Ring of the Snake","NeowsBlessing","WingedGreaves","Blood Vial","Ice Cream","Medical Kit"],"potions_floor_usage":[16],"damage_taken":[{"damage":0,"enemies":"Jaw Worm","floor":1,"turns":1},{"damage":0,"enemies":"2 Louse","floor":2,"turns":1},{"damage":0,"enemies":"Lagavulin","floor":6,"turns":1},{"damage":56,"enemies":"Gremlin Nob","floor":8,"turns":6},{"damage":7,"enemies":"Small Slimes","floor":13,"turns":3},{"damage":8,"enemies":"Gremlin Gang","floor":14,"turns":3},{"damage":39,"enemies":"The Guardian","floor":16,"turns":15}],"seed_played":"9064990020189819730","potions_obtained":[{"floor":1,"key":"SpeedPotion"},{"floor":13,"key":"FearPotion"}],"is_trial":false,"path_per_floor":["M","M","?","?","?","E","R","E","T","R","?","$","M","M","R","B"],"character_chosen":"THE_SILENT","items_purchased":["Prepared","Infinite Blades","Medical Kit","Deflect"],"campfire_rested":2,"item_purchase_floors":[12,12,12,12],"current_hp_per_floor":[59,59,59,59,59,59,59,3,3,22,22,22,17,11,30,0],"gold":53,"neow_bonus":"THREE_ENEMY_KILL","is_prod":false,"is_daily":false,"chose_seed":false,"campfire_upgraded":1,"win_rate":0,"timestamp":1557161278,"path_taken":["M","M","?","?","?","E","R","E","T","R","?","$","M","?","R","BOSS"],"build_version":"2019-04-23","purchased_purges":1,"victory":false,"max_hp_per_floor":[66,66,66,66,66,66,66,66,66,66,66,66,66,66,66,66],"card_choices":[{"not_picked":["Tactician","Outmaneuver"],"picked":"Choke","floor":1},{"not_picked":["Quick Slash","Poisoned Stab"],"picked":"Slice","floor":2},{"not_picked":["Dagger Spray","Flying Knee"],"picked":"Crippling Poison","floor":6},{"not_picked":["Outmaneuver","Bane"],"picked":"Heel Hook","floor":8},{"not_picked":["Slice","Deflect"],"picked":"Footwork","floor":13},{"not_picked":["Flying Knee","Tactician"],"picked":"Footwork","floor":14}],"player_experience":1543301,"relics_obtained":[{"floor":6,"key":"WingedGreaves"},{"floor":8,"key":"Blood Vial"},{"floor":9,"key":"Ice Cream"}],"event_choices":[{"damage_healed":0,"gold_gain":0,"player_choice":"Grow","damage_taken":0,"max_hp_gain":0,"max_hp_loss":0,"event_name":"Living Wall","floor":3,"gold_loss":0,"cards_upgraded":["Choke"]},{"damage_healed":0,"gold_gain":76,"player_choice":"Gained Gold","damage_taken":0,"max_hp_gain":0,"max_hp_loss":0,"event_name":"Golden Wing","floor":4,"gold_loss":0},{"cards_removed":["Strike_G"],"damage_healed":0,"gold_gain":0,"player_choice":"Card Removal","damage_taken":0,"max_hp_gain":0,"max_hp_loss":0,"event_name":"The Cleric","floor":5,"gold_loss":75},{"damage_healed":0,"gold_gain":275,"player_choice":"Desecrate","damage_taken":0,"max_hp_gain":0,"max_hp_loss":0,"event_name":"Golden Shrine","floor":11,"gold_loss":0,"cards_obtained":["Regret"]}],"is_beta":true,"boss_relics":[],"items_purged_floors":[12],"is_endless":false,"potions_floor_spawned":[1,13],"killed_by":"The Guardian","ascension_level":18}