{"gold_per_floor":[359,359,369,388,403,403,462,462,462,482,495,495,511,73,73,173,173,185,185,185],"floor_reached":20,"playtime":1172,"items_purged":["Pain"],"score":249,"play_id":"25c69339-a3a8-4421-9f97-b29e4626160d","local_time":"20190111013920","is_ascension_mode":true,"campfire_choices":[{"data":"Bash","floor":6,"key":"SMITH"},{"floor":12,"key":"REST"},{"floor":15,"key":"REST"}],"neow_cost":"TEN_PERCENT_HP_LOSS","seed_source_timestamp":960604962877500,"circlet_count":0,"master_deck":["AscendersBane","Strike_R","Strike_R","Strike_R","Strike_R","Strike_R","Defend_R","Defend_R","Defend_R","Defend_R","Bash+1","Clothesline","Ghostly Armor","Evolve","Power Through","Dropkick","Iron Wave+1","Shockwave","Armaments","Fiend Fire+1","Heavy Blade+1"],"relics":["Burning Blood","Unceasing Top","Mummified Hand","WarpedTongs","Molten Egg 2","Membership Card","Prayer Wheel","Eternal Feather","Shuriken"],"potions_floor_usage":[5,7,11,11,16,16,20],"damage_taken":[{"damage":5,"enemies":"Small Slimes","floor":1,"turns":4},{"damage":5,"enemies":"2 Louse","floor":3,"turns":4},{"damage":0,"enemies":"Cultist","floor":4,"turns":4},{"damage":8,"enemies":"Red Slaver","floor":5,"turns":4},{"damage":27,"enemies":"Lagavulin Event","floor":7,"turns":10},{"damage":36,"enemies":"Lots of Slimes","floor":10,"turns":7},{"damage":5,"enemies":"3 Louse","floor":11,"turns":3},{"damage":26,"enemies":"Exordium Thugs","floor":13,"turns":7},{"damage":30,"enemies":"Hexaghost","floor":16,"turns":14},{"damage":21,"enemies":"Spheric Guardian","floor":18,"turns":4},{"damage":56,"enemies":"3 Byrds","floor":20,"turns":8}],"seed_played":"-8351403751467295482","potions_obtained":[{"floor":1,"key":"Poison Potion"},{"floor":3,"key":"Energy Potion"},{"floor":7,"key":"Fruit Juice"},{"floor":10,"key":"SpeedPotion"},{"floor":13,"key":"Block Potion"}],"is_trial":false,"path_per_floor":["M","?","M","M","M","R","?","?","T","M","M","R","M","$","R","B",null,"M","T","M"],"character_chosen":"IRONCLAD","items_purchased":["Membership Card","PowerPotion","SkillPotion","Prayer Wheel"],"campfire_rested":2,"item_purchase_floors":[14,14,14,14],"current_hp_per_floor":[72,54,55,61,59,59,43,43,43,13,14,37,17,17,40,16,62,47,47,0],"gold":185,"neow_bonus":"TWO_FIFTY_GOLD","is_prod":false,"is_daily":false,"chose_seed":false,"campfire_upgraded":1,"win_rate":0,"timestamp":1547188760,"path_taken":["M","?","M","M","M","R","?","?","T","M","?","R","M","$","R","BOSS","M","?","?"],"build_version":"2019-01-10","purchased_purges":1,"victory":false,"max_hp_per_floor":[72,72,72,72,72,72,77,77,77,77,77,77,77,77,77,77,77,77,77,77],"card_choices":[{"not_picked":["Seeing Red","Iron Wave"],"picked":"Clothesline","floor":1},{"not_picked":["Reckless Charge","Flex"],"picked":"Ghostly Armor","floor":3},{"not_picked":["Corruption","Combust"],"picked":"Evolve","floor":4},{"not_picked":["Clothesline","Infernal Blade"],"picked":"Power Through","floor":5},{"not_picked":["Dual Wield","Flex"],"picked":"Dropkick","floor":7},{"not_picked":["Warcry","Twin Strike+1"],"picked":"Iron Wave+1","floor":10},{"not_picked":["Inflame","Clothesline+1"],"picked":"Shockwave","floor":11},{"not_picked":["Clash+1","Fire Breathing"],"picked":"Armaments","floor":13},{"not_picked":["Berserk","Brutality"],"picked":"Fiend Fire+1","floor":16},{"not_picked":["Evolve","Seeing Red"],"picked":"Heavy Blade+1","floor":18},{"not_picked":["Sword Boomerang+1","Clash+1","Shockwave"],"picked":"SKIP","floor":18}],"player_experience":1729016,"relics_obtained":[{"floor":7,"key":"Mummified Hand"},{"floor":9,"key":"Molten Egg 2"},{"floor":19,"key":"Shuriken"}],"event_choices":[{"damage_healed":0,"gold_gain":0,"player_choice":"Success","damage_taken":18,"relics_obtained":["Unceasing Top"],"max_hp_gain":0,"max_hp_loss":0,"event_name":"Scrap Ooze","floor":2,"gold_loss":0},{"damage_healed":0,"gold_gain":0,"player_choice":"Searched \u00271\u0027 times","damage_taken":0,"max_hp_gain":0,"max_hp_loss":0,"event_name":"Dead Adventurer","floor":7,"gold_loss":0},{"damage_healed":0,"gold_gain":0,"player_choice":"Rummage","damage_taken":0,"relics_obtained":["WarpedTongs"],"max_hp_gain":0,"max_hp_loss":0,"event_name":"Accursed Blacksmith","floor":8,"gold_loss":0,"cards_obtained":["Pain"]}],"is_beta":false,"boss_relics":[{"not_picked":["Cursed Key","Snecko Eye"],"picked":"Eternal Feather"}],"items_purged_floors":[14],"is_endless":false,"potions_floor_spawned":[1,3,7,10,13],"killed_by":"3 Byrds","ascension_level":10}