{"gold_per_floor":[115,132,143,35,35,64,64,139,139,139,151,76,76,102,102,199,199,210,210,230,247,247],"floor_reached":22,"playtime":944,"items_purged":["Strike_B"],"score":243,"play_id":"fc59a4a3-10bb-4459-a9da-4ed4c060c75e","local_time":"20190424163225","is_ascension_mode":true,"campfire_choices":[{"data":"Darkness","floor":7,"key":"SMITH"},{"data":"Zap","floor":10,"key":"SMITH"},{"data":"Go for the Eyes","floor":15,"key":"SMITH"}],"neow_cost":"NONE","seed_source_timestamp":267249972031491,"circlet_count":0,"master_deck":["Strike_B","Defend_B","Defend_B","Defend_B","Defend_B","Zap+1","Dualcast","Darkness+1","Cold Snap","Genetic Algorithm","Ball Lightning","Loop","Double Energy","Go for the Eyes+1","Coolheaded","Redo","Parasite","Echo Form","White Noise","Hologram","Echo Form","Self Repair"],"relics":["Cracked Core","Mango","Prayer Wheel","Happy Flower","Fusion Hammer"],"potions_floor_usage":[22,22],"damage_taken":[{"damage":4,"enemies":"Small Slimes","floor":1,"turns":4},{"damage":6,"enemies":"2 Louse","floor":2,"turns":3},{"damage":0,"enemies":"Cultist","floor":3,"turns":4},{"damage":26,"enemies":"3 Sentries","floor":6,"turns":6},{"damage":18,"enemies":"Large Slime","floor":11,"turns":5},{"damage":3,"enemies":"Lagavulin","floor":14,"turns":6},{"damage":31,"enemies":"Hexaghost","floor":16,"turns":8},{"damage":13,"enemies":"Shell Parasite","floor":18,"turns":5},{"damage":12,"enemies":"3 Byrds","floor":20,"turns":3},{"damage":38,"enemies":"3 Cultists","floor":21,"turns":7},{"damage":5,"enemies":"Centurion and Healer","floor":22,"turns":2}],"seed_played":"7941371156204706704","potions_obtained":[{"floor":3,"key":"Fire Potion"},{"floor":6,"key":"Strength Potion"},{"floor":14,"key":"Dexterity Potion"},{"floor":16,"key":"AttackPotion"}],"is_trial":false,"path_per_floor":["M","M","M","$","?","E","R","?","T","R","M","$","?","E","R","B",null,"M","?","M","M","M"],"character_chosen":"DEFECT","items_purchased":["Loop","Coolheaded","Redo"],"campfire_rested":0,"item_purchase_floors":[4,12,12],"current_hp_per_floor":[71,65,65,65,58,46,46,35,35,35,17,17,39,36,36,5,68,55,55,43,5,0],"gold":247,"neow_bonus":"TRANSFORM_CARD","is_prod":false,"is_daily":false,"chose_seed":false,"campfire_upgraded":3,"win_rate":0,"timestamp":1556116345,"path_taken":["M","M","M","$","?","E","R","?","T","R","M","$","?","E","R","BOSS","M","?","M","M","M"],"build_version":"2019-04-23","purchased_purges":1,"victory":false,"max_hp_per_floor":[75,75,75,75,75,89,89,89,89,89,89,89,89,89,89,89,89,89,89,89,89,89],"card_choices":[{"not_picked":["Beam Cell","Coolheaded"],"picked":"Cold Snap","floor":1},{"not_picked":["Gash","Storm"],"picked":"Genetic Algorithm","floor":2},{"not_picked":["Gash","Cold Snap"],"picked":"Ball Lightning","floor":3},{"not_picked":["Leap","Aggregate","Darkness"],"picked":"SKIP","floor":6},{"not_picked":["Static Discharge","Blizzard"],"picked":"Double Energy","floor":11},{"not_picked":["Turbo","Ball Lightning"],"picked":"Go for the Eyes","floor":11},{"not_picked":["Rebound","Force Field","Amplify"],"picked":"SKIP","floor":14},{"not_picked":["All For One","Thunder Strike"],"picked":"Echo Form","floor":16},{"not_picked":["Turbo","Barrage"],"picked":"White Noise","floor":18},{"not_picked":["Storm","Melter"],"picked":"Hologram","floor":18},{"not_picked":["Hello World","Scrape","Streamline"],"picked":"SKIP","floor":20},{"not_picked":["Reprogram+1","Chaos+1","Heatsinks+1"],"picked":"SKIP","floor":20},{"not_picked":["Capacitor","Leap"],"picked":"Self Repair","floor":21},{"not_picked":["Skim","Rebound+1","Hologram"],"picked":"SKIP","floor":21}],"player_experience":1196721,"relics_obtained":[{"floor":6,"key":"Mango"},{"floor":9,"key":"Prayer Wheel"},{"floor":14,"key":"Happy Flower"}],"event_choices":[{"cards_removed":["Strike_B"],"damage_healed":0,"gold_gain":0,"player_choice":"Card Removal","damage_taken":7,"max_hp_gain":0,"max_hp_loss":0,"event_name":"Golden Wing","floor":5,"gold_loss":0},{"damage_healed":0,"gold_gain":75,"player_choice":"Gather Gold","damage_taken":11,"max_hp_gain":0,"max_hp_loss":0,"event_name":"World of Goop","floor":8,"gold_loss":0},{"damage_healed":22,"gold_gain":0,"player_choice":"Healed and dodged fight","damage_taken":0,"max_hp_gain":0,"max_hp_loss":0,"event_name":"Mushrooms","floor":13,"gold_loss":0,"cards_obtained":["Parasite"]},{"damage_healed":0,"gold_gain":0,"player_choice":"Copied","damage_taken":0,"max_hp_gain":0,"max_hp_loss":0,"event_name":"Duplicator","floor":19,"gold_loss":0,"cards_obtained":["Echo Form"]}],"is_beta":true,"boss_relics":[{"not_picked":["Coffee Dripper","Orrery"],"picked":"Fusion Hammer"}],"items_purged_floors":[4],"is_endless":false,"potions_floor_spawned":[3,6,14,16,21],"killed_by":"Centurion and Healer","ascension_level":5}