{"gold_per_floor":[112,37,37,37,56,56,90,90,115,135,146,46,46,62,62,62],"floor_reached":16,"playtime":788,"items_purged":["Decay","Strike_R"],"score":175,"play_id":"dcbb5183-fab9-42a1-b305-b77dbe2f3911","local_time":"20190120223019","is_ascension_mode":true,"campfire_choices":[{"data":"Bash","floor":6,"key":"SMITH"},{"floor":8,"key":"REST"},{"floor":15,"key":"REST"}],"neow_cost":"CURSE","seed_source_timestamp":87188666935500,"circlet_count":0,"master_deck":["AscendersBane","Strike_R","Strike_R","Strike_R","Defend_R+1","Defend_R","Defend_R+1","Defend_R","Bash+1","Warcry","Evolve","Rupture","Infernal Blade","Shrug It Off","Burning Pact"],"relics":["Burning Blood","Pocketwatch","Ginger","Oddly Smooth Stone"],"potions_floor_usage":[7,11,16],"damage_taken":[{"damage":7,"enemies":"Small Slimes","floor":1,"turns":3},{"damage":10,"enemies":"Jaw Worm","floor":5,"turns":5},{"damage":45,"enemies":"3 Sentries","floor":7,"turns":11},{"damage":13,"enemies":"2 Louse","floor":10,"turns":3},{"damage":16,"enemies":"Gremlin Gang","floor":11,"turns":5},{"damage":4,"enemies":"Looter","floor":14,"turns":4},{"damage":52,"enemies":"Slime Boss","floor":16,"turns":13}],"seed_played":"-8282071856929932038","potions_obtained":[{"floor":1,"key":"Regen Potion"},{"floor":7,"key":"Explosive Potion"},{"floor":11,"key":"AttackPotion"}],"is_trial":false,"path_per_floor":["M","$","?","?","M","R","E","R","T","M","M","$","$","M","R","B"],"character_chosen":"IRONCLAD","items_purchased":[],"campfire_rested":2,"item_purchase_floors":[],"current_hp_per_floor":[67,67,44,44,40,40,16,38,38,31,21,21,21,23,45,0],"gold":62,"neow_bonus":"ONE_RARE_RELIC","is_prod":false,"is_daily":false,"chose_seed":false,"campfire_upgraded":1,"win_rate":0,"timestamp":1548041419,"path_taken":["M","$","?","?","M","R","E","R","T","M","M","?","$","M","R","BOSS"],"build_version":"2019-01-17v2","purchased_purges":2,"victory":false,"max_hp_per_floor":[75,75,75,75,75,75,75,75,75,75,75,75,75,75,75,75],"card_choices":[{"not_picked":["Perfected Strike","Clash"],"picked":"Warcry","floor":1},{"not_picked":["Flex","Metallicize"],"picked":"Rupture","floor":5},{"not_picked":["Thunderclap","Second Wind"],"picked":"Infernal Blade","floor":7},{"not_picked":["True Grit","Clash"],"picked":"Shrug It Off","floor":10},{"not_picked":["Sentinel","Heavy Blade","Rage"],"picked":"SKIP","floor":11},{"not_picked":["Corruption","Warcry"],"picked":"Burning Pact","floor":14}],"player_experience":1813195,"relics_obtained":[{"floor":7,"key":"Ginger"},{"floor":9,"key":"Oddly Smooth Stone"}],"event_choices":[{"damage_healed":0,"gold_gain":0,"player_choice":"Entered Light","damage_taken":23,"max_hp_gain":0,"max_hp_loss":0,"event_name":"Shining Light","floor":3,"gold_loss":0,"cards_upgraded":["Defend_R","Defend_R"]},{"damage_healed":0,"gold_gain":0,"cards_transformed":["Strike_R"],"player_choice":"Change","damage_taken":0,"max_hp_gain":0,"max_hp_loss":0,"event_name":"Living Wall","floor":4,"gold_loss":0,"cards_obtained":["Evolve"]}],"is_beta":false,"boss_relics":[],"items_purged_floors":[2,12],"is_endless":false,"potions_floor_spawned":[1,7,11],"killed_by":"Slime Boss","ascension_level":15}