{"gold_per_floor":[112,130,130,130,149,149,169,169,193,214,257,257,276,256],"floor_reached":14,"playtime":291,"items_purged":[],"score":228,"play_id":"c194d3a6-9303-49aa-a4b8-1e4edb9fed8a","local_time":"20190510112307","is_ascension_mode":true,"campfire_choices":[{"floor":6,"key":"REST"},{"data":"Coolheaded","floor":8,"key":"SMITH"}],"neow_cost":"NONE","seed_source_timestamp":1631745248927481,"circlet_count":0,"master_deck":["AscendersBane","Strike_B","Strike_B","Defend_B","Defend_B","Defend_B","Defend_B","Zap+1","Dualcast","Gash","Ball Lightning","Compile Driver","Coolheaded+1","Doom and Gloom","Gash","FTL","Rip and Tear"],"relics":["Cracked Core","Golden Idol","Bag of Marbles","DataDisk"],"potions_floor_usage":[11,11],"damage_taken":[{"damage":12,"enemies":"Small Slimes","floor":1,"turns":4},{"damage":2,"enemies":"Jaw Worm","floor":2,"turns":3},{"damage":0,"enemies":"Cultist","floor":5,"turns":3},{"damage":16,"enemies":"Exordium Thugs","floor":7,"turns":4},{"damage":5,"enemies":"Looter","floor":10,"turns":3},{"damage":0,"enemies":"Gremlin Nob","floor":11,"turns":2},{"damage":9,"enemies":"Red Slaver","floor":13,"turns":2},{"damage":16,"enemies":"Exordium Thugs","floor":14,"turns":1}],"seed_played":"5875397944725094477","potions_obtained":[{"floor":2,"key":"FearPotion"},{"floor":5,"key":"Poison Potion"},{"floor":7,"key":"SteroidPotion"}],"is_trial":false,"path_per_floor":["M","M","?","?","M","R","M","R","T","M","E","?","M","M"],"character_chosen":"DEFECT","items_purchased":[],"campfire_rested":1,"item_purchase_floors":[],"current_hp_per_floor":[52,50,26,19,19,40,24,24,24,19,19,19,10,0],"gold":256,"neow_bonus":"UPGRADE_CARD","is_prod":false,"is_daily":false,"chose_seed":false,"campfire_upgraded":1,"win_rate":0,"timestamp":1557480187,"path_taken":["M","M","?","?","?","R","M","R","T","M","E","?","?","M"],"build_version":"2019-05-07","purchased_purges":0,"victory":false,"max_hp_per_floor":[71,71,71,71,71,71,71,71,71,71,71,71,71,71],"card_choices":[{"not_picked":["Compile Driver","Turbo"],"picked":"Gash","floor":1},{"not_picked":["Conserve Battery","Beam Cell"],"picked":"Ball Lightning","floor":2},{"not_picked":["Steam","Stack"],"picked":"Compile Driver","floor":5},{"not_picked":["Streamline","Beam Cell"],"picked":"Coolheaded","floor":7},{"not_picked":["Sweeping Beam","Conserve Battery"],"picked":"Doom and Gloom","floor":10},{"not_picked":["White Noise","Streamline"],"picked":"Gash","floor":11},{"not_picked":["Streamline","Amplify"],"picked":"Rip and Tear","floor":13}],"player_experience":1692952,"relics_obtained":[{"floor":9,"key":"Bag of Marbles"},{"floor":11,"key":"DataDisk"}],"event_choices":[{"damage_healed":0,"gold_gain":0,"player_choice":"Take Damage","damage_taken":24,"relics_obtained":["Golden Idol"],"max_hp_gain":0,"max_hp_loss":0,"event_name":"Golden Idol","floor":3,"gold_loss":0},{"cards_removed":["Strike_B"],"damage_healed":0,"gold_gain":0,"player_choice":"Card Removal","damage_taken":7,"max_hp_gain":0,"max_hp_loss":0,"event_name":"Golden Wing","floor":4,"gold_loss":0},{"damage_healed":0,"gold_gain":0,"cards_transformed":["Strike_B"],"player_choice":"Transformed","damage_taken":0,"max_hp_gain":0,"max_hp_loss":0,"event_name":"Transmorgrifier","floor":12,"gold_loss":0,"cards_obtained":["FTL"]}],"is_beta":true,"boss_relics":[],"items_purged_floors":[],"is_endless":false,"potions_floor_spawned":[2,5,7],"killed_by":"Exordium Thugs","ascension_level":19}