{"gold_per_floor":[215,31,31,51,67,67,86,116,116,135,410,430,430,278,278,407,407,428,42,167,192,213,213,257,257,282,282,303,303,342,358,358,481,481,499,514,206,206,224,248,52,75,125,125,150,170,170,193,193,193],"floor_reached":50,"playtime":2571,"items_purged":["Strike_B","Regret","Strike_B"],"score":831,"play_id":"f1ae63da-cd7f-49d9-b441-ac70baaea8ad","local_time":"20190429130144","is_ascension_mode":true,"campfire_choices":[{"data":"Zap","floor":6,"key":"SMITH"},{"floor":15,"key":"REST"},{"floor":23,"key":"REST"},{"floor":25,"key":"REST"},{"data":"Coolheaded","floor":27,"key":"SMITH"},{"floor":32,"key":"REST"},{"floor":44,"key":"REST"},{"floor":49,"key":"RECALL"}],"neow_cost":"NONE","seed_source_timestamp":684981094024709,"circlet_count":0,"master_deck":["AscendersBane","Strike_B","Strike_B","Defend_B","Defend_B","Defend_B","Defend_B","Zap+1","Dualcast","Beam Cell","Doom and Gloom","FTL","Defragment","Go for the Eyes+1","Streamline","Coolheaded+1","Sweeping Beam","FTL","Electrodynamics","Conserve Battery+1","Leap+1","Steam+1","Conserve Battery+1","Multi-Cast+1","Hologram+1","White Noise+1","Ball Lightning+1","Hologram+1","Self Repair","Fission+1","Self Repair+1","Reinforced Body+1","Steam+1","Tempest+1","Auto Shields+1","Core Surge","Compile Driver+1","Go for the Eyes+1","Parasite","Double Energy+1","Redo+1"],"relics":["Cracked Core","Bronze Scales","Unceasing Top","Torii","Golden Idol","Philosopher\u0027s Stone","Toxic Egg 2","Prayer Wheel","Shuriken","Pocketwatch","Art of War","Bird Faced Urn","Inserter","Regal Pillow","OrangePellets"],"potions_floor_usage":[16,20,24,31,31,33,46,50,50],"damage_taken":[{"damage":3,"enemies":"Jaw Worm","floor":1,"turns":4},{"damage":5,"enemies":"Small Slimes","floor":4,"turns":3},{"damage":11,"enemies":"Cultist","floor":5,"turns":3},{"damage":8,"enemies":"3 Louse","floor":7,"turns":3},{"damage":17,"enemies":"Gremlin Nob","floor":8,"turns":4},{"damage":6,"enemies":"Looter","floor":10,"turns":2},{"damage":7,"enemies":"Blue Slaver","floor":12,"turns":3},{"damage":5,"enemies":"Hexaghost","floor":16,"turns":7},{"damage":1,"enemies":"Chosen","floor":18,"turns":4},{"damage":13,"enemies":"Colosseum Slavers","floor":20,"turns":3},{"damage":10,"enemies":"Colosseum Nobs","floor":20,"turns":3},{"damage":7,"enemies":"2 Thieves","floor":21,"turns":3},{"damage":1,"enemies":"Centurion and Healer","floor":22,"turns":5},{"damage":31,"enemies":"Gremlin Leader","floor":24,"turns":6},{"damage":8,"enemies":"Shelled Parasite and Fungi","floor":28,"turns":3},{"damage":25,"enemies":"Book of Stabbing","floor":30,"turns":5},{"damage":1,"enemies":"Snecko","floor":31,"turns":5},{"damage":37,"enemies":"Automaton","floor":33,"turns":9},{"damage":0,"enemies":"3 Shapes","floor":35,"turns":3},{"damage":36,"enemies":"3 Darklings","floor":36,"turns":6},{"damage":13,"enemies":"Maw","floor":39,"turns":6},{"damage":10,"enemies":"4 Shapes","floor":40,"turns":4},{"damage":49,"enemies":"Sphere and 2 Shapes","floor":42,"turns":4},{"damage":0,"enemies":"Writhing Mass","floor":45,"turns":5},{"damage":38,"enemies":"Transient","floor":46,"turns":5},{"damage":19,"enemies":"Maw","floor":48,"turns":5},{"damage":57,"enemies":"Awakened One","floor":50,"turns":9}],"seed_played":"-734146111514615578","potions_obtained":[{"floor":4,"key":"EssenceOfSteel"},{"floor":5,"key":"SkillPotion"},{"floor":12,"key":"PowerPotion"},{"floor":16,"key":"Block Potion"},{"floor":22,"key":"GamblersBrew"},{"floor":28,"key":"Poison Potion"},{"floor":30,"key":"Block Potion"},{"floor":31,"key":"SkillPotion"},{"floor":39,"key":"Block Potion"},{"floor":42,"key":"FearPotion"},{"floor":46,"key":"Ancient Potion"},{"floor":48,"key":"FocusPotion"}],"is_trial":false,"path_per_floor":["M","$","?","M","M","R","M","E","T","M","?","M","?","$","R","B",null,"M","$","?","M","M","R","E","R","T","R","M","?","E","M","R","B",null,"M","M","$","?","M","M","$","M","T","R","M","M","?","M","R","B"],"character_chosen":"DEFECT","items_purchased":["Bronze Scales","Doom and Gloom","FTL","Toxic Egg 2","Conserve Battery+1","Tempest+1","Regal Pillow","OrangePellets"],"campfire_rested":5,"item_purchase_floors":[2,2,14,19,19,37,37,41],"current_hp_per_floor":[65,65,70,65,54,54,46,29,29,23,23,16,16,16,38,33,64,63,63,40,33,32,54,23,45,45,45,37,28,3,15,37,15,59,61,52,52,52,57,74,74,31,31,68,74,36,36,44,44,0],"gold":193,"neow_bonus":"HUNDRED_GOLD","is_prod":false,"is_daily":false,"chose_seed":false,"campfire_upgraded":2,"win_rate":0,"timestamp":1556535704,"path_taken":["M","$","?","M","M","R","M","E","T","M","?","?","?","$","R","BOSS","M","$","?","M","M","R","E","R","T","R","M","?","E","M","R","BOSS","M","M","$","?","M","M","$","M","T","R","M","M","?","?","R","BOSS"],"build_version":"2019-04-23","purchased_purges":3,"victory":false,"max_hp_per_floor":[75,75,80,80,80,80,80,80,80,80,80,80,74,74,74,74,74,74,74,74,74,74,74,74,74,74,74,74,74,74,74,74,74,74,74,74,74,74,74,74,74,74,74,74,74,74,74,74,74,74],"card_choices":[{"not_picked":["Rebound","Stack"],"picked":"Beam Cell","floor":1},{"not_picked":["Double Energy","Chaos"],"picked":"FTL","floor":4},{"not_picked":["Turbo","Rebound"],"picked":"Defragment","floor":5},{"not_picked":["Steam","Hologram"],"picked":"Go for the Eyes","floor":7},{"not_picked":["Lockon","Hello World"],"picked":"Streamline","floor":8},{"not_picked":["Tempest","Static Discharge"],"picked":"Coolheaded","floor":10},{"not_picked":["Leap","Go for the Eyes"],"picked":"Sweeping Beam","floor":12},{"not_picked":["Machine Learning","Hyperbeam"],"picked":"Electrodynamics","floor":16},{"not_picked":["Steam","Stack","Tempest"],"picked":"SKIP","floor":18},{"not_picked":["Steam+1","Ball Lightning"],"picked":"Leap+1","floor":20},{"not_picked":["Barrage","Rebound"],"picked":"Steam+1","floor":21},{"not_picked":["Sunder","Sweeping Beam"],"picked":"Conserve Battery+1","floor":21},{"not_picked":["Stack+1","Redo+1"],"picked":"Multi-Cast+1","floor":22},{"not_picked":["Static Discharge+1","Gash"],"picked":"Hologram+1","floor":22},{"not_picked":["BootSequence+1","Compile Driver"],"picked":"White Noise+1","floor":24},{"not_picked":["Sunder+1","Melter"],"picked":"Ball Lightning+1","floor":28},{"not_picked":["Stack+1","Conserve Battery+1"],"picked":"Hologram+1","floor":28},{"not_picked":["Streamline","Leap+1"],"picked":"Self Repair","floor":30},{"not_picked":["Thunder Strike","Melter","Scrape"],"picked":"SKIP","floor":31},{"not_picked":["Aggregate+1","FTL","Recycle+1"],"picked":"SKIP","floor":31},{"not_picked":["Meteor Strike","Hyperbeam"],"picked":"Fission+1","floor":33},{"not_picked":["Cold Snap","Barrage+1"],"picked":"Self Repair+1","floor":35},{"not_picked":["Melter","Coolheaded+1"],"picked":"Reinforced Body+1","floor":35},{"not_picked":["White Noise+1","Sweeping Beam+1"],"picked":"Steam+1","floor":36},{"not_picked":["Skim+1","Reprogram+1","Streamline"],"picked":"SKIP","floor":36},{"not_picked":["Rebound","Gash"],"picked":"Auto Shields+1","floor":39},{"not_picked":["Go for the Eyes","White Noise+1","Stack+1"],"picked":"SKIP","floor":39},{"not_picked":["Go for the Eyes+1","Stack+1"],"picked":"Core Surge","floor":40},{"not_picked":["Stack+1","Hologram+1","Static Discharge+1"],"picked":"SKIP","floor":40},{"not_picked":["Steam+1","Go for the Eyes"],"picked":"Compile Driver+1","floor":42},{"not_picked":["Hologram+1","Coolheaded+1"],"picked":"Go for the Eyes+1","floor":42},{"not_picked":["Barrage+1","Gash+1","Meteor Strike"],"picked":"SKIP","floor":45},{"not_picked":["Sweeping Beam","Conserve Battery+1","Beam Cell"],"picked":"SKIP","floor":45},{"not_picked":["Stack+1","Loop"],"picked":"Double Energy+1","floor":46},{"not_picked":["White Noise+1","Steam+1","Rebound"],"picked":"SKIP","floor":46},{"not_picked":["Streamline","Hello World"],"picked":"Redo+1","floor":48},{"not_picked":["Conserve Battery+1","Loop","Recycle+1"],"picked":"SKIP","floor":48}],"player_experience":1310629,"relics_obtained":[{"floor":8,"key":"Unceasing Top"},{"floor":9,"key":"Torii"},{"floor":20,"key":"Prayer Wheel"},{"floor":20,"key":"Shuriken"},{"floor":24,"key":"Pocketwatch"},{"floor":26,"key":"Art of War"},{"floor":30,"key":"Bird Faced Urn"}],"event_choices":[{"damage_healed":0,"gold_gain":0,"player_choice":"Donut","damage_taken":0,"max_hp_gain":5,"max_hp_loss":0,"event_name":"Big Fish","floor":3,"gold_loss":0},{"damage_healed":0,"gold_gain":275,"player_choice":"Desecrate","damage_taken":0,"max_hp_gain":0,"max_hp_loss":0,"event_name":"Golden Shrine","floor":11,"gold_loss":0,"cards_obtained":["Regret"]},{"damage_healed":0,"gold_gain":0,"player_choice":"Lose Max HP","damage_taken":0,"relics_obtained":["Golden Idol"],"max_hp_gain":0,"max_hp_loss":6,"event_name":"Golden Idol","floor":13,"gold_loss":0},{"damage_healed":0,"gold_gain":0,"player_choice":"Fight","damage_taken":0,"max_hp_gain":0,"max_hp_loss":0,"event_name":"Colosseum","floor":20,"gold_loss":0},{"damage_healed":0,"gold_gain":0,"player_choice":"Fought Nobs","damage_taken":0,"max_hp_gain":0,"max_hp_loss":0,"event_name":"Colosseum","floor":20,"gold_loss":0},{"damage_healed":0,"gold_gain":0,"player_choice":"Stopped","damage_taken":9,"max_hp_gain":0,"max_hp_loss":0,"event_name":"Cursed Tome","floor":29,"gold_loss":0},{"damage_healed":0,"gold_gain":0,"player_choice":"Ignored","damage_taken":0,"max_hp_gain":0,"max_hp_loss":0,"event_name":"Tomb of Lord Red Mask","floor":38,"gold_loss":0},{"damage_healed":0,"gold_gain":0,"player_choice":"Forge","damage_taken":0,"max_hp_gain":0,"max_hp_loss":0,"event_name":"Accursed Blacksmith","floor":47,"gold_loss":0,"cards_upgraded":["Go for the Eyes"]}],"is_beta":true,"boss_relics":[{"not_picked":["Orrery","Pandora\u0027s Box"],"picked":"Philosopher\u0027s Stone"},{"not_picked":["White Beast Statue","Runic Dome"],"picked":"Inserter"}],"items_purged_floors":[14,19,37],"is_endless":false,"potions_floor_spawned":[4,5,7,12,16,20,22,28,30,31,39,42,45,46,48],"killed_by":"Awakened One","ascension_level":12}