{"gold_per_floor":[359,376,386,43,43,55,86,98,188,200,212,245,281,258,270,378,390,418,443,479,68,82,150,150,150,150,150,170,170],"floor_reached":29,"playtime":1149,"items_purged":["Strike_G","Strike_G"],"score":450,"play_id":"b27f5ee8-d323-49b2-ab62-dfb1e25d8ebe","local_time":"20190508164309","is_ascension_mode":true,"campfire_choices":[{"data":"Crippling Poison","floor":6,"key":"SMITH"},{"data":"Leg Sweep","floor":8,"key":"SMITH"},{"data":"Blur","floor":10,"key":"SMITH"},{"data":"Deadly Poison","floor":15,"key":"SMITH"},{"floor":24,"key":"REST"},{"data":"Footwork","floor":27,"key":"SMITH"}],"neow_cost":"PERCENT_DAMAGE","seed_source_timestamp":1477289775878027,"circlet_count":0,"master_deck":["AscendersBane","Defend_G","Defend_G","Defend_G","Defend_G","Defend_G","Strike_G","Strike_G","Strike_G","Survivor","Neutralize","Blur+1","Crippling Poison+1","Deadly Poison+1","Leg Sweep+1","Injury","Acrobatics","Prepared+1","Bouncing Flask","Footwork+1","Footwork","Dodge and Roll","Leg Sweep","Underhanded Strike+1"],"relics":["Ring of the Snake","HandDrill","MawBank","Darkstone Periapt","Golden Idol","Sozu","TwistedFunnel","Tiny Chest","Gremlin Horn"],"potions_floor_usage":[19],"damage_taken":[{"damage":3,"enemies":"Cultist","floor":1,"turns":4},{"damage":0,"enemies":"2 Louse","floor":2,"turns":2},{"damage":7,"enemies":"Small Slimes","floor":3,"turns":4},{"damage":3,"enemies":"Looter","floor":7,"turns":3},{"damage":2,"enemies":"Exordium Thugs","floor":12,"turns":8},{"damage":2,"enemies":"3 Louse","floor":13,"turns":3},{"damage":18,"enemies":"Hexaghost","floor":16,"turns":11},{"damage":1,"enemies":"Spheric Guardian","floor":18,"turns":6},{"damage":0,"enemies":"Chosen","floor":19,"turns":5},{"damage":10,"enemies":"Centurion and Healer","floor":20,"turns":8},{"damage":3,"enemies":"Cultist and Chosen","floor":22,"turns":6},{"damage":22,"enemies":"Book of Stabbing","floor":23,"turns":7},{"damage":42,"enemies":"3 Cultists","floor":28,"turns":6},{"damage":4,"enemies":"Gremlin Leader","floor":29,"turns":3}],"seed_played":"5102514891872088839","potions_obtained":[{"floor":1,"key":"Ancient Potion"},{"floor":12,"key":"Fire Potion"}],"is_trial":false,"path_per_floor":["M","M","M","$","?","R","M","R","T","R","?","M","M","?","R","B",null,"M","M","M","$","M","E","R","?","T","R","M","E"],"character_chosen":"THE_SILENT","items_purchased":["HandDrill","Deadly Poison","Footwork","TwistedFunnel","Dodge and Roll"],"campfire_rested":1,"item_purchase_floors":[4,4,21,21,21],"current_hp_per_floor":[41,41,34,34,29,29,26,26,26,26,32,30,28,46,46,28,61,60,60,50,50,47,25,46,46,46,46,4,0],"gold":170,"neow_bonus":"TWO_FIFTY_GOLD","is_prod":false,"is_daily":false,"chose_seed":false,"campfire_upgraded":5,"win_rate":0,"timestamp":1557326589,"path_taken":["M","M","M","$","?","R","M","R","T","R","?","M","M","?","R","BOSS","M","M","M","$","M","E","R","?","T","R","M","E"],"build_version":"2019-05-07","purchased_purges":2,"victory":false,"max_hp_per_floor":[66,66,66,66,66,66,66,66,66,66,72,72,72,72,72,72,72,72,72,72,72,72,72,72,72,72,72,72,72],"card_choices":[{"not_picked":["Reflex","Dagger Spray"],"picked":"Blur","floor":1},{"not_picked":["Acrobatics","Quick Slash"],"picked":"Crippling Poison","floor":2},{"not_picked":["Slice","Bane","Tactician"],"picked":"SKIP","floor":3},{"not_picked":["Underhanded Strike","Eviscerate"],"picked":"Leg Sweep","floor":7},{"not_picked":["Expertise","Infinite Blades"],"picked":"Acrobatics","floor":12},{"not_picked":["Underhanded Strike","Acrobatics","Dagger Throw"],"picked":"SKIP","floor":13},{"not_picked":["Slice","Dagger Throw"],"picked":"Prepared+1","floor":18},{"not_picked":["Terror","Poisoned Stab"],"picked":"Bouncing Flask","floor":19},{"not_picked":["Bouncing Flask","Well Laid Plans"],"picked":"Footwork","floor":20},{"not_picked":["Riddle With Holes","Dodge and Roll"],"picked":"Leg Sweep","floor":22},{"not_picked":["Caltrops","Flying Knee"],"picked":"Underhanded Strike+1","floor":23},{"not_picked":["Poisoned Stab","Envenom","All Out Attack"],"picked":"SKIP","floor":28}],"player_experience":1593689,"relics_obtained":[{"floor":9,"key":"Darkstone Periapt"},{"floor":23,"key":"Tiny Chest"},{"floor":26,"key":"Gremlin Horn"}],"event_choices":[{"damage_healed":0,"gold_gain":0,"player_choice":"Success","damage_taken":5,"relics_obtained":["MawBank"],"max_hp_gain":0,"max_hp_loss":0,"event_name":"Scrap Ooze","floor":5,"gold_loss":0},{"damage_healed":0,"gold_gain":0,"player_choice":"Take Wound","damage_taken":0,"relics_obtained":["Golden Idol"],"max_hp_gain":0,"max_hp_loss":0,"event_name":"Golden Idol","floor":11,"gold_loss":0,"cards_obtained":["Injury"]},{"damage_healed":18,"gold_gain":0,"player_choice":"Healed","damage_taken":0,"max_hp_gain":0,"max_hp_loss":0,"event_name":"The Cleric","floor":14,"gold_loss":35},{"damage_healed":0,"gold_gain":0,"player_choice":"Got Potions","damage_taken":0,"max_hp_gain":0,"max_hp_loss":0,"event_name":"Lab","floor":25,"gold_loss":0}],"is_beta":true,"boss_relics":[{"not_picked":["Cursed Key","Ectoplasm"],"picked":"Sozu"}],"items_purged_floors":[4,21],"is_endless":false,"potions_floor_spawned":[1,12,13,18,20,22],"killed_by":"Gremlin Leader","ascension_level":18}