{"gold_per_floor":[117,192,117,127,137,137,166,166,239,265,265,280,280,135,135,239,239,253,11,24,37,37,65,65,0,47,47],"floor_reached":27,"playtime":1160,"items_purged":["Strike_R","Strike_R"],"score":299,"play_id":"07e52322-352d-4d39-af50-7396aa6e9cb1","local_time":"20180930004805","is_ascension_mode":true,"campfire_choices":[{"data":"Armaments","floor":6,"key":"SMITH"},{"data":"Rampage","floor":8,"key":"SMITH"},{"data":"Metallicize","floor":11,"key":"SMITH"},{"data":"Flex","floor":15,"key":"SMITH"},{"data":"Limit Break","floor":24,"key":"SMITH"}],"neow_cost":"NONE","seed_source_timestamp":227573867138118,"circlet_count":0,"master_deck":["Strike_R","Strike_R","Strike_R","Defend_R","Defend_R","Defend_R","Defend_R","Bash+1","Metallicize+1","Armaments+1","Rampage+1","Demon Form","Flex+1","Parasite","Flex","Limit Break+1","Battle Trance+1","Writhe"],"relics":["Burning Blood","Art of War","Question Card","Happy Flower","Busted Crown","Bottled Lightning","Gremlin Horn","Mango","Smiling Mask"],"potions_floor_usage":[5,7,12,23,27],"damage_taken":[{"damage":6,"enemies":"2 Louse","floor":1,"turns":3},{"damage":2,"enemies":"Cultist","floor":4,"turns":4},{"damage":2,"enemies":"Jaw Worm","floor":5,"turns":4},{"damage":22,"enemies":"Lagavulin","floor":7,"turns":11},{"damage":25,"enemies":"3 Sentries","floor":10,"turns":10},{"damage":4,"enemies":"3 Louse","floor":12,"turns":5},{"damage":53,"enemies":"Hexaghost","floor":16,"turns":9},{"damage":5,"enemies":"Spheric Guardian","floor":18,"turns":5},{"damage":13,"enemies":"2 Thieves","floor":20,"turns":4},{"damage":15,"enemies":"Snecko","floor":21,"turns":5},{"damage":55,"enemies":"Gremlin Leader","floor":23,"turns":6},{"damage":37,"enemies":"Cultist and Chosen","floor":27,"turns":6}],"seed_played":"-6925589129880179301","potions_obtained":[{"floor":1,"key":"Fire Potion"},{"floor":4,"key":"SkillPotion"},{"floor":10,"key":"Fire Potion"},{"floor":18,"key":"Regen Potion"},{"floor":21,"key":"Strength Potion"}],"is_trial":false,"path_per_floor":["M","?","$","M","M","R","E","R","T","E","R","M","?","$","R","B",null,"M","$","M","M","?","E","R","?","T"],"character_chosen":"IRONCLAD","items_purchased":["Flex","Bottled Lightning"],"campfire_rested":0,"item_purchase_floors":[14,19],"current_hp_per_floor":[80,69,69,73,77,77,61,61,61,42,42,44,64,64,64,17,64,65,65,58,49,49,26,26,26,26,0],"gold":47,"neow_bonus":"UPGRADE_CARD","is_prod":false,"is_daily":false,"chose_seed":false,"campfire_upgraded":5,"win_rate":0,"timestamp":1538282885,"path_taken":["M","?","$","M","M","R","E","R","T","E","R","M","?","?","R","BOSS","M","$","M","M","?","E","R","?","T","M"],"build_version":"2018-09-27","purchased_purges":2,"victory":false,"max_hp_per_floor":[80,80,80,80,80,80,80,80,80,80,80,80,80,80,80,80,80,80,80,80,80,80,94,94,94,94,94],"card_choices":[{"not_picked":["Flame Barrier","Heavy Blade"],"picked":"Metallicize","floor":1},{"not_picked":["Reckless Charge","Twin Strike"],"picked":"Armaments","floor":4},{"not_picked":["Heavy Blade","Body Slam"],"picked":"Rampage","floor":5},{"not_picked":["Carnage","Whirlwind"],"picked":"Demon Form","floor":7},{"not_picked":["Wild Strike","Sever Soul","Rupture","Disarm"],"picked":"SKIP","floor":10},{"not_picked":["Clothesline","Infernal Blade","Feel No Pain"],"picked":"Flex","floor":12},{"not_picked":["Immolate","Exhume","Brutality"],"picked":"Limit Break","floor":16},{"not_picked":["Thunderclap+1","Armaments"],"picked":"SKIP","floor":18},{"not_picked":["Armaments"],"picked":"Battle Trance+1","floor":20},{"not_picked":["Dropkick","Twin Strike+1"],"picked":"SKIP","floor":21},{"not_picked":["Searing Blow","Clash"],"picked":"SKIP","floor":23}],"player_experience":1090788,"relics_obtained":[{"floor":7,"key":"Art of War"},{"floor":9,"key":"Question Card"},{"floor":10,"key":"Happy Flower"},{"floor":23,"key":"Mango"},{"floor":26,"key":"Smiling Mask"}],"event_choices":[{"event_name":"World of Goop","player_choice":"Gather Gold","floor":2,"damage_taken":0},{"event_name":"Mushrooms","player_choice":"Healed and dodged fight","floor":13,"damage_taken":0},{"event_name":"The Mausoleum","player_choice":"Yes","floor":22,"damage_taken":0},{"event_name":"Masked Bandits","player_choice":"Paid Fearfully","floor":25,"damage_taken":0}],"is_beta":false,"boss_relics":[{"not_picked":["Tiny House","Calling Bell"],"picked":"Busted Crown"}],"items_purged_floors":[3,14],"is_endless":false,"potions_floor_spawned":[1,4,10,18,21],"killed_by":"Cultist and Chosen","ascension_level":5}