{"gold_per_floor":[209,223,223,235,26,26,38,38,118,118,22,52,227,247,247,318,318,330,173,173,191,210,210,210,210,210,210,135,162,192,4,4,4],"floor_reached":33,"playtime":1552,"items_purged":["Doubt"],"score":452,"play_id":"7cea573f-dcae-4215-8602-c2b4eaadab9e","local_time":"20190420113625","is_ascension_mode":true,"campfire_choices":[{"data":"The Bomb","floor":6.0,"key":"SMITH"},{"floor":8.0,"key":"REST"},{"data":"Defragment","floor":10.0,"key":"SMITH"},{"data":"Dualcast","floor":15,"key":"SMITH"},{"floor":23,"key":"REST"},{"data":"Blizzard","floor":25,"key":"SMITH"},{"floor":32,"key":"REST"}],"neow_cost":"NONE","seed_source_timestamp":0,"circlet_count":0,"master_deck":["AscendersBane","Strike_B","Strike_B","Strike_B","Defend_B","Defend_B","Defend_B","Defend_B","Zap","Dualcast+1","Conserve Battery","Sweeping Beam","Rip and Tear","The Bomb+1","Defragment+1","Chill","Bandage Up","Glacier","Seek","Defragment","Blizzard+1","Amplify","Zap","Glacier+1","Compile Driver","Fusion","Capacitor","Redo+1"],"special_seed":0,"relics":["FrozenCore","Ornamental Fan","Pear","Juzu Bracelet","Dream Catcher","Strawberry"],"potions_floor_usage":[16,16,30],"damage_taken":[{"damage":6.0,"enemies":"Small Slimes","floor":1.0,"turns":3.0},{"damage":0.0,"enemies":"Jaw Worm","floor":2.0,"turns":3.0},{"damage":6.0,"enemies":"2 Louse","floor":4.0,"turns":2.0},{"damage":42.0,"enemies":"Exordium Thugs","floor":7.0,"turns":5.0},{"damage":1.0,"enemies":"3 Louse","floor":14.0,"turns":3.0},{"damage":7,"enemies":"Hexaghost","floor":16,"turns":9},{"damage":8,"enemies":"Shell Parasite","floor":18,"turns":9},{"damage":13,"enemies":"Spheric Guardian","floor":21,"turns":5},{"damage":14,"enemies":"Snecko","floor":22,"turns":6},{"damage":36,"enemies":"Slavers","floor":30,"turns":9},{"damage":68,"enemies":"Champ","floor":33,"turns":12}],"seed_played":"3167862636957085127","potions_obtained":[{"floor":2.0,"key":"Poison Potion"},{"floor":4.0,"key":"EssenceOfSteel"},{"floor":18,"key":"GamblersBrew"}],"is_trial":false,"path_per_floor":["M","M","$","M","$","R","M","R","T","R","$","?","?","M","R","B",null,"M","$","?","M","M","R","?","R","T","?","?","T","E","$","R","B"],"character_chosen":"DEFECT","items_purchased":["The Bomb","Defragment","Bandage Up","Blizzard","Capacitor","Strawberry"],"campfire_rested":3,"item_purchase_floors":[5,5,11,19,31,31],"current_hp_per_floor":[58,58,58,52,52,52,10,31,31,31,31,31,31,34,34,31,61,57,57,57,48,38,59,46,46,56,56,56,56,24,31,58,0],"gold":4,"neow_bonus":"HUNDRED_GOLD","is_prod":false,"is_daily":false,"chose_seed":false,"campfire_upgraded":4,"win_rate":0,"timestamp":1555774585,"path_taken":["M","M","$","M","$","R","M","R","T","R","$","?","?","M","R","BOSS","M","$","?","?","M","R","?","R","T","?","?","?","E","$","R","BOSS"],"build_version":"2019-01-23","purchased_purges":1,"victory":false,"max_hp_per_floor":[71,71,71,71,71,71,71,71,71,71,71,71,71,71,71,71,71,71,71,71,71,71,71,76,76,86,86,86,86,86,93,93,93],"card_choices":[{"not_picked":["Rebound","Compile Driver"],"picked":"Conserve Battery","floor":1.0},{"not_picked":["Ball Lightning","Hologram"],"picked":"Sweeping Beam","floor":2.0},{"not_picked":["Chaos","Redo"],"picked":"Rip and Tear","floor":4.0},{"not_picked":["Leap","Doom and Gloom"],"picked":"Chill","floor":7.0},{"not_picked":["Coolheaded","Blizzard"],"picked":"Glacier","floor":14.0},{"not_picked":["All For One","Biased Cognition"],"picked":"Seek","floor":16},{"not_picked":["Darkness","Sunder"],"picked":"Defragment","floor":18},{"not_picked":["Stack","Chaos"],"picked":"Glacier+1","floor":21},{"not_picked":["Skim","Consume"],"picked":"Compile Driver","floor":22},{"not_picked":["Seek","Heatsinks"],"picked":"Fusion","floor":30},{"not_picked":["Stack","Sweeping Beam"],"picked":"Redo+1","floor":32}],"player_experience":2784060,"relics_obtained":[{"floor":9.0,"key":"Ornamental Fan"},{"floor":26,"key":"Pear"},{"floor":29,"key":"Juzu Bracelet"},{"floor":30,"key":"Dream Catcher"}],"event_choices":[{"damage_healed":0.0,"max_hp_gain":0.0,"max_hp_loss":0.0,"gold_gain":30.0,"event_name":"Dead Adventurer","player_choice":"Searched \u00271\u0027 times","floor":12.0,"gold_loss":0.0,"damage_taken":0.0},{"damage_healed":0.0,"max_hp_gain":0.0,"max_hp_loss":0.0,"gold_gain":175.0,"event_name":"Liars Game","player_choice":"AGREE","floor":13.0,"gold_loss":0.0,"damage_taken":0.0,"cards_obtained":["Doubt"]},{"damage_healed":0,"gold_gain":0,"player_choice":"2 cards matched","damage_taken":0,"max_hp_gain":0,"max_hp_loss":0,"event_name":"Match and Keep!","floor":20,"gold_loss":0,"cards_obtained":["Amplify","Zap"]},{"damage_healed":0,"gold_gain":0,"player_choice":"Shed Blood","damage_taken":18,"max_hp_gain":5,"max_hp_loss":0,"event_name":"Forgotten Altar","floor":24,"gold_loss":0},{"damage_healed":0,"gold_gain":0,"player_choice":"Ignored","damage_taken":0,"max_hp_gain":0,"max_hp_loss":0,"event_name":"Ghosts","floor":27,"gold_loss":0},{"cards_removed":["Strike_B"],"damage_healed":0,"gold_gain":0,"player_choice":"Gave Gold","damage_taken":0,"max_hp_gain":0,"max_hp_loss":0,"event_name":"Beggar","floor":28,"gold_loss":75}],"is_beta":false,"boss_relics":[{"not_picked":["Black Star","Sozu"],"picked":"FrozenCore"}],"items_purged_floors":[19],"is_endless":false,"potions_floor_spawned":[2,4,18],"killed_by":"Champ","ascension_level":14}