{"gold_per_floor":[14,34,34,34,51,110,110,135,135,85,15,28,40,40,40,144,144,164,182,197,272,59,59,92,92,92,92,109,135,64,83,83,187,187,204,11,21,66,85,85,113,113,113,123,149,5,5,5,5,5],"floor_reached":51,"playtime":2983,"items_purged":[],"score":828,"play_id":"e7bc86dd-6bf2-4b2b-9736-9724f0467836","local_time":"20180809215437","is_ascension_mode":false,"campfire_choices":[{"data":"Electrodynamics","floor":7,"key":"SMITH"},{"floor":15,"key":"REST"},{"data":"Apotheosis","floor":23,"key":"SMITH"},{"floor":25,"key":"REST"},{"data":"Static Discharge","floor":27,"key":"SMITH"},{"floor":32,"key":"REST"},{"data":"Buffer","floor":40,"key":"SMITH"},{"floor":42,"key":"REST"},{"floor":49,"key":"REST"}],"neow_cost":"NO_GOLD","seed_source_timestamp":17486222275301,"circlet_count":0,"master_deck":["Strike_B","Defend_B","Defend_B","Defend_B","Defend_B","Zap","Dualcast","Electrodynamics+1","Force Field","Reinforced Body","Barrage","Storm","Machine Learning","Multi-Cast","Glacier","Static Discharge+1","Apotheosis+1","Meteor Strike","Fission","FTL+1","Buffer+1","Turbo+1","Cold Snap+1","Ball Lightning","Capacitor+1","Coolheaded+1","Transmutation"],"relics":["FrozenCore","Tiny Chest","Cables","Centennial Puzzle","Busted Crown","Mercury Hourglass","Darkstone Periapt","Pen Nib","Chemical X","Peace Pipe","The Courier","Orichalcum","Gremlin Horn"],"potions_floor_usage":[6,18,29,29,31,38,44,50],"damage_taken":[{"damage":1,"enemies":"Jaw Worm","floor":1,"turns":3},{"damage":7,"enemies":"Small Slimes","floor":2,"turns":2},{"damage":0,"enemies":"Cultist","floor":5,"turns":3},{"damage":17,"enemies":"Lagavulin","floor":6,"turns":8},{"damage":15,"enemies":"3 Sentries","floor":8,"turns":4},{"damage":0,"enemies":"Large Slime","floor":12,"turns":3},{"damage":3,"enemies":"Red Slaver","floor":13,"turns":3},{"damage":12,"enemies":"The Guardian","floor":16,"turns":11},{"damage":7,"enemies":"Shell Parasite","floor":18,"turns":4},{"damage":7,"enemies":"Spheric Guardian","floor":19,"turns":4},{"damage":5,"enemies":"Cultist and Chosen","floor":20,"turns":4},{"damage":12,"enemies":"Gremlin Leader","floor":24,"turns":6},{"damage":0,"enemies":"3 Cultists","floor":28,"turns":3},{"damage":12,"enemies":"Book of Stabbing","floor":29,"turns":4},{"damage":10,"enemies":"Snake Plant","floor":31,"turns":5},{"damage":44,"enemies":"Collector","floor":33,"turns":10},{"damage":0,"enemies":"3 Shapes","floor":35,"turns":4},{"damage":5,"enemies":"Flame Bruiser 1 Orb","floor":37,"turns":10},{"damage":19,"floor":38,"turns":5},{"damage":19,"enemies":"Maw","floor":39,"turns":8},{"damage":16,"enemies":"Giant Head","floor":41,"turns":11},{"damage":12,"enemies":"3 Darklings","floor":44,"turns":3},{"damage":29,"enemies":"Nemesis","floor":45,"turns":11},{"damage":41,"enemies":"Time Eater","floor":50,"turns":11}],"seed_played":"-6322927506202023321","potions_obtained":[{"floor":2,"key":"Ancient Potion"},{"floor":5,"key":"Weak Potion"},{"floor":8,"key":"GamblersBrew"},{"floor":16,"key":"LiquidBronze"},{"floor":19,"key":"Block Potion"},{"floor":24,"key":"EssenceOfSteel"},{"floor":33,"key":"Regen Potion"},{"floor":37,"key":"SpeedPotion"},{"floor":38,"key":"Regen Potion"}],"is_trial":false,"path_per_floor":["M","M","?","?","M","E","R","E","T","?","$","M","M","?","R","B",null,"M","M","M","?","$","R","E","R","T","R","M","E","$","M","R","B",null,"M","$","M","?","M","R","E","R","T","M","E","$","?","?","R","B"],"character_chosen":"DEFECT","items_purchased":["Storm","Apotheosis","Fission","Chemical X","Transmutation"],"campfire_rested":5,"item_purchase_floors":[11,22,30,36,46],"current_hp_per_floor":[74,67,72,72,72,55,55,40,40,40,40,40,37,37,61,49,80,73,66,61,53,53,53,41,65,65,65,65,53,53,43,67,23,80,80,80,75,70,51,51,35,59,59,47,18,18,18,18,42,7],"gold":5,"neow_bonus":"THREE_RARE_CARDS","is_prod":false,"is_daily":false,"chose_seed":false,"campfire_upgraded":4,"win_rate":0,"timestamp":1533866077,"path_taken":["M","M","?","?","M","E","R","E","T","?","$","?","M","?","R","BOSS","M","M","M","?","$","R","E","R","T","R","M","E","$","M","R","BOSS","M","$","M","?","M","R","E","R","T","M","E","$","?","?","R","BOSS"],"build_version":"2018-08-09","purchased_purges":0,"victory":true,"max_hp_per_floor":[75,75,80,80,80,80,80,80,80,80,80,80,80,80,80,80,80,80,80,80,80,80,80,80,80,80,80,80,80,80,80,80,80,80,80,80,80,80,80,80,80,80,80,80,80,80,80,80,80,80],"card_choices":[{"not_picked":["Hyperbeam","Machine Learning"],"picked":"Electrodynamics","floor":0},{"not_picked":["Sweeping Beam","Coolheaded"],"picked":"Force Field","floor":1},{"not_picked":["Go for the Eyes","Sunder","Rebound"],"picked":"SKIP","floor":2},{"not_picked":["Stack","Cold Snap"],"picked":"Barrage","floor":5},{"not_picked":["Reprogram","Sunder","Redo"],"picked":"SKIP","floor":6},{"not_picked":["Stack","Rebound","Turbo"],"picked":"SKIP","floor":8},{"not_picked":["Cold Snap","Coolheaded"],"picked":"Machine Learning","floor":12},{"not_picked":["Beam Cell","Go for the Eyes","Redo"],"picked":"SKIP","floor":13},{"not_picked":["Reboot","Hyperbeam"],"picked":"Multi-Cast","floor":16},{"not_picked":[],"picked":"Glacier","floor":18},{"not_picked":["Sunder"],"picked":"SKIP","floor":19},{"not_picked":[],"picked":"Static Discharge","floor":20},{"not_picked":["Redo"],"picked":"SKIP","floor":24},{"not_picked":["Glacier"],"picked":"SKIP","floor":28},{"not_picked":[],"picked":"Meteor Strike","floor":29},{"not_picked":[],"picked":"FTL+1","floor":31},{"not_picked":[],"picked":"Buffer","floor":33},{"not_picked":[],"picked":"Turbo+1","floor":35},{"not_picked":[],"picked":"Cold Snap+1","floor":37},{"not_picked":[],"picked":"Ball Lightning","floor":39},{"not_picked":[],"picked":"Capacitor+1","floor":41},{"not_picked":["Beam Cell"],"picked":"SKIP","floor":44},{"not_picked":[],"picked":"Coolheaded+1","floor":45}],"player_experience":605293,"relics_obtained":[{"floor":6,"key":"Tiny Chest"},{"floor":8,"key":"Cables"},{"floor":9,"key":"Centennial Puzzle"},{"floor":24,"key":"Mercury Hourglass"},{"floor":26,"key":"Darkstone Periapt"},{"floor":29,"key":"Pen Nib"},{"floor":38,"key":"Peace Pipe"},{"floor":41,"key":"The Courier"},{"floor":43,"key":"Orichalcum"},{"floor":45,"key":"Gremlin Horn"}],"event_choices":[{"event_name":"Big Fish","player_choice":"Donut","floor":3,"damage_taken":0},{"event_name":"Match and Keep!","player_choice":"1 cards matched","floor":4,"damage_taken":0},{"event_name":"The Cleric","player_choice":"Card Removal","floor":10,"damage_taken":0},{"event_name":"Liars Game","player_choice":"disagreed","floor":14,"damage_taken":0},{"event_name":"FaceTrader","player_choice":"Touch","floor":21,"damage_taken":0},{"event_name":"Mysterious Sphere","player_choice":"Fight","floor":38,"damage_taken":0},{"event_name":"Falling","player_choice":"Removed Attack","floor":47,"damage_taken":0},{"event_name":"Purifier","player_choice":"One Purge","floor":48,"damage_taken":0}],"is_beta":false,"boss_relics":[{"not_picked":["White Beast Statue","Black Star"],"picked":"Busted Crown"},{"not_picked":["Runic Pyramid","Fusion Hammer"],"picked":"FrozenCore"}],"items_purged_floors":[],"is_endless":false,"potions_floor_spawned":[2,5,8,16,19,20,24,33,37,38],"ascension_level":0}