{"gold_per_floor":[361,378,12,12,29,48,60,71,95,60,74,36,51,74,74,170,170,185,185,200,218,72,72,72,72,72,86,86,101,9,9],"floor_reached":31,"playtime":2290,"items_purged":["Pain"],"score":256,"play_id":"28b5d06e-ecda-4970-837f-e4fff2070efc","local_time":"20180624022540","is_ascension_mode":false,"campfire_choices":[{"data":"Bandage Up","floor":15,"key":"SMITH"},{"floor":23,"key":"REST"},{"data":"Fire Breathing","floor":25,"key":"SMITH"},{"floor":28,"key":"REST"}],"neow_cost":"CURSE","seed_source_timestamp":25787693311088,"circlet_count":0,"master_deck":["Strike_R","Strike_R","Strike_R","Strike_R+1","Strike_R","Defend_R","Defend_R","Defend_R","Defend_R+1","Bash","Heavy Blade+1","Thunderclap","Panache","Bandage Up+1","Feel No Pain","Pommel Strike+1","Fire Breathing+1","Berserk","Iron Wave","Ghostly Armor","Blood for Blood","Demon Form","Iron Wave+1","Ghostly","Ghostly","Ghostly","Ghostly","Ghostly","Rupture","Shrug It Off+1","Battle Trance","Heavy Blade","Flame Barrier","Bandage Up"],"relics":["Burning Blood","Bronze Scales","Whetstone","White Beast Statue","Strawberry","Mango"],"potions_floor_usage":[16,16,20,21,21,21,21,21,31,31,31],"damage_taken":[{"damage":19,"enemies":"Cultist","floor":1,"turns":5},{"damage":12,"enemies":"Jaw Worm","floor":2,"turns":4},{"damage":0,"enemies":"2 Louse","floor":5,"turns":2},{"damage":12,"enemies":"Exordium Thugs","floor":6,"turns":4},{"damage":9,"enemies":"2 Fungi Beasts","floor":7,"turns":3},{"damage":9,"enemies":"Large Slime","floor":8,"turns":6},{"damage":21,"enemies":"Exordium Wildlife","floor":11,"turns":5},{"damage":4,"enemies":"Blue Slaver","floor":13,"turns":5},{"damage":48,"enemies":"Slime Boss","floor":16,"turns":14},{"damage":15,"enemies":"3 Byrds","floor":18,"turns":2},{"damage":1,"enemies":"Spheric Guardian","floor":20,"turns":5},{"damage":33,"enemies":"Chosen and Byrds","floor":21,"turns":9},{"damage":15,"enemies":"3 Cultists","floor":27,"turns":6},{"damage":48,"enemies":"Centurion and Healer","floor":29,"turns":10},{"damage":53,"enemies":"Cultist and Chosen","floor":31,"turns":10}],"seed_played":"-4594689016089282473","potions_obtained":[{"floor":5,"key":"Fire Potion"},{"floor":13,"key":"Dexterity Potion"},{"floor":16,"key":"SpeedPotion"},{"floor":18,"key":"Poison Potion"},{"floor":20,"key":"EntropicBrew"},{"floor":21,"key":"Fire Potion"},{"floor":27,"key":"FearPotion"},{"floor":29,"key":"SkillPotion"}],"is_trial":false,"path_per_floor":["M","M","$","?","M","M","M","M","T","?","M","$","M","T","R","B",null,"M","?","M","M","$","R","?","R","T","M","R","M","$"],"character_chosen":"IRONCLAD","items_purchased":["Panache","Bandage Up","Ghostly Armor","Strawberry","Bandage Up"],"campfire_rested":2,"item_purchase_floors":[3,3,12,22,30],"current_hp_per_floor":[67,61,61,45,55,53,50,51,51,71,60,60,66,66,66,30,80,71,40,40,13,20,34,34,34,48,45,61,23,23,0],"gold":9,"neow_bonus":"TWO_FIFTY_GOLD","is_prod":false,"is_daily":false,"chose_seed":false,"campfire_upgraded":2,"win_rate":0.0,"timestamp":1529821540,"path_taken":["M","?","$","?","M","M","M","M","T","?","M","?","?","?","R","BOSS","M","?","?","M","$","R","?","R","T","M","R","M","$","M"],"build_version":"2018-06-21v2","purchased_purges":1,"victory":false,"max_hp_per_floor":[80,80,80,80,80,80,80,80,80,80,80,80,80,80,80,80,80,80,40,40,40,47,47,47,47,61,61,61,61,61,61],"card_choices":[{"not_picked":["Dropkick","True Grit"],"picked":"Heavy Blade","floor":1},{"not_picked":["Combust","Heavy Blade"],"picked":"Thunderclap","floor":2},{"not_picked":["Thunderclap","Fire Breathing"],"picked":"Feel No Pain","floor":5},{"not_picked":["Twin Strike","Clash"],"picked":"Pommel Strike","floor":6},{"not_picked":["Iron Wave","Clothesline"],"picked":"Fire Breathing","floor":7},{"not_picked":["Evolve","Seeing Red"],"picked":"Berserk","floor":8},{"not_picked":["Wild Strike","Intimidate"],"picked":"Iron Wave","floor":11},{"not_picked":["Twin Strike","Clash"],"picked":"Blood for Blood","floor":13},{"not_picked":["Dark Embrace","Fiend Fire"],"picked":"Demon Form","floor":16},{"not_picked":["Dropkick","Intimidate"],"picked":"Iron Wave+1","floor":18},{"not_picked":["Anger","Disarm+1"],"picked":"Rupture","floor":20},{"not_picked":["Carnage","Clothesline"],"picked":"Shrug It Off+1","floor":21},{"not_picked":["Flame Barrier","Burning Pact"],"picked":"Heavy Blade","floor":27},{"not_picked":["Clothesline+1","Heavy Blade+1"],"picked":"Flame Barrier","floor":29}],"player_experience":56099,"relics_obtained":[{"floor":9,"key":"Bronze Scales"},{"floor":14,"key":"Whetstone"},{"floor":26,"key":"Mango"}],"event_choices":[{"event_name":"Shining Light","player_choice":"Entered Light","floor":4,"damage_taken":0},{"event_name":"The Cleric","player_choice":"Healed","floor":10,"damage_taken":0},{"event_name":"Ghosts","player_choice":"Became a Ghost","floor":19,"damage_taken":0},{"event_name":"The Library","player_choice":"Read","floor":24,"damage_taken":0}],"boss_relics":[{"not_picked":["Sozu","Runic Cube"],"picked":"White Beast Statue"}],"items_purged_floors":[3],"is_endless":false,"potions_floor_spawned":[5,13,16,18,20,21,27,29],"killed_by":"Cultist and Chosen","ascension_level":0}