{"gold_per_floor":[111,36,36,53,53,83,83,113,163,163,180,180,193,211,211,286,286,302,302,317,333,333],"floor_reached":22,"playtime":11981,"items_purged":[],"score":343,"play_id":"dca99f77-5a35-41ea-8292-5e30ff089c4c","local_time":"20190124215211","is_ascension_mode":true,"campfire_choices":[{"data":"Heavy Blade","floor":7,"key":"SMITH"},{"floor":10,"key":"REST"},{"data":"Bash","floor":12,"key":"SMITH"},{"floor":15,"key":"REST"}],"neow_cost":"NONE","seed_source_timestamp":257715296863000,"circlet_count":0,"master_deck":["AscendersBane","Bash+1","Inflame","Regret","Twin Strike","Heavy Blade+1","Shrug It Off","Burning Pact","Sentinel","Thunderclap","Barricade","Shrug It Off","Offering","Searing Blow","Battle Trance","Headbutt","Dropkick","Combust","Battle Trance","Shrug It Off","Reaper","Inflame","Writhe","Uppercut","Rampage"],"relics":["Burning Blood","Vajra","Dream Catcher","Centennial Puzzle","Bottled Flame","Bag of Preparation","Pandora\u0027s Box","Potion Belt"],"potions_floor_usage":[8,16,21],"damage_taken":[{"damage":0,"enemies":"Small Slimes","floor":1,"turns":3},{"damage":8,"enemies":"2 Louse","floor":4,"turns":3},{"damage":24,"enemies":"Gremlin Nob","floor":6,"turns":4},{"damage":35,"enemies":"Lagavulin","floor":8,"turns":6},{"damage":12,"enemies":"Jaw Worm","floor":11,"turns":2},{"damage":15,"enemies":"2 Fungi Beasts","floor":13,"turns":3},{"damage":10,"enemies":"Large Slime","floor":14,"turns":4},{"damage":10,"enemies":"Slime Boss","floor":16,"turns":8},{"damage":19,"enemies":"Chosen","floor":18,"turns":3},{"damage":26,"enemies":"3 Byrds","floor":20,"turns":3},{"damage":18,"enemies":"Snecko","floor":21,"turns":3},{"damage":59,"enemies":"Cultist and Chosen","floor":22,"turns":4}],"seed_played":"3157694493535723389","potions_obtained":[{"floor":1,"key":"SteroidPotion"},{"floor":8,"key":"Dexterity Potion"},{"floor":11,"key":"AttackPotion"},{"floor":13,"key":"Explosive Potion"},{"floor":16,"key":"Swift Potion"}],"is_trial":false,"path_per_floor":["M","?","?","M","$","E","R","E","T","R","M","R","M","M","R","B",null,"M","?","M","M","M"],"character_chosen":"IRONCLAD","items_purchased":[],"campfire_rested":2,"item_purchase_floors":[],"current_hp_per_floor":[74,74,74,72,72,54,54,25,25,47,41,41,32,28,50,46,68,55,55,42,40,0],"gold":333,"neow_bonus":"RANDOM_COMMON_RELIC","is_prod":false,"is_daily":false,"chose_seed":false,"campfire_upgraded":2,"win_rate":0,"timestamp":1548384731,"path_taken":["M","?","?","M","?","E","R","E","T","R","M","R","M","M","R","BOSS","M","?","M","M","M"],"build_version":"2019-01-23","purchased_purges":0,"victory":false,"max_hp_per_floor":[75,75,75,75,75,75,75,75,75,75,75,75,75,75,75,75,75,75,75,75,75,75],"card_choices":[{"not_picked":["Sentinel","Perfected Strike"],"picked":"Inflame","floor":1},{"not_picked":["Entrench","Havoc"],"picked":"Twin Strike","floor":4},{"not_picked":["Reaper","Havoc"],"picked":"Heavy Blade","floor":6},{"not_picked":["True Grit","Fire Breathing"],"picked":"Shrug It Off","floor":8},{"not_picked":["Sentinel","Iron Wave"],"picked":"Burning Pact","floor":10},{"not_picked":["Flex","Warcry"],"picked":"Sentinel","floor":11},{"not_picked":["Reckless Charge","Sword Boomerang"],"picked":"Thunderclap","floor":13},{"not_picked":["Wild Strike","Pommel Strike"],"picked":"Barricade","floor":14},{"not_picked":["Flex","Hemokinesis"],"picked":"Shrug It Off","floor":15},{"not_picked":["Immolate","Barricade"],"picked":"Offering","floor":16},{"not_picked":["Sword Boomerang","Seeing Red"],"picked":"Inflame","floor":18},{"not_picked":["Perfected Strike","True Grit"],"picked":"Uppercut","floor":20},{"not_picked":["Cleave+1","Intimidate"],"picked":"Rampage","floor":21}],"player_experience":2000049,"relics_obtained":[{"floor":6,"key":"Centennial Puzzle"},{"floor":8,"key":"Bottled Flame"},{"floor":9,"key":"Bag of Preparation"}],"event_choices":[{"cards_removed":["Strike_R"],"damage_healed":0,"gold_gain":0,"player_choice":"Card Removal","damage_taken":0,"max_hp_gain":0,"max_hp_loss":0,"event_name":"The Cleric","floor":2,"gold_loss":75},{"damage_healed":0,"gold_gain":0,"player_choice":"Box","damage_taken":0,"relics_obtained":["Dream Catcher"],"max_hp_gain":0,"max_hp_loss":0,"event_name":"Big Fish","floor":3,"gold_loss":0,"cards_obtained":["Regret"]},{"damage_healed":0,"gold_gain":0,"player_choice":"Opened","damage_taken":0,"relics_obtained":["Potion Belt"],"max_hp_gain":0,"max_hp_loss":0,"event_name":"The Mausoleum","floor":19,"gold_loss":0,"cards_obtained":["Writhe"]}],"is_beta":false,"boss_relics":[{"not_picked":["Sozu","Black Star"],"picked":"Pandora\u0027s Box"}],"items_purged_floors":[],"is_endless":false,"potions_floor_spawned":[1,8,11,13,16],"killed_by":"Cultist and Chosen","ascension_level":15}