{"path_per_floor":["M","M","M","M","M","R","?","R","T","M","$","M","M","M","R","B",null,"M","M","?","$","M","M","?","R","T","M","E","$","M","M","R","B",null,"M","M","M","$","M"],"character_chosen":"IRONCLAD","items_purchased":["Mind Blast","Inflame","Entrench","Iron Wave","Dramatic Entrance","Secret Weapon","Headbutt"],"gold_per_floor":[119,136,147,135,155,155,155,155,155,173,0,12,25,40,40,142,142,153,173,173,46,62,75,75,75,98,117,146,57,69,80,80,175,175,186,202,218,18,31,31],"floor_reached":40,"campfire_rested":3,"playtime":6249,"item_purchase_floors":[11,11,21,21,29,38,38],"current_hp_per_floor":[80,78,72,62,54,78,78,78,78,73,73,65,61,60,60,15,80,76,75,59,59,44,39,39,63,63,53,51,51,45,38,77,36,80,71,62,63,63,32,0],"items_purged":[],"gold":31,"score":460,"play_id":"fdc8772e-8e7f-4f8a-b75c-3ada8ace6c83","local_time":"20180622012924","is_prod":false,"is_daily":false,"chose_seed":false,"is_ascension_mode":false,"campfire_upgraded":2,"win_rate":0.0,"timestamp":1529645364,"campfire_choices":[{"floor":6,"key":"REST"},{"data":"Barricade","floor":8,"key":"SMITH"},{"data":"Bludgeon","floor":15,"key":"SMITH"},{"floor":25,"key":"REST"},{"floor":32,"key":"REST"}],"path_taken":["M","M","M","?","M","R","?","R","T","M","$","M","M","M","R","BOSS","M","M","?","$","M","M","?","R","T","M","E","$","M","M","R","BOSS","M","M","M","$","M","E"],"build_version":"2018-06-21","seed_source_timestamp":12043352614630,"purchased_purges":0,"circlet_count":0,"victory":false,"master_deck":["Strike_R","Strike_R","Strike_R","Strike_R","Defend_R","Defend_R","Defend_R","Defend_R","Bash","Heavy Blade","Barricade+1","Flex","Pommel Strike","Headbutt","Bludgeon+1","Mind Blast","Inflame","Intimidate","Metallicize","Armaments","Dark Embrace","Feel No Pain+1","Metallicize","Entrench","Iron Wave","Heavy Blade","Ghostly Armor","Body Slam","Shrug It Off","True Grit","Dramatic Entrance","Dropkick","Thunderclap","Armaments+1","Bludgeon","Armaments","Burning Pact","Heavy Blade","Cleave","Body Slam+1","Shrug It Off","Warcry+1","Cleave","Secret Weapon","Headbutt","Clothesline"],"max_hp_per_floor":[80,80,80,80,80,80,80,80,80,80,80,80,80,80,80,80,80,80,80,80,80,80,80,80,80,80,80,80,80,80,80,80,80,80,80,80,80,80,80,80],"relics":["Burning Blood","Dream Catcher","Fusion Hammer","Enchiridion","Regal Pillow","Boot","Orrery"],"card_choices":[{"not_picked":["Perfected Strike","Body Slam"],"picked":"Heavy Blade","floor":1},{"not_picked":["Sword Boomerang","Shrug It Off"],"picked":"Barricade","floor":2},{"not_picked":["Thunderclap","Fire Breathing"],"picked":"Flex","floor":3},{"not_picked":["Thunderclap","Twin Strike"],"picked":"Pommel Strike","floor":4},{"not_picked":["Thunderclap","Clash"],"picked":"Headbutt","floor":5},{"not_picked":["Hemokinesis","Entrench"],"picked":"Bludgeon","floor":10},{"not_picked":["Power Through","Sword Boomerang"],"picked":"Intimidate","floor":12},{"not_picked":["Intimidate","Clash"],"picked":"Metallicize","floor":13},{"not_picked":["Cleave","Combust"],"picked":"Armaments","floor":14},{"not_picked":["Limit Break","Offering"],"picked":"Dark Embrace","floor":16},{"not_picked":["Twin Strike","Iron Wave+1"],"picked":"Feel No Pain+1","floor":18},{"not_picked":["Shrug It Off","Clash+1"],"picked":"Metallicize","floor":19},{"not_picked":["Dropkick+1","Carnage"],"picked":"Heavy Blade","floor":22},{"not_picked":["Perfected Strike+1","Sword Boomerang"],"picked":"Ghostly Armor","floor":23},{"not_picked":["Iron Wave+1","Hemokinesis"],"picked":"Body Slam","floor":25},{"not_picked":["Armaments","Headbutt"],"picked":"Shrug It Off","floor":27},{"not_picked":["Clash","Battle Trance"],"picked":"True Grit","floor":28},{"not_picked":["Headbutt","True Grit"],"picked":"Dropkick","floor":30},{"not_picked":["Berserk","Carnage"],"picked":"Thunderclap","floor":31},{"not_picked":["Heavy Blade","Cleave"],"picked":"Armaments+1","floor":32},{"not_picked":["Feed","Dark Embrace"],"picked":"Bludgeon","floor":33},{"not_picked":["Sword Boomerang+1","Dual Wield"],"picked":"Armaments","floor":34},{"not_picked":["Pummel","Armaments"],"picked":"Burning Pact","floor":34},{"not_picked":["Flex","Battle Trance"],"picked":"Heavy Blade","floor":34},{"not_picked":["Sword Boomerang","Heavy Blade"],"picked":"Cleave","floor":34},{"not_picked":["Battle Trance","Clothesline"],"picked":"Body Slam+1","floor":34},{"not_picked":["Dark Embrace","Sword Boomerang+1"],"picked":"Shrug It Off","floor":35},{"not_picked":["Pummel","Reckless Charge+1"],"picked":"Warcry+1","floor":36},{"not_picked":["Armaments","Rampage"],"picked":"Cleave","floor":37},{"not_picked":["Twin Strike","Feel No Pain"],"picked":"Clothesline","floor":39}],"player_experience":11222,"potions_floor_usage":[12,22,31,31,40,40],"damage_taken":[{"damage":1,"enemies":"Cultist","floor":1,"turns":3},{"damage":8,"enemies":"Jaw Worm","floor":2,"turns":4},{"damage":12,"enemies":"Small Slimes","floor":3,"turns":5},{"damage":16,"enemies":"Exordium Thugs","floor":4,"turns":4},{"damage":14,"enemies":"3 Louse","floor":5,"turns":5},{"damage":11,"enemies":"Blue Slaver","floor":10,"turns":4},{"damage":14,"enemies":"Exordium Wildlife","floor":12,"turns":3},{"damage":10,"enemies":"Large Slime","floor":13,"turns":4},{"damage":7,"enemies":"Lots of Slimes","floor":14,"turns":6},{"damage":51,"enemies":"Slime Boss","floor":16,"turns":12},{"damage":10,"enemies":"Shell Parasite","floor":18,"turns":3},{"damage":7,"enemies":"Chosen","floor":19,"turns":5},{"damage":21,"enemies":"Snake Plant","floor":22,"turns":4},{"damage":11,"enemies":"Centurion and Healer","floor":23,"turns":6},{"damage":16,"enemies":"Snecko","floor":27,"turns":5},{"damage":8,"enemies":"Gremlin Leader","floor":28,"turns":7},{"damage":12,"enemies":"Sentry and Sphere","floor":30,"turns":10},{"damage":13,"enemies":"Slaver and Parasite","floor":31,"turns":7},{"damage":47,"enemies":"Champ","floor":33,"turns":14},{"damage":15,"enemies":"Orb Walker","floor":35,"turns":2},{"damage":15,"enemies":"3 Shapes","floor":36,"turns":5},{"damage":5,"enemies":"Maw","floor":37,"turns":12},{"damage":37,"enemies":"3 Darklings","floor":39,"turns":8},{"damage":41,"enemies":"Giant Head","floor":40,"turns":7}],"relics_obtained":[{"floor":9,"key":"Dream Catcher"},{"floor":20,"key":"Enchiridion"},{"floor":26,"key":"Regal Pillow"},{"floor":28,"key":"Boot"}],"event_choices":[{"event_name":"Bonfire Elementals","player_choice":"BASIC","floor":7,"damage_taken":0},{"event_name":"Cursed Tome","player_choice":"Obtained Book","floor":20,"damage_taken":0},{"event_name":"Drug Dealer","player_choice":"Ignored","floor":24,"damage_taken":0}],"boss_relics":[{"not_picked":["Runic Cube","Astrolabe"],"picked":"Fusion Hammer"},{"not_picked":["Calling Bell","Velvet Choker"],"picked":"Orrery"}],"items_purged_floors":[],"is_endless":false,"potions_floor_spawned":[2,3,5,10,16,22,28,30,36,37,39],"seed_played":"-9215137218154987160","killed_by":"Giant Head","ascension_level":0,"potions_obtained":[{"floor":2,"key":"EssenceOfSteel"},{"floor":3,"key":"Ancient Potion"},{"floor":5,"key":"Poison Potion"},{"floor":10,"key":"EssenceOfSteel"},{"floor":16,"key":"SkillPotion"},{"floor":22,"key":"AttackPotion"},{"floor":28,"key":"Block Potion"},{"floor":30,"key":"GamblersBrew"},{"floor":36,"key":"SkillPotion"},{"floor":37,"key":"Explosive Potion"}],"is_trial":false}