{"gold_per_floor":[112,125,125,300,33,33,65,89,127,167,179,215,254,39,39,135,135,155,167,199,216,216,216,241,241,241,256,256],"floor_reached":28,"playtime":3067,"items_purged":["Doubt"],"score":477,"play_id":"8199f061-7751-4bfb-85a7-3e8f03755d62","local_time":"20190425213143","is_ascension_mode":true,"campfire_choices":[{"data":"Zap","floor":6,"key":"SMITH"},{"data":"Double Energy","floor":11,"key":"SMITH"},{"data":"Tempest","floor":15,"key":"SMITH"},{"data":"Biased Cognition","floor":23,"key":"SMITH"},{"data":"Reinforced Body","floor":25,"key":"SMITH"}],"neow_cost":"NONE","seed_source_timestamp":369482418683577,"circlet_count":0,"master_deck":["Strike_B+1","Strike_B","Strike_B","Strike_B","Defend_B","Defend_B","Defend_B+1","Defend_B","Zap+1","Dualcast+1","Sweeping Beam","Double Energy+1","Chill+1","Ball Lightning","Barrage","Cold Snap","Tempest+1","Self Repair","Biased Cognition+1","Go for the Eyes","Reinforced Body+1","Capacitor","RitualDagger","Cold Snap+1","Consume"],"relics":["Cracked Core","NeowsBlessing","Happy Flower","MawBank","War Paint","Oddly Smooth Stone","Boot","Juzu Bracelet","Art of War","Sozu","Red Mask","Omamori","Question Card"],"potions_floor_usage":[24,24],"damage_taken":[{"damage":0,"enemies":"2 Louse","floor":1,"turns":1},{"damage":0,"enemies":"Jaw Worm","floor":2,"turns":1},{"damage":0,"enemies":"Gremlin Nob","floor":7,"turns":1},{"damage":0,"enemies":"Small Slimes","floor":8,"turns":3},{"damage":3,"enemies":"3 Sentries","floor":10,"turns":6},{"damage":4,"enemies":"Lagavulin","floor":13,"turns":5},{"damage":0,"enemies":"Slime Boss","floor":16,"turns":8},{"damage":11,"enemies":"3 Byrds","floor":18,"turns":3},{"damage":7,"enemies":"2 Thieves","floor":19,"turns":4},{"damage":13,"enemies":"Masked Bandits","floor":20,"turns":4},{"damage":3,"enemies":"3 Cultists","floor":21,"turns":5},{"damage":30,"enemies":"Gremlin Leader","floor":24,"turns":6},{"damage":8,"enemies":"Snecko","floor":27,"turns":3},{"damage":34,"enemies":"Book of Stabbing","floor":28,"turns":5}],"seed_played":"-7742494699555301164","potions_obtained":[{"floor":1,"key":"PowerPotion"},{"floor":2,"key":"AttackPotion"}],"is_trial":false,"path_per_floor":["M","M","?","?","$","R","E","M","T","E","R","T","E","$","R","B",null,"M","M","?","M","?","R","E","R","T","M","E"],"character_chosen":"DEFECT","items_purchased":["Happy Flower","Chill","Self Repair","Art of War"],"campfire_rested":0,"item_purchase_floors":[5,5,14,14],"current_hp_per_floor":[68,68,53,53,53,53,53,53,53,50,50,50,46,46,46,53,70,66,66,60,64,58,58,35,35,35,34,0],"gold":256,"neow_bonus":"THREE_ENEMY_KILL","is_prod":false,"is_daily":false,"chose_seed":false,"campfire_upgraded":5,"win_rate":0,"timestamp":1556220703,"path_taken":["M","M","?","?","$","R","E","M","T","E","R","?","E","?","R","BOSS","M","M","?","M","?","R","E","R","T","M","E"],"build_version":"2019-04-23","purchased_purges":1,"victory":false,"max_hp_per_floor":[75,75,75,75,75,75,75,75,75,75,75,75,75,75,75,75,75,75,75,75,75,75,75,75,75,75,75,75],"card_choices":[{"not_picked":["BootSequence","Static Discharge"],"picked":"Sweeping Beam","floor":1},{"not_picked":["Tempest","Stack"],"picked":"Double Energy","floor":2},{"not_picked":["Gash","Hologram"],"picked":"Ball Lightning","floor":7},{"not_picked":["Tempest","Stack"],"picked":"Barrage","floor":8},{"not_picked":["Go for the Eyes","Stack"],"picked":"Cold Snap","floor":10},{"not_picked":["Consume","Undo"],"picked":"Tempest","floor":13},{"not_picked":["All For One","Core Surge"],"picked":"Biased Cognition","floor":16},{"not_picked":["Turbo+1","Sweeping Beam","Ball Lightning"],"picked":"SKIP","floor":18},{"not_picked":["Sweeping Beam","Ball Lightning"],"picked":"Go for the Eyes","floor":19},{"not_picked":["Rebound","Creative AI"],"picked":"Reinforced Body","floor":20},{"not_picked":["Cold Snap+1","Barrage"],"picked":"Capacitor","floor":21},{"not_picked":["Sunder","Chaos+1"],"picked":"Cold Snap+1","floor":24},{"not_picked":["Capacitor","Streamline","Cold Snap"],"picked":"Consume","floor":27}],"player_experience":1238680,"relics_obtained":[{"floor":7,"key":"MawBank"},{"floor":9,"key":"War Paint"},{"floor":10,"key":"Oddly Smooth Stone"},{"floor":12,"key":"Boot"},{"floor":13,"key":"Juzu Bracelet"},{"floor":20,"key":"Red Mask"},{"floor":24,"key":"Omamori"},{"floor":26,"key":"Question Card"}],"event_choices":[{"damage_healed":0,"gold_gain":0,"player_choice":"Entered Light","damage_taken":15,"max_hp_gain":0,"max_hp_loss":0,"event_name":"Shining Light","floor":3,"gold_loss":0,"cards_upgraded":["Strike_B","Dualcast"]},{"damage_healed":0,"gold_gain":175,"player_choice":"AGREE","damage_taken":0,"max_hp_gain":0,"max_hp_loss":0,"event_name":"Liars Game","floor":4,"gold_loss":0,"cards_obtained":["Doubt"]},{"damage_healed":0,"gold_gain":0,"player_choice":"Fought Bandits","damage_taken":0,"max_hp_gain":0,"max_hp_loss":0,"event_name":"Masked Bandits","floor":20,"gold_loss":0},{"damage_healed":0,"gold_gain":0,"player_choice":"Joined the Cult","damage_taken":6,"max_hp_gain":0,"max_hp_loss":0,"event_name":"Nest","floor":22,"gold_loss":0,"cards_obtained":["RitualDagger"]}],"is_beta":true,"boss_relics":[{"not_picked":["Fusion Hammer","Cursed Key"],"picked":"Sozu"}],"items_purged_floors":[5],"is_endless":false,"potions_floor_spawned":[1,2,18,19],"killed_by":"Book of Stabbing","ascension_level":9}