{"gold_per_floor":[116,126,126,126,140,140,169,185,258,258,284,244,244,260,260,334,334,344,344,364,380,3,37,37,69,69,69,16,16,34,47,47,126,126,141,151,0,16,16],"floor_reached":39,"playtime":2265,"items_purged":["Strike_G"],"score":912,"play_id":"4b90ba22-277c-4491-8218-6a28df63b753","local_time":"20190519115036","is_ascension_mode":true,"campfire_choices":[{"data":"Dash","floor":6,"key":"SMITH"},{"floor":10,"key":"REST"},{"data":"Footwork","floor":13,"key":"SMITH"},{"data":"Crippling Poison","floor":15,"key":"SMITH"},{"floor":24,"key":"REST"},{"floor":29,"key":"REST"},{"floor":32,"key":"REST"}],"neow_cost":"NONE","seed_source_timestamp":2409019585167448,"circlet_count":0,"master_deck":["AscendersBane","Defend_G","Defend_G","Defend_G","Defend_G","Survivor","Neutralize","Noxious Fumes+1","PiercingWail","Dash+1","Expertise","Heel Hook","Footwork+1","Crippling Poison+1","Night Terror","Backflip","Prepared","Flechettes","Caltrops","Footwork","Night Terror","Bane+1","Acrobatics+1","Well Laid Plans","Corpse Explosion","Escape Plan"],"relics":["Ring of the Snake","Bird Faced Urn","Blue Candle","Happy Flower","Fusion Hammer","Medical Kit","Molten Egg 2","Vajra","Prayer Wheel","Runic Pyramid","Red Mask"],"potions_floor_usage":[11,16,30,33,39],"damage_taken":[{"damage":1,"enemies":"Jaw Worm","floor":1,"turns":5},{"damage":3,"enemies":"Cultist","floor":2,"turns":5},{"damage":1,"enemies":"Small Slimes","floor":5,"turns":4},{"damage":30,"enemies":"Gremlin Nob","floor":7,"turns":5},{"damage":9,"enemies":"2 Fungi Beasts","floor":8,"turns":4},{"damage":0,"enemies":"Lagavulin","floor":11,"turns":6},{"damage":0,"enemies":"Looter","floor":12,"turns":4},{"damage":3,"enemies":"3 Louse","floor":14,"turns":5},{"damage":6,"enemies":"The Guardian","floor":16,"turns":11},{"damage":0,"enemies":"Shell Parasite","floor":18,"turns":6},{"damage":2,"enemies":"3 Byrds","floor":20,"turns":4},{"damage":15,"enemies":"Snake Plant","floor":21,"turns":6},{"damage":27,"enemies":"Slavers","floor":23,"turns":5},{"damage":35,"enemies":"Gremlin Leader","floor":25,"turns":6},{"damage":30,"enemies":"Shelled Parasite and Fungi","floor":30,"turns":6},{"damage":7,"enemies":"Snecko","floor":31,"turns":6},{"damage":15,"enemies":"Automaton","floor":33,"turns":13},{"damage":0,"enemies":"3 Shapes","floor":35,"turns":4},{"damage":16,"enemies":"Orb Walker","floor":36,"turns":5},{"damage":10,"enemies":"Sphere and 2 Shapes","floor":38,"turns":5},{"damage":81,"enemies":"2 Orb Walkers","floor":39,"turns":4}],"seed_played":"2744330390290033965","potions_obtained":[{"floor":5,"key":"SneckoOil"},{"floor":8,"key":"Poison Potion"},{"floor":11,"key":"GamblersBrew"},{"floor":14,"key":"AttackPotion"},{"floor":16,"key":"FearPotion"},{"floor":20,"key":"Dexterity Potion"},{"floor":25,"key":"Poison Potion"},{"floor":30,"key":"SpeedPotion"},{"floor":35,"key":"Ancient Potion"}],"is_trial":false,"path_per_floor":["M","M","?","?","M","R","E","M","T","R","E","M","R","M","R","B",null,"M","?","M","M","$","E","R","E","T","?","$","R","M","M","R","B",null,"M","M","?","M","?"],"character_chosen":"THE_SILENT","items_purchased":["Medical Kit","Caltrops","Bane+1"],"campfire_rested":4,"item_purchase_floors":[22,22,28],"current_hp_per_floor":[58,55,55,55,54,54,24,17,17,36,40,44,44,45,45,43,60,64,64,66,57,57,36,55,34,34,34,34,53,37,42,61,64,66,66,51,51,57,0],"gold":16,"neow_bonus":"TRANSFORM_CARD","is_prod":false,"is_daily":false,"chose_seed":false,"campfire_upgraded":3,"win_rate":0,"timestamp":1558259436,"path_taken":["M","M","?","?","M","R","E","M","T","R","E","?","R","M","R","BOSS","M","?","M","M","$","E","R","E","T","?","$","R","M","?","R","BOSS","M","M","?","M","?"],"build_version":"2019-05-07","purchased_purges":1,"victory":false,"max_hp_per_floor":[66,66,66,66,66,66,66,66,66,66,66,66,66,66,66,66,66,66,66,66,66,66,66,66,66,66,66,66,66,66,66,66,66,66,66,66,66,66,66],"card_choices":[{"not_picked":["Cloak And Dagger","Skewer"],"picked":"PiercingWail","floor":1},{"not_picked":["Accuracy","Blur"],"picked":"Dash","floor":2},{"not_picked":["Masterful Stab","Accuracy"],"picked":"Heel Hook","floor":5},{"not_picked":["Grand Finale","Prepared","Dagger Spray"],"picked":"SKIP","floor":7},{"not_picked":["Dagger Spray","Blade Dance"],"picked":"Footwork","floor":8},{"not_picked":["Outmaneuver","Reflex","Setup"],"picked":"SKIP","floor":11},{"not_picked":["Quick Slash","Flying Knee","All Out Attack"],"picked":"SKIP","floor":12},{"not_picked":["Accuracy","Deflect"],"picked":"Crippling Poison","floor":14},{"not_picked":["Storm of Steel","Venomology"],"picked":"Night Terror","floor":16},{"not_picked":["Deflect","Cloak And Dagger"],"picked":"Backflip","floor":18},{"not_picked":["Sucker Punch","Masterful Stab","Flying Knee"],"picked":"SKIP","floor":20},{"not_picked":["Deadly Poison","Slice","Infinite Blades"],"picked":"SKIP","floor":21},{"not_picked":["PiercingWail","Expertise"],"picked":"Footwork","floor":23},{"not_picked":["Accuracy","Bouncing Flask","Slice+1"],"picked":"SKIP","floor":25},{"not_picked":["Quick Slash+1","Bouncing Flask"],"picked":"Acrobatics+1","floor":30},{"not_picked":["Dagger Throw+1","Slice+1","Backstab+1"],"picked":"SKIP","floor":30},{"not_picked":["Backflip","Calculated Gamble"],"picked":"Well Laid Plans","floor":31},{"not_picked":["Deflect","Tactician","Bane+1"],"picked":"SKIP","floor":31},{"not_picked":["Tools of the Trade","Night Terror"],"picked":"Corpse Explosion","floor":33},{"not_picked":["Outmaneuver","Bane+1","Poisoned Stab+1"],"picked":"SKIP","floor":35},{"not_picked":["Flying Knee+1","Endless Agony+1","Slice+1"],"picked":"SKIP","floor":35},{"not_picked":["Outmaneuver","Bane+1","Poisoned Stab+1"],"picked":"SKIP","floor":35},{"not_picked":["Flying Knee+1","Endless Agony+1","Slice+1"],"picked":"SKIP","floor":35},{"not_picked":["Poisoned Stab+1","Caltrops"],"picked":"Escape Plan","floor":36},{"not_picked":["Sucker Punch+1","Reflex","Slice+1"],"picked":"SKIP","floor":36},{"not_picked":["Deadly Poison","Phantasmal Killer","Dodge and Roll+1"],"picked":"SKIP","floor":38},{"not_picked":["Flying Knee+1","Eviscerate+1","Prepared"],"picked":"SKIP","floor":38}],"player_experience":2033429,"relics_obtained":[{"floor":7,"key":"Bird Faced Urn"},{"floor":9,"key":"Blue Candle"},{"floor":11,"key":"Happy Flower"},{"floor":23,"key":"Molten Egg 2"},{"floor":25,"key":"Vajra"},{"floor":26,"key":"Prayer Wheel"}],"event_choices":[{"damage_healed":0,"gold_gain":0,"player_choice":"Grow","damage_taken":0,"max_hp_gain":0,"max_hp_loss":0,"event_name":"Living Wall","floor":3,"gold_loss":0,"cards_upgraded":["Noxious Fumes"]},{"damage_healed":0,"gold_gain":0,"cards_transformed":["Strike_G"],"player_choice":"Transformed","damage_taken":0,"max_hp_gain":0,"max_hp_loss":0,"event_name":"Transmorgrifier","floor":4,"gold_loss":0,"cards_obtained":["Expertise"]},{"damage_healed":0,"gold_gain":0,"cards_transformed":["Strike_G","Strike_G"],"player_choice":"Became Test Subject","damage_taken":0,"max_hp_gain":0,"max_hp_loss":0,"event_name":"Drug Dealer","floor":19,"gold_loss":0,"cards_obtained":["Prepared","Flechettes"]},{"damage_healed":0,"gold_gain":0,"cards_transformed":["Defend_G"],"player_choice":"Transformed","damage_taken":0,"max_hp_gain":0,"max_hp_loss":0,"event_name":"Transmorgrifier","floor":27,"gold_loss":0,"cards_obtained":["Night Terror"]},{"damage_healed":0,"gold_gain":0,"player_choice":"Paid","damage_taken":0,"relics_obtained":["Red Mask"],"max_hp_gain":0,"max_hp_loss":0,"event_name":"Tomb of Lord Red Mask","floor":37,"gold_loss":151},{"damage_healed":0,"gold_gain":0,"player_choice":"Fight","damage_taken":0,"max_hp_gain":0,"max_hp_loss":0,"event_name":"Mysterious Sphere","floor":39,"gold_loss":0}],"is_beta":true,"boss_relics":[{"not_picked":["Philosopher\u0027s Stone","Velvet Choker"],"picked":"Fusion Hammer"},{"not_picked":["Lizard Tail","Black Star"],"picked":"Runic Pyramid"}],"items_purged_floors":[22],"is_endless":false,"potions_floor_spawned":[5,8,11,14,16,20,25,30,35],"killed_by":"2 Orb Walkers","ascension_level":20}