{"gold_per_floor":[119,134,9,22,22,47,47,81,108,88],"floor_reached":10,"playtime":223,"items_purged":[],"score":144,"play_id":"abd5c8b2-6d77-41dc-8ea4-686b305d4fc5","local_time":"20190507214502","is_ascension_mode":true,"campfire_choices":[{"floor":7,"key":"REST"}],"neow_cost":"NONE","seed_source_timestamp":1409927970183974,"circlet_count":0,"master_deck":["AscendersBane","Defend_G","Defend_G","Defend_G","Defend_G","Defend_G","Strike_G","Strike_G","Strike_G","Strike_G","Strike_G","Survivor","Neutralize","Backflip","Sucker Punch","Noxious Fumes","All Out Attack","Cloak And Dagger","Neutralize","Predator","Sucker Punch"],"relics":["Ring of the Snake","NeowsBlessing","PreservedInsect","Blood Vial","Juzu Bracelet"],"potions_floor_usage":[6,10],"damage_taken":[{"damage":0,"enemies":"Cultist","floor":1,"turns":1},{"damage":0,"enemies":"2 Louse","floor":2,"turns":1},{"damage":0,"enemies":"Small Slimes","floor":4,"turns":1},{"damage":48,"enemies":"Gremlin Nob","floor":6,"turns":5},{"damage":24,"enemies":"Lagavulin","floor":8,"turns":6},{"damage":8,"enemies":"Looter","floor":10,"turns":1}],"seed_played":"4828274552068016309","potions_obtained":[{"floor":4,"key":"SteroidPotion"},{"floor":8,"key":"PowerPotion"}],"is_trial":false,"path_per_floor":["M","M","$","M","?","E","R","E","T","M"],"character_chosen":"THE_SILENT","items_purchased":["Noxious Fumes","All Out Attack"],"campfire_rested":1,"item_purchase_floors":[3,3],"current_hp_per_floor":[59,59,59,59,59,11,30,6,6,0],"gold":88,"neow_bonus":"THREE_ENEMY_KILL","is_prod":false,"is_daily":false,"chose_seed":false,"campfire_upgraded":0,"win_rate":0,"timestamp":1557258302,"path_taken":["M","?","$","M","?","E","R","E","T","M"],"build_version":"2019-04-23","purchased_purges":0,"victory":false,"max_hp_per_floor":[66,66,66,66,66,66,66,66,66,66],"card_choices":[{"not_picked":["Sucker Punch","PiercingWail"],"picked":"Backflip","floor":1},{"not_picked":["Deadly Poison","Choke"],"picked":"Sucker Punch","floor":2},{"not_picked":["Dagger Throw","Deflect"],"picked":"Cloak And Dagger","floor":4},{"not_picked":["Dagger Throw","Quick Slash"],"picked":"Predator","floor":6},{"not_picked":["Quick Slash","Bane"],"picked":"Sucker Punch","floor":8}],"player_experience":1578733,"relics_obtained":[{"floor":6,"key":"PreservedInsect"},{"floor":8,"key":"Blood Vial"},{"floor":9,"key":"Juzu Bracelet"}],"event_choices":[{"damage_healed":0,"gold_gain":0,"player_choice":"1 cards matched","damage_taken":0,"max_hp_gain":0,"max_hp_loss":0,"event_name":"Match and Keep!","floor":5,"gold_loss":0,"cards_obtained":["Neutralize"]}],"is_beta":true,"boss_relics":[],"items_purged_floors":[],"is_endless":false,"potions_floor_spawned":[4,8],"killed_by":"Looter","ascension_level":18}