{"gold_per_floor":[112,41,41,41,56,56,66,83,108,119,137,169,169,203,203,282,282,302,320,1,100,100],"floor_reached":22,"playtime":7639,"items_purged":["Regret"],"score":333,"play_id":"af0590f0-04b5-4a6a-bc44-2fa3638691f1","local_time":"20190119130049","is_ascension_mode":true,"campfire_choices":[{"data":"Combust","floor":6,"key":"SMITH"},{"floor":13,"key":"REST"},{"floor":15,"key":"REST"}],"neow_cost":"NONE","seed_source_timestamp":260141206315700,"circlet_count":0,"master_deck":["AscendersBane","Strike_R","Strike_R","Strike_R","Strike_R","Strike_R","Defend_R","Defend_R","Defend_R","Defend_R","Bash","Combust","Combust+1","Burning Pact","Clothesline","Flame Barrier","Blood for Blood","Fiend Fire","Juggernaut","Shrug It Off","Second Wind","Shockwave"],"relics":["Burning Blood","Art of War","Sundial","Strawberry","Happy Flower","Omamori","White Beast Statue","MealTicket"],"potions_floor_usage":[12,14,16,19,22],"damage_taken":[{"damage":3,"enemies":"Small Slimes","floor":1,"turns":3},{"damage":19,"enemies":"2 Louse","floor":5,"turns":3},{"damage":12,"enemies":"Cultist","floor":7,"turns":4},{"damage":18,"enemies":"Looter","floor":8,"turns":3},{"damage":24,"enemies":"Exordium Wildlife","floor":10,"turns":4},{"damage":14,"enemies":"3 Louse","floor":11,"turns":3},{"damage":23,"enemies":"Lagavulin","floor":12,"turns":4},{"damage":17,"enemies":"3 Sentries","floor":14,"turns":4},{"damage":46,"enemies":"The Guardian","floor":16,"turns":12},{"damage":16,"enemies":"3 Byrds","floor":18,"turns":3},{"damage":41,"enemies":"2 Thieves","floor":19,"turns":4},{"damage":32,"enemies":"Sentry and Sphere","floor":22,"turns":4}],"seed_played":"3906783706729478019","potions_obtained":[{"floor":1,"key":"SkillPotion"},{"floor":5,"key":"Energy Potion"},{"floor":8,"key":"Poison Potion"},{"floor":12,"key":"EssenceOfSteel"},{"floor":16,"key":"Ancient Potion"},{"floor":18,"key":"Fire Potion"},{"floor":19,"key":"Energy Potion"}],"is_trial":false,"path_per_floor":["M","$","?","?","M","R","M","M","T","M","M","E","R","E","R","B",null,"M","M","$","?","M"],"character_chosen":"IRONCLAD","items_purchased":["Combust","MealTicket","Shockwave"],"campfire_rested":2,"item_purchase_floors":[2,20,20],"current_hp_per_floor":[78,78,78,78,65,65,59,47,54,36,28,11,37,26,52,12,70,60,25,25,25,0],"gold":100,"neow_bonus":"TEN_PERCENT_HP_BONUS","is_prod":false,"is_daily":false,"chose_seed":false,"campfire_upgraded":1,"win_rate":0,"timestamp":1547920849,"path_taken":["M","$","?","?","M","R","?","M","T","M","M","E","R","E","R","BOSS","M","M","$","?","M"],"build_version":"2019-01-17v2","purchased_purges":1,"victory":false,"max_hp_per_floor":[82,82,82,82,82,82,82,82,89,89,89,89,89,89,89,89,89,89,89,89,89,89],"card_choices":[{"not_picked":["Power Through","Shrug It Off"],"picked":"Combust","floor":1},{"not_picked":["Anger","Clash","Sword Boomerang"],"picked":"SKIP","floor":5},{"not_picked":["Pommel Strike","Disarm"],"picked":"Burning Pact","floor":7},{"not_picked":["Perfected Strike","Anger"],"picked":"Clothesline","floor":8},{"not_picked":["Dropkick","Pommel Strike"],"picked":"Flame Barrier","floor":10},{"not_picked":["Cleave","Warcry"],"picked":"Blood for Blood","floor":11},{"not_picked":["Clothesline","Wild Strike"],"picked":"Fiend Fire","floor":12},{"not_picked":["Havoc","Dual Wield","Twin Strike"],"picked":"SKIP","floor":14},{"not_picked":["Impervious","Immolate"],"picked":"Juggernaut","floor":16},{"not_picked":["Inflame","Warcry"],"picked":"Shrug It Off","floor":18},{"not_picked":["Havoc","Iron Wave"],"picked":"Second Wind","floor":19}],"player_experience":1791137,"relics_obtained":[{"floor":9,"key":"Strawberry"},{"floor":12,"key":"Happy Flower"},{"floor":14,"key":"Omamori"}],"event_choices":[{"damage_healed":0,"gold_gain":0,"player_choice":"Box","damage_taken":0,"relics_obtained":["Art of War"],"max_hp_gain":0,"max_hp_loss":0,"event_name":"Big Fish","floor":3,"gold_loss":0,"cards_obtained":["Regret"]},{"damage_healed":0,"gold_gain":0,"player_choice":"Gave Potion","damage_taken":0,"relics_obtained":["Sundial"],"max_hp_gain":0,"max_hp_loss":0,"event_name":"WeMeetAgain","floor":4,"gold_loss":0},{"damage_healed":0,"gold_gain":99,"player_choice":"Stole From Cult","damage_taken":0,"max_hp_gain":0,"max_hp_loss":0,"event_name":"Nest","floor":21,"gold_loss":0}],"is_beta":false,"boss_relics":[{"not_picked":["Runic Dome","Orrery"],"picked":"White Beast Statue"}],"items_purged_floors":[20],"is_endless":false,"potions_floor_spawned":[1,5,8,12,16,18,19],"killed_by":"Sentry and Sphere","ascension_level":14}