{"gold_per_floor":[113,388,463,481,481,481,510,510,537,566,123,148,148,166,166,269,269,284,300,320,334,89,114,114,143,143,143],"floor_reached":27,"playtime":1452,"items_purged":["Strike_B"],"score":282,"play_id":"9d24473d-f48e-4785-ab26-2072f3551ee1","local_time":"20180809231927","is_ascension_mode":true,"campfire_choices":[{"data":"Chill","floor":6,"key":"SMITH"},{"floor":8,"key":"REST"},{"floor":15,"key":"REST"},{"floor":24,"key":"REST"}],"neow_cost":"","seed_source_timestamp":24043820093344,"circlet_count":0,"master_deck":["Strike_B","Strike_B","Strike_B","Defend_B","Defend_B","Defend_B","Defend_B","Zap","Dualcast","Rip and Tear","Chill+1","Echo Form","Melter","Panacea","Streamline","Barrage","Seek","Steam","Coolheaded+1","Go for the Eyes+1","White Noise","Stack+1"],"relics":["Cracked Core","Bronze Scales","Anchor","Bottled Lightning","Runic Capacitor","Ice Cream","Busted Crown","Question Card","Blue Candle","Potion Belt","Strawberry"],"potions_floor_usage":[7,16,23,23],"damage_taken":[{"damage":1,"enemies":"Cultist","floor":1,"turns":3},{"damage":0,"enemies":"2 Louse","floor":4,"turns":2},{"damage":34,"enemies":"Lagavulin","floor":7,"turns":8},{"damage":4,"enemies":"3 Sentries","floor":10,"turns":6},{"damage":19,"enemies":"Gremlin Nob","floor":12,"turns":4},{"damage":0,"enemies":"Small Slimes","floor":14,"turns":2},{"damage":34,"enemies":"Slime Boss","floor":16,"turns":10},{"damage":0,"enemies":"3 Byrds","floor":18,"turns":4},{"damage":12,"enemies":"2 Thieves","floor":19,"turns":3},{"damage":10,"enemies":"Chosen and Byrds","floor":20,"turns":5},{"damage":8,"enemies":"3 Cultists","floor":21,"turns":4},{"damage":19,"enemies":"Slavers","floor":23,"turns":3},{"damage":18,"enemies":"Book of Stabbing","floor":25,"turns":5},{"damage":50,"enemies":"Gremlin Leader","floor":27,"turns":6}],"seed_played":"8561648650741373676","potions_obtained":[{"floor":4,"key":"Energy Potion"},{"floor":7,"key":"Poison Potion"},{"floor":16,"key":"SteroidPotion"},{"floor":18,"key":"FocusPotion"}],"is_trial":false,"path_per_floor":["M","?","?","M","?","R","E","R","T","E","$","E","?","M","R","B",null,"M","M","M","M","$","E","R","E","T"],"character_chosen":"DEFECT","items_purchased":["Runic Capacitor","Melter","Panacea","Question Card"],"campfire_rested":3,"item_purchase_floors":[11,11,11,22],"current_hp_per_floor":[74,74,63,63,56,56,22,44,44,40,40,21,26,26,50,16,80,80,68,58,50,50,31,55,37,44,0],"gold":143,"neow_bonus":"","is_prod":false,"is_daily":false,"chose_seed":false,"campfire_upgraded":1,"win_rate":0,"timestamp":1533871167,"path_taken":["M","?","?","M","?","R","E","R","T","E","$","E","?","?","R","BOSS","M","?","M","M","$","E","R","E","T","E"],"build_version":"2018-08-09","purchased_purges":1,"victory":false,"max_hp_per_floor":[75,75,75,75,75,75,75,75,75,75,75,75,80,80,80,80,80,80,80,80,80,80,80,80,80,87,87],"card_choices":[{"not_picked":["Cold Snap","Redo"],"picked":"Rip and Tear","floor":1},{"not_picked":["Storm","Skim"],"picked":"Chill","floor":4},{"not_picked":["Cold Snap","Hyperbeam"],"picked":"Echo Form","floor":7},{"not_picked":["Skim","Go for the Eyes","Hello World"],"picked":"SKIP","floor":10},{"not_picked":["Hologram","Compile Driver"],"picked":"Streamline","floor":12},{"not_picked":["Double Energy","Rebound"],"picked":"Barrage","floor":14},{"not_picked":["Meteor Strike","Amplify"],"picked":"Seek","floor":16},{"not_picked":["Sweeping Beam"],"picked":"SKIP","floor":18},{"not_picked":[],"picked":"Steam","floor":19},{"not_picked":[],"picked":"Coolheaded+1","floor":20},{"not_picked":[],"picked":"Go for the Eyes+1","floor":21},{"not_picked":["Rebound"],"picked":"White Noise","floor":23},{"not_picked":["Doom and Gloom"],"picked":"Stack+1","floor":25}],"player_experience":608766,"relics_obtained":[{"floor":7,"key":"Bronze Scales"},{"floor":9,"key":"Anchor"},{"floor":10,"key":"Bottled Lightning"},{"floor":12,"key":"Ice Cream"},{"floor":23,"key":"Blue Candle"},{"floor":25,"key":"Potion Belt"},{"floor":26,"key":"Strawberry"}],"event_choices":[{"event_name":"Golden Shrine","player_choice":"Desecrate","floor":2,"damage_taken":0},{"event_name":"World of Goop","player_choice":"Gather Gold","floor":3,"damage_taken":0},{"event_name":"Golden Wing","player_choice":"Card Removal","floor":5,"damage_taken":0},{"event_name":"Big Fish","player_choice":"Donut","floor":13,"damage_taken":0}],"is_beta":false,"boss_relics":[{"not_picked":["Astrolabe","Calling Bell"],"picked":"Busted Crown"}],"items_purged_floors":[11],"is_endless":false,"potions_floor_spawned":[4,7,16,18],"killed_by":"Gremlin Leader","ascension_level":1}