{"gold_per_floor":[115,0,19,19,33,64,74,74,127,150,189,219,231],"floor_reached":13,"playtime":447,"items_purged":[],"score":107,"play_id":"1873c904-54b5-4d69-bfb8-5e517f57de6e","local_time":"20190417100759","is_ascension_mode":true,"campfire_choices":[{"floor":8,"key":"REST"}],"neow_cost":"NONE","seed_source_timestamp":2066019986861184,"circlet_count":0,"master_deck":["Strike_B","Strike_B","Strike_B","Strike_B","Defend_B","Defend_B","Defend_B","Defend_B","Zap+1","Dualcast","Beam Cell","Barrage","Coolheaded","Sweeping Beam","Genetic Algorithm","Streamline","Capacitor"],"relics":["Cracked Core","Art of War","The Courier","MawBank","Dream Catcher"],"potions_floor_usage":[11,11],"damage_taken":[{"damage":1,"enemies":"Cultist","floor":1,"turns":3},{"damage":7,"enemies":"Jaw Worm","floor":3,"turns":2},{"damage":6,"enemies":"2 Louse","floor":5,"turns":2},{"damage":26,"enemies":"Lagavulin","floor":6,"turns":7},{"damage":15,"enemies":"Gremlin Gang","floor":7,"turns":3},{"damage":21,"enemies":"3 Louse","floor":10,"turns":3},{"damage":6,"enemies":"Gremlin Nob","floor":11,"turns":3},{"damage":0,"enemies":"Exordium Wildlife","floor":12,"turns":3},{"damage":15,"enemies":"3 Sentries","floor":13,"turns":2}],"seed_played":"-1069058605198509655","potions_obtained":[{"floor":1,"key":"LiquidBronze"},{"floor":5,"key":"Poison Potion"},{"floor":6,"key":"Energy Potion"}],"is_trial":false,"path_per_floor":["M","$","M","?","M","E","M","R","T","M","E","M","E"],"character_chosen":"DEFECT","items_purchased":["Barrage","Coolheaded","Sweeping Beam"],"campfire_rested":1,"item_purchase_floors":[2,2,2],"current_hp_per_floor":[74,74,67,67,61,35,20,42,42,21,15,15,0],"gold":231,"neow_bonus":"RANDOM_COMMON_RELIC","is_prod":false,"is_daily":false,"chose_seed":false,"campfire_upgraded":0,"win_rate":0,"timestamp":1555488479,"path_taken":["M","$","M","?","?","E","M","R","T","?","E","?","E"],"build_version":"2019-04-04","purchased_purges":0,"victory":false,"max_hp_per_floor":[75,75,75,75,75,75,75,75,75,75,75,75,75],"card_choices":[{"not_picked":["Aggregate","Go for the Eyes"],"picked":"Beam Cell","floor":1},{"not_picked":["Compile Driver","Hello World"],"picked":"Genetic Algorithm","floor":3},{"not_picked":["Beam Cell","Sweeping Beam","Sunder"],"picked":"SKIP","floor":5},{"not_picked":["Redo","Turbo"],"picked":"Streamline","floor":6},{"not_picked":["Steam","Gash"],"picked":"Capacitor","floor":7},{"not_picked":["Storm","Turbo","Sweeping Beam"],"picked":"SKIP","floor":10},{"not_picked":["Cold Snap","Compile Driver","Chill"],"picked":"SKIP","floor":11},{"not_picked":["Sweeping Beam","Stack","Rebound"],"picked":"SKIP","floor":12}],"player_experience":1128066,"relics_obtained":[{"floor":6,"key":"The Courier"},{"floor":9,"key":"MawBank"},{"floor":11,"key":"Dream Catcher"}],"event_choices":[{"damage_healed":0,"gold_gain":0,"player_choice":"Upgraded","damage_taken":0,"max_hp_gain":0,"max_hp_loss":0,"event_name":"Upgrade Shrine","floor":4,"gold_loss":0,"cards_upgraded":["Zap"]}],"is_beta":true,"boss_relics":[],"items_purged_floors":[],"is_endless":false,"potions_floor_spawned":[1,5,6,10],"killed_by":"3 Sentries","ascension_level":2}