{"gold_per_floor":[112,126,126,126,139,139,157,82,82,98,114,114,124,157,157,252,252,267,192,192],"floor_reached":20,"playtime":814,"items_purged":["Multi-Cast"],"score":229,"play_id":"e6c46c35-979d-43d0-a081-69ea05729182","local_time":"20181029142215","is_ascension_mode":true,"campfire_choices":[{"data":"Gash","floor":6,"key":"SMITH"},{"data":"Dualcast","floor":12,"key":"SMITH"},{"data":"Zap","floor":15,"key":"SMITH"}],"neow_cost":"NONE","seed_source_timestamp":597201754139700,"circlet_count":0,"master_deck":["Strike_B","Strike_B","Defend_B","Defend_B","Defend_B","Zap+1","Dualcast+1","Gash+1","Self Repair","Heatsinks","Rebound","Skim","Heatsinks","Go for the Eyes","Reboot+1","Gash+1"],"relics":["Cracked Core","Regal Pillow","Toxic Egg 2","Inserter"],"potions_floor_usage":[10,16,16],"damage_taken":[{"damage":12,"enemies":"Small Slimes","floor":1,"turns":2},{"damage":0,"enemies":"2 Louse","floor":2,"turns":1},{"damage":1,"enemies":"Cultist","floor":5,"turns":3},{"damage":6,"enemies":"2 Fungi Beasts","floor":7,"turns":4},{"damage":15,"enemies":"Lots of Slimes","floor":10,"turns":4},{"damage":7,"enemies":"Looter","floor":11,"turns":3},{"damage":0,"enemies":"3 Louse","floor":13,"turns":3},{"damage":25,"enemies":"Lagavulin","floor":14,"turns":7},{"damage":43,"enemies":"Slime Boss","floor":16,"turns":11},{"damage":35,"enemies":"3 Byrds","floor":18,"turns":5},{"damage":37,"enemies":"Masked Bandits","floor":20,"turns":3}],"seed_played":"2397021991749316520","potions_obtained":[{"floor":7,"key":"Fire Potion"},{"floor":11,"key":"Explosive Potion"},{"floor":13,"key":"Energy Potion"},{"floor":16,"key":"SteroidPotion"}],"is_trial":false,"path_per_floor":["M","M","?","?","M","R","M","$","T","M","M","R","M","E","R","B",null,"M","?"],"character_chosen":"DEFECT","items_purchased":[],"campfire_rested":0,"item_purchase_floors":[],"current_hp_per_floor":[63,63,63,63,62,62,63,63,63,55,55,55,62,44,44,8,64,36,36,0],"gold":192,"neow_bonus":"TEN_PERCENT_HP_BONUS","is_prod":false,"is_daily":false,"chose_seed":false,"campfire_upgraded":3,"win_rate":0,"timestamp":1540837335,"path_taken":["M","M","?","?","M","R","M","$","T","M","M","R","?","E","R","BOSS","M","?","?"],"build_version":"2018-10-25v2","purchased_purges":1,"victory":false,"max_hp_per_floor":[82,82,82,82,82,82,82,82,82,82,82,82,82,82,82,82,82,82,82,82],"card_choices":[{"not_picked":["Streamline","Reprogram"],"picked":"Gash","floor":1},{"not_picked":["Rebound","Compile Driver"],"picked":"Self Repair","floor":2},{"not_picked":["Undo","Barrage"],"picked":"Heatsinks","floor":5},{"not_picked":["Leap","Scrape"],"picked":"Rebound","floor":7},{"not_picked":["Rebound","Defragment"],"picked":"Skim","floor":10},{"not_picked":["Ball Lightning","Aggregate"],"picked":"Heatsinks","floor":11},{"not_picked":["Recycle","Aggregate","Cold Snap"],"picked":"SKIP","floor":13},{"not_picked":["Turbo","Ball Lightning"],"picked":"Go for the Eyes","floor":14},{"not_picked":["Buffer","Seek+1"],"picked":"Reboot+1","floor":16},{"not_picked":["Chaos+1","Go for the Eyes+1"],"picked":"Gash+1","floor":18}],"player_experience":1494810,"relics_obtained":[{"floor":9,"key":"Regal Pillow"},{"floor":14,"key":"Toxic Egg 2"}],"event_choices":[{"damage_healed":0,"gold_gain":0,"cards_transformed":["Strike_B"],"player_choice":"Change","damage_taken":0,"max_hp_gain":0,"max_hp_loss":0,"event_name":"Living Wall","floor":3,"gold_loss":0,"cards_obtained":["Multi-Cast"]},{"cards_removed":["Strike_B"],"damage_healed":0,"gold_gain":0,"player_choice":"Purged","damage_taken":0,"max_hp_gain":0,"max_hp_loss":0,"event_name":"Purifier","floor":4,"gold_loss":0},{"cards_removed":["Defend_B"],"damage_healed":0,"gold_gain":0,"player_choice":"Gave Gold","damage_taken":0,"max_hp_gain":0,"max_hp_loss":0,"event_name":"Beggar","floor":19,"gold_loss":75},{"damage_healed":0,"gold_gain":0,"player_choice":"Fought Bandits","damage_taken":0,"max_hp_gain":0,"max_hp_loss":0,"event_name":"Masked Bandits","floor":20,"gold_loss":0}],"is_beta":false,"boss_relics":[{"not_picked":["Philosopher\u0027s Stone","Cursed Key"],"picked":"Inserter"}],"items_purged_floors":[8],"is_endless":false,"potions_floor_spawned":[7,11,13,16],"killed_by":"Masked Bandits","ascension_level":6}