{"gold_per_floor":[361,361,372,39,50,50,78,78,78,105,5,180,180,197,197,300,300,284,301,107,124,142,152,152],"floor_reached":24,"playtime":2120,"items_purged":["Strike_R","Normality","Strike_R"],"score":218,"play_id":"b5e8421d-a56d-4abe-a1b5-ac3a13bb52c8","local_time":"20181023190804","is_ascension_mode":true,"campfire_choices":[{"data":"Whirlwind","floor":6,"key":"SMITH"},{"data":"Clothesline","floor":8,"key":"SMITH"},{"data":"Barricade","floor":13,"key":"SMITH"},{"data":"Shrug It Off","floor":15,"key":"SMITH"}],"neow_cost":"CURSE","seed_source_timestamp":474750949184180,"circlet_count":0,"master_deck":["Strike_R","Strike_R","Defend_R","Defend_R","Defend_R","Defend_R","Bash","Whirlwind+1","Hemokinesis","Ghostly Armor","Clothesline+1","Barricade+1","Doubt","Shrug It Off+1","Limit Break","Heavy Blade","Cleave","Spot Weakness","Entrench","Armaments"],"relics":["Burning Blood","Meat on the Bone","Shuriken","Red Skull","Pen Nib","White Beast Statue"],"potions_floor_usage":[16,16,19,21,22,23,23,24],"damage_taken":[{"damage":3,"enemies":"Cultist","floor":1,"turns":5},{"damage":4,"enemies":"Jaw Worm","floor":3,"turns":4},{"damage":11,"enemies":"Small Slimes","floor":5,"turns":3},{"damage":31,"enemies":"Gremlin Nob","floor":7,"turns":4},{"damage":21,"enemies":"3 Sentries","floor":10,"turns":4},{"damage":0,"enemies":"Gremlin Gang","floor":14,"turns":1},{"damage":32,"enemies":"The Guardian","floor":16,"turns":18},{"damage":31,"enemies":"2 Thieves","floor":18,"turns":4},{"damage":35,"enemies":"Spheric Guardian","floor":19,"turns":12},{"damage":5,"enemies":"Snecko","floor":21,"turns":5},{"damage":15,"enemies":"Cultist and Chosen","floor":22,"turns":4},{"damage":37,"enemies":"Snake Plant","floor":23,"turns":9},{"damage":42,"enemies":"Shelled Parasite and Fungi","floor":24,"turns":6}],"seed_played":"7412710571199524432","potions_obtained":[{"floor":1,"key":"Dexterity Potion"},{"floor":10,"key":"Strength Potion"},{"floor":14,"key":"Block Potion"},{"floor":18,"key":"Explosive Potion"},{"floor":19,"key":"Block Potion"},{"floor":21,"key":"EssenceOfSteel"},{"floor":22,"key":"AttackPotion"},{"floor":23,"key":"Strength Potion"}],"is_trial":false,"path_per_floor":["M","?","M","$","M","R","E","R","T","E","$","?","R","M","R","B",null,"M","M","$","M","M","M"],"character_chosen":"IRONCLAD","items_purchased":["Meat on the Bone","Spot Weakness"],"campfire_rested":0,"item_purchase_floors":[4,20],"current_hp_per_floor":[80,80,80,80,75,75,50,50,50,47,47,47,47,53,53,39,80,55,38,38,51,54,35,0],"gold":152,"neow_bonus":"TWO_FIFTY_GOLD","is_prod":false,"is_daily":false,"chose_seed":false,"campfire_upgraded":4,"win_rate":0,"timestamp":1540314484,"path_taken":["M","?","M","$","?","R","E","R","T","E","$","?","R","M","R","BOSS","M","M","$","M","M","M","M"],"build_version":"2018-10-18","purchased_purges":3,"victory":false,"max_hp_per_floor":[80,80,80,80,80,80,80,80,80,80,80,80,80,80,80,80,80,80,80,80,80,80,80,80],"card_choices":[{"not_picked":["Dual Wield","Clothesline"],"picked":"Whirlwind","floor":1},{"not_picked":["Anger","Whirlwind","Sword Boomerang"],"picked":"SKIP","floor":3},{"not_picked":["Warcry","Entrench"],"picked":"Ghostly Armor","floor":5},{"not_picked":["Bloodletting","Havoc"],"picked":"Clothesline","floor":7},{"not_picked":["Clothesline","Cleave"],"picked":"Barricade","floor":10},{"not_picked":["Bloodletting","Sword Boomerang"],"picked":"Shrug It Off","floor":14},{"not_picked":["Exhume","Offering"],"picked":"Limit Break","floor":16},{"not_picked":["Combust+1","Pommel Strike"],"picked":"Heavy Blade","floor":18},{"not_picked":["Second Wind+1","Heavy Blade"],"picked":"Cleave","floor":19},{"not_picked":["Feel No Pain","Heavy Blade"],"picked":"Entrench","floor":21},{"not_picked":["Ghostly Armor","Warcry+1","Perfected Strike+1"],"picked":"SKIP","floor":22},{"not_picked":["Shrug It Off","Barricade"],"picked":"Armaments","floor":23}],"player_experience":103484,"relics_obtained":[{"floor":7,"key":"Shuriken"},{"floor":9,"key":"Red Skull"},{"floor":10,"key":"Pen Nib"}],"event_choices":[{"damage_healed":0,"gold_gain":0,"cards_transformed":["Strike_R"],"player_choice":"Change","damage_taken":0,"max_hp_gain":0,"max_hp_loss":0,"event_name":"Living Wall","floor":2,"gold_loss":0,"cards_obtained":["Hemokinesis"]},{"damage_healed":0,"gold_gain":175,"player_choice":"AGREE","damage_taken":0,"max_hp_gain":0,"max_hp_loss":0,"event_name":"Liars Game","floor":12,"gold_loss":0,"cards_obtained":["Doubt"]}],"is_beta":false,"boss_relics":[{"not_picked":["Calling Bell","Fusion Hammer"],"picked":"White Beast Statue"}],"items_purged_floors":[4,11,20],"is_endless":false,"potions_floor_spawned":[1,10,14,18,19,21,22,23],"killed_by":"Shelled Parasite and Fungi","ascension_level":1}