{"gold_per_floor":[115,131,56,70,70,70,70,70,119,150,35,54,71,71,71,71],"floor_reached":16,"playtime":526,"items_purged":["Strike_G"],"score":190,"play_id":"87b95aad-d2c4-405d-a8a7-74b2ee2de73d","local_time":"20190508105424","is_ascension_mode":true,"campfire_choices":[{"data":"Backflip","floor":6,"key":"SMITH"},{"data":"Blade Dance","floor":8,"key":"SMITH"},{"floor":15,"key":"REST"}],"neow_cost":"NONE","seed_source_timestamp":1456987595673604,"circlet_count":0,"master_deck":["AscendersBane","Defend_G","Defend_G","Defend_G","Defend_G","Defend_G","Strike_G","Strike_G","Strike_G","Survivor","Neutralize+1","Backflip+1","Expertise","Blade Dance+1","Predator","Caltrops","Dash","Escape Plan"],"relics":["Ring of the Snake","Sundial","Paper Crane","Bag of Marbles","Ancient Tea Set"],"potions_floor_usage":[10,16,16],"damage_taken":[{"damage":4,"enemies":"Small Slimes","floor":1,"turns":4},{"damage":7,"enemies":"2 Louse","floor":2,"turns":4},{"damage":4,"enemies":"Jaw Worm","floor":4,"turns":7},{"damage":32,"enemies":"Lagavulin","floor":10,"turns":7},{"damage":0,"enemies":"Looter","floor":12,"turns":2},{"damage":0,"enemies":"Exordium Wildlife","floor":13,"turns":3},{"damage":28,"enemies":"Slime Boss","floor":16,"turns":8}],"seed_played":"-5737462857014728045","potions_obtained":[{"floor":1,"key":"FearPotion"},{"floor":10,"key":"Dexterity Potion"},{"floor":12,"key":"Strength Potion"}],"is_trial":false,"path_per_floor":["M","M","?","M","?","R","T","R","T","E","$","M","M","$","R","B"],"character_chosen":"THE_SILENT","items_purchased":["Caltrops"],"campfire_rested":1,"item_purchase_floors":[11],"current_hp_per_floor":[55,48,48,44,39,39,39,39,39,7,7,7,7,7,26,0],"gold":71,"neow_bonus":"UPGRADE_CARD","is_prod":false,"is_daily":false,"chose_seed":false,"campfire_upgraded":2,"win_rate":0,"timestamp":1557305664,"path_taken":["M","M","?","M","?","R","?","R","T","E","?","M","M","$","R","BOSS"],"build_version":"2019-05-07","purchased_purges":1,"victory":false,"max_hp_per_floor":[66,66,66,66,66,66,66,66,66,66,66,66,66,66,66,66],"card_choices":[{"not_picked":["Accuracy","Bane"],"picked":"Backflip","floor":1},{"not_picked":["Prepared","Deflect"],"picked":"Expertise","floor":2},{"not_picked":["Underhanded Strike","Prepared"],"picked":"Blade Dance","floor":4},{"not_picked":["Poisoned Stab","Quick Slash"],"picked":"Predator","floor":10},{"not_picked":["Concentrate","Prepared"],"picked":"Dash","floor":12},{"not_picked":["Flying Knee","Underhanded Strike"],"picked":"Escape Plan","floor":13}],"player_experience":1581747,"relics_obtained":[{"floor":7,"key":"Paper Crane"},{"floor":9,"key":"Bag of Marbles"},{"floor":10,"key":"Ancient Tea Set"}],"event_choices":[{"cards_removed":["Strike_G"],"damage_healed":0,"gold_gain":0,"player_choice":"Card Removal","damage_taken":0,"max_hp_gain":0,"max_hp_loss":0,"event_name":"The Cleric","floor":3,"gold_loss":75},{"damage_healed":0,"gold_gain":0,"player_choice":"Success","damage_taken":5,"relics_obtained":["Sundial"],"max_hp_gain":0,"max_hp_loss":0,"event_name":"Scrap Ooze","floor":5,"gold_loss":0}],"is_beta":true,"boss_relics":[],"items_purged_floors":[11],"is_endless":false,"potions_floor_spawned":[1,10,12],"killed_by":"Slime Boss","ascension_level":18}