{"gold_per_floor":[114,114,127,127,23,57,57,91,91,91,117,167,182,200,200,271,271,282,482,152,172,172,204,204,233,233,233,233],"floor_reached":28,"playtime":1148,"items_purged":["Eviscerate+1"],"score":644,"play_id":"c250a17b-7446-4350-beb4-76752a650557","local_time":"20190518100616","is_ascension_mode":true,"campfire_choices":[{"floor":7,"key":"REST"},{"data":"Noxious Fumes","floor":10,"key":"SMITH"},{"data":"Catalyst","floor":15,"key":"SMITH"},{"floor":24,"key":"REST"}],"neow_cost":"NONE","seed_source_timestamp":2317476013970371,"circlet_count":0,"master_deck":["AscendersBane","Defend_G","Defend_G","Defend_G","Defend_G","Defend_G","Survivor","Neutralize","Calculated Gamble","Riddle With Holes","Noxious Fumes+1","PiercingWail","Catalyst+1","Bouncing Flask","PiercingWail","Dodge and Roll","Corpse Explosion","Night Terror+1","Grand Finale+1","Escape Plan","PiercingWail","Leg Sweep","Crippling Poison"],"relics":["Ring of the Snake","StoneCalendar","Lantern","Ninja Scroll","Mummified Hand","Astrolabe","Snake Skull","Pen Nib","Juzu Bracelet","Molten Egg 2","Enchiridion"],"potions_floor_usage":[8,28],"damage_taken":[{"damage":0,"enemies":"2 Louse","floor":1,"turns":3},{"damage":0,"enemies":"Jaw Worm","floor":3,"turns":6},{"damage":30,"enemies":"3 Sentries","floor":6,"turns":9},{"damage":5,"enemies":"Lagavulin","floor":8,"turns":7},{"damage":11,"enemies":"3 Sentries","floor":11,"turns":7},{"damage":0,"enemies":"Cultist","floor":13,"turns":3},{"damage":0,"enemies":"Looter","floor":14,"turns":3},{"damage":0,"enemies":"Hexaghost","floor":16,"turns":7},{"damage":9,"enemies":"Chosen","floor":18,"turns":4},{"damage":1,"enemies":"Spheric Guardian","floor":21,"turns":3},{"damage":13,"enemies":"Slavers","floor":23,"turns":3},{"damage":27,"enemies":"Book of Stabbing","floor":25,"turns":5},{"damage":6,"enemies":"Shelled Parasite and Fungi","floor":28,"turns":4}],"seed_played":"-3246209254940191109","potions_obtained":[{"floor":1,"key":"FearPotion"},{"floor":11,"key":"Weak Potion"},{"floor":14,"key":"Fire Potion"}],"is_trial":false,"path_per_floor":["M","?","M","?","$","E","R","E","T","R","E","?","M","M","R","B",null,"M","?","$","M","?","E","R","E","T","?","M"],"character_chosen":"THE_SILENT","items_purchased":["Noxious Fumes","PiercingWail","Snake Skull","Escape Plan","PiercingWail"],"campfire_rested":2,"item_purchase_floors":[5,5,20,20,20],"current_hp_per_floor":[59,59,59,52,52,22,41,36,36,36,25,25,25,25,25,25,56,47,47,47,46,46,33,52,25,25,4,0],"gold":233,"neow_bonus":"TRANSFORM_CARD","is_prod":false,"is_daily":false,"chose_seed":false,"campfire_upgraded":2,"win_rate":0,"timestamp":1558166776,"path_taken":["M","?","M","?","?","E","R","E","T","R","E","?","M","?","R","BOSS","M","?","?","M","?","E","R","E","T","?","M"],"build_version":"2019-05-07","purchased_purges":1,"victory":false,"max_hp_per_floor":[66,66,66,66,66,66,66,66,66,66,66,66,66,66,66,66,66,66,66,66,66,66,66,66,66,66,66,66],"card_choices":[{"not_picked":["Concentrate","Prepared","Acrobatics"],"picked":"SKIP","floor":1},{"not_picked":["Outmaneuver","Setup"],"picked":"Riddle With Holes","floor":3},{"not_picked":["Burst","A Thousand Cuts"],"picked":"Catalyst","floor":6},{"not_picked":["Leg Sweep","Cloak And Dagger"],"picked":"Bouncing Flask","floor":8},{"not_picked":["Dodge and Roll","Choke"],"picked":"PiercingWail","floor":11},{"not_picked":["Poisoned Stab","Acrobatics","Quick Slash"],"picked":"SKIP","floor":13},{"not_picked":["Dagger Throw","Finisher"],"picked":"Dodge and Roll","floor":14},{"not_picked":["Night Terror","A Thousand Cuts"],"picked":"Corpse Explosion","floor":16},{"not_picked":["Dagger Throw","Outmaneuver","Backstab"],"picked":"SKIP","floor":18},{"not_picked":["Bouncing Flask+1","Blur"],"picked":"Leg Sweep","floor":21},{"not_picked":["Skewer+1","Reflex","Dodge and Roll"],"picked":"SKIP","floor":23},{"not_picked":["Endless Agony","Deadly Poison+1","Deflect+1"],"picked":"SKIP","floor":25}],"player_experience":2023655,"relics_obtained":[{"floor":6,"key":"StoneCalendar"},{"floor":8,"key":"Lantern"},{"floor":9,"key":"Ninja Scroll"},{"floor":11,"key":"Mummified Hand"},{"floor":23,"key":"Pen Nib"},{"floor":25,"key":"Juzu Bracelet"},{"floor":26,"key":"Molten Egg 2"},{"floor":27,"key":"Enchiridion"}],"event_choices":[{"damage_healed":0,"gold_gain":0,"player_choice":"Ignored","damage_taken":0,"max_hp_gain":0,"max_hp_loss":0,"event_name":"Liars Game","floor":2,"gold_loss":0},{"cards_removed":["Strike_G"],"damage_healed":0,"gold_gain":0,"player_choice":"Card Removal","damage_taken":7,"max_hp_gain":0,"max_hp_loss":0,"event_name":"Golden Wing","floor":4,"gold_loss":0},{"damage_healed":0,"gold_gain":50,"player_choice":"Pray","damage_taken":0,"max_hp_gain":0,"max_hp_loss":0,"event_name":"Golden Shrine","floor":12,"gold_loss":0},{"damage_healed":0,"gold_gain":250,"player_choice":"Bet on Owner","damage_taken":0,"max_hp_gain":0,"max_hp_loss":0,"event_name":"The Joust","floor":19,"gold_loss":50},{"damage_healed":0,"gold_gain":0,"player_choice":"Read","damage_taken":0,"max_hp_gain":0,"max_hp_loss":0,"event_name":"The Library","floor":22,"gold_loss":0,"cards_obtained":["Crippling Poison"]},{"damage_healed":0,"gold_gain":0,"player_choice":"Obtained Book","damage_taken":21,"max_hp_gain":0,"max_hp_loss":0,"event_name":"Cursed Tome","floor":27,"gold_loss":0}],"is_beta":true,"boss_relics":[{"not_picked":["HoveringKite","Cursed Key"],"picked":"Astrolabe"}],"items_purged_floors":[20],"is_endless":false,"potions_floor_spawned":[1,11,14,21],"killed_by":"Shelled Parasite and Fungi","ascension_level":20}