{"gold_per_floor":[119,8,8,22,297,323,51,77,147,147,167,186,186,219,219,294,294,310,230,241,255,272,304,304,316,316,316,331,359,359,373,373,373],"floor_reached":33,"playtime":1477,"items_purged":["Regret"],"score":726,"play_id":"b3e5e295-1896-425b-97cf-3e5a47c1c83c","local_time":"20190506191726","is_ascension_mode":true,"campfire_choices":[{"data":"Glacier","floor":10,"key":"SMITH"},{"data":"Zap","floor":13,"key":"SMITH"},{"data":"Steam","floor":15,"key":"SMITH"},{"data":"Self Repair","floor":24,"key":"SMITH"},{"data":"1","floor":30,"key":"LIFT"},{"data":"2","floor":32,"key":"LIFT"}],"neow_cost":"NONE","seed_source_timestamp":1313418149041413,"circlet_count":0,"master_deck":["AscendersBane","Strike_B","Strike_B","Defend_B","Defend_B","Defend_B","Defend_B","Zap+1","Dualcast","Ball Lightning","Ball Lightning","Gash","Steam+1","Glacier+1","Compile Driver","Ball Lightning","Flash of Steel","FTL","Stack+1","Conserve Battery+1","Gash","Echo Form","Self Repair+1","Stack+1","White Noise+1","Heatsinks+1","Hologram+1","BootSequence+1","Redo+1","Storm","Coolheaded+1"],"relics":["Cracked Core","NeowsBlessing","PreservedInsect","Bag of Preparation","Toxic Egg 2","Gremlin Horn","Coffee Dripper","Girya","StoneCalendar","Mercury Hourglass"],"potions_floor_usage":[20,25,29],"damage_taken":[{"damage":0,"enemies":"Jaw Worm","floor":1,"turns":1},{"damage":0,"enemies":"Small Slimes","floor":4,"turns":1},{"damage":0,"enemies":"Gremlin Nob","floor":6,"turns":1},{"damage":14,"enemies":"Lagavulin","floor":8,"turns":4},{"damage":0,"enemies":"Cultist","floor":11,"turns":2},{"damage":0,"enemies":"Looter","floor":12,"turns":2},{"damage":0,"enemies":"Gremlin Nob","floor":14,"turns":2},{"damage":17,"enemies":"Slime Boss","floor":16,"turns":9},{"damage":4,"enemies":"Shell Parasite","floor":18,"turns":4},{"damage":8,"enemies":"2 Thieves","floor":19,"turns":4},{"damage":11,"enemies":"3 Cultists","floor":20,"turns":6},{"damage":11,"enemies":"Centurion and Healer","floor":21,"turns":3},{"damage":28,"enemies":"Snecko","floor":22,"turns":6},{"damage":0,"enemies":"Gremlin Leader","floor":23,"turns":7},{"damage":13,"enemies":"Shelled Parasite and Fungi","floor":25,"turns":5},{"damage":12,"enemies":"Centurion and Healer","floor":28,"turns":7},{"damage":33,"enemies":"Slavers","floor":29,"turns":7},{"damage":5,"enemies":"Snecko","floor":31,"turns":5},{"damage":24,"enemies":"Automaton","floor":33,"turns":2}],"seed_played":"-3401122803444170097","potions_obtained":[{"floor":11,"key":"SkillPotion"},{"floor":12,"key":"Block Potion"},{"floor":22,"key":"Poison Potion"},{"floor":23,"key":"LiquidBronze"},{"floor":25,"key":"FearPotion"},{"floor":29,"key":"SpeedPotion"}],"is_trial":false,"path_per_floor":["M","$","?","M","?","E","$","E","T","R","M","M","R","E","R","B",null,"M","M","M","M","M","E","R","M","T","?","M","E","R","M","R","B"],"character_chosen":"DEFECT","items_purchased":["Ball Lightning","Gash","Compile Driver","Ball Lightning","Flash of Steel"],"campfire_rested":0,"item_purchase_floors":[2,2,7,7,7],"current_hp_per_floor":[64,64,57,57,57,57,57,43,43,43,43,43,43,43,43,26,60,56,62,65,54,33,47,47,54,54,54,62,29,29,24,24,0],"gold":373,"neow_bonus":"THREE_ENEMY_KILL","is_prod":false,"is_daily":false,"chose_seed":false,"campfire_upgraded":4,"win_rate":0,"timestamp":1557163046,"path_taken":["M","$","?","M","?","E","$","E","T","R","M","M","R","E","R","BOSS","M","M","?","M","M","E","R","M","T","?","M","E","R","M","R","BOSS"],"build_version":"2019-04-23","purchased_purges":1,"victory":false,"max_hp_per_floor":[71,71,71,71,71,71,71,71,71,71,71,71,71,71,71,71,71,71,71,71,71,71,71,71,71,71,71,71,71,71,71,71,71],"card_choices":[{"not_picked":["Compile Driver","Leap"],"picked":"Ball Lightning","floor":1},{"not_picked":["Aggregate","Fusion"],"picked":"Steam","floor":4},{"not_picked":["Barrage","Sweeping Beam"],"picked":"Glacier","floor":6},{"not_picked":["Undo","Reinforced Body"],"picked":"FTL","floor":8},{"not_picked":["Coolheaded+1","Turbo+1"],"picked":"Stack+1","floor":11},{"not_picked":["Reprogram+1","Loop"],"picked":"Conserve Battery+1","floor":12},{"not_picked":["Consume+1","Hologram+1"],"picked":"Gash","floor":14},{"not_picked":["Electrodynamics","Hyperbeam"],"picked":"Echo Form","floor":16},{"not_picked":["Ball Lightning+1","Go for the Eyes"],"picked":"Self Repair","floor":18},{"not_picked":["Conserve Battery+1","Leap+1"],"picked":"Stack+1","floor":19},{"not_picked":["Go for the Eyes","Leap+1"],"picked":"White Noise+1","floor":20},{"not_picked":["White Noise+1","Cold Snap"],"picked":"Heatsinks+1","floor":21},{"not_picked":["Beam Cell","Barrage"],"picked":"Hologram+1","floor":22},{"not_picked":["Darkness+1","Barrage"],"picked":"BootSequence+1","floor":23},{"not_picked":["Beam Cell","Undo+1"],"picked":"Redo+1","floor":25},{"not_picked":["Rip and Tear","Thunder Strike"],"picked":"Storm","floor":28},{"not_picked":["Storm","Cold Snap","Fusion+1"],"picked":"SKIP","floor":29},{"not_picked":["Storm","Ball Lightning"],"picked":"Coolheaded+1","floor":31}],"player_experience":1544019,"relics_obtained":[{"floor":6,"key":"PreservedInsect"},{"floor":8,"key":"Bag of Preparation"},{"floor":9,"key":"Toxic Egg 2"},{"floor":14,"key":"Gremlin Horn"},{"floor":23,"key":"Girya"},{"floor":26,"key":"StoneCalendar"},{"floor":29,"key":"Mercury Hourglass"}],"event_choices":[{"cards_removed":["Strike_B"],"damage_healed":0,"gold_gain":0,"player_choice":"Card Removal","damage_taken":7,"max_hp_gain":0,"max_hp_loss":0,"event_name":"Golden Wing","floor":3,"gold_loss":0},{"damage_healed":0,"gold_gain":275,"player_choice":"Desecrate","damage_taken":0,"max_hp_gain":0,"max_hp_loss":0,"event_name":"Golden Shrine","floor":5,"gold_loss":0,"cards_obtained":["Regret"]},{"cards_removed":["Strike_B"],"damage_healed":0,"gold_gain":0,"player_choice":"Purged","damage_taken":0,"max_hp_gain":0,"max_hp_loss":0,"event_name":"Purifier","floor":27,"gold_loss":0}],"is_beta":true,"boss_relics":[{"not_picked":["FrozenCore","Black Star"],"picked":"Coffee Dripper"}],"items_purged_floors":[7],"is_endless":false,"potions_floor_spawned":[11,12,22,23,25,28,29,31],"killed_by":"Automaton","ascension_level":18}