{"gold_per_floor":[111,111,126,126,141,141,180,180,180,236,423,435,447,500,512,524],"floor_reached":16,"playtime":614,"items_purged":[],"score":139,"play_id":"f4699f0c-6e50-49f5-afaf-25fe583f3eb4","local_time":"20190423160136","is_ascension_mode":true,"campfire_choices":[{"data":"Dualcast","floor":6,"key":"SMITH"},{"floor":8,"key":"REST"},{"data":"Buffer","floor":12,"key":"SMITH"},{"floor":15,"key":"REST"}],"neow_cost":"NONE","seed_source_timestamp":179331750414391,"circlet_count":0,"master_deck":["Strike_B","Strike_B","Strike_B","Strike_B","Defend_B","Defend_B","Defend_B","Defend_B","Zap+1","Dualcast+1","Hologram","Steam","Reinforced Body","Buffer+1","Cold Snap+1"],"relics":["Cracked Core","Golden Idol","Molten Egg 2","MawBank","Bag of Marbles","Vajra"],"potions_floor_usage":[7,10,14],"damage_taken":[{"damage":2,"enemies":"Small Slimes","floor":1,"turns":4},{"damage":6,"enemies":"2 Louse","floor":3,"turns":3},{"damage":0,"enemies":"Jaw Worm","floor":5,"turns":3},{"damage":27,"enemies":"Lagavulin","floor":7,"turns":9},{"damage":16,"enemies":"3 Sentries","floor":10,"turns":9},{"damage":23,"enemies":"Gremlin Nob","floor":14,"turns":5},{"damage":42,"enemies":"Hexaghost","floor":16,"turns":14}],"seed_played":"3614774905294248241","potions_obtained":[{"floor":5,"key":"Weak Potion"},{"floor":7,"key":"FocusPotion"},{"floor":10,"key":"AttackPotion"}],"is_trial":false,"path_per_floor":["M","?","M","?","M","R","E","R","T","E","?","R","?","E","R","B"],"character_chosen":"DEFECT","items_purchased":[],"campfire_rested":2,"item_purchase_floors":[],"current_hp_per_floor":[80,80,74,54,54,54,27,51,51,35,35,35,35,12,36,0],"gold":524,"neow_bonus":"TEN_PERCENT_HP_BONUS","is_prod":false,"is_daily":false,"chose_seed":false,"campfire_upgraded":2,"win_rate":0,"timestamp":1556028096,"path_taken":["M","?","M","?","?","R","E","R","T","E","?","R","?","E","R","BOSS"],"build_version":"2019-04-21","purchased_purges":0,"victory":false,"max_hp_per_floor":[82,82,82,82,82,82,82,82,82,82,82,82,82,82,82,82],"card_choices":[{"not_picked":["Conserve Battery","White Noise"],"picked":"Hologram","floor":1},{"not_picked":["Double Energy","Lockon","Recycle"],"picked":"SKIP","floor":3},{"not_picked":["Reinforced Body","Chill"],"picked":"Steam","floor":5},{"not_picked":["Lockon","Hello World"],"picked":"Reinforced Body","floor":7},{"not_picked":["Auto Shields","Stack"],"picked":"Buffer","floor":10},{"not_picked":["Hello World","Turbo"],"picked":"Cold Snap+1","floor":14}],"player_experience":1168300,"relics_obtained":[{"floor":7,"key":"Molten Egg 2"},{"floor":9,"key":"MawBank"},{"floor":10,"key":"Bag of Marbles"},{"floor":14,"key":"Vajra"}],"event_choices":[{"damage_healed":0,"gold_gain":0,"player_choice":"Grow","damage_taken":0,"max_hp_gain":0,"max_hp_loss":0,"event_name":"Living Wall","floor":2,"gold_loss":0,"cards_upgraded":["Zap"]},{"damage_healed":0,"gold_gain":0,"player_choice":"Take Damage","damage_taken":20,"relics_obtained":["Golden Idol"],"max_hp_gain":0,"max_hp_loss":0,"event_name":"Golden Idol","floor":4,"gold_loss":0},{"damage_healed":0,"gold_gain":175,"player_choice":"AGREE","damage_taken":0,"max_hp_gain":0,"max_hp_loss":0,"event_name":"Liars Game","floor":11,"gold_loss":0,"cards_obtained":["Doubt"]},{"cards_removed":["Doubt"],"damage_healed":0,"gold_gain":0,"player_choice":"Removed Curses","damage_taken":0,"max_hp_gain":0,"max_hp_loss":0,"event_name":"Fountain of Cleansing","floor":13,"gold_loss":0}],"is_beta":true,"boss_relics":[],"items_purged_floors":[],"is_endless":false,"potions_floor_spawned":[5,7,10],"killed_by":"Hexaghost","ascension_level":4}