{"gold_per_floor":[115,115,115,115,190,221,239,256,256,256,267,295,308,258,258,357,357,374,24,43,43,43,43,62,96,123,143,242,260,293,310,310,409,409,425,425,13,86,105,131,131,161,161,177,177,187,11,11,11,11],"floor_reached":51,"playtime":3320,"items_purged":["Strike_B","Strike_B+1"],"score":1023,"play_id":"bf3bca7e-08ef-462a-b4cd-46487ef253e5","local_time":"20181031225642","is_ascension_mode":true,"campfire_choices":[{"data":"Coolheaded","floor":10,"key":"SMITH"},{"data":"Buffer","floor":15,"key":"SMITH"},{"floor":23,"key":"REST"},{"floor":32,"key":"REST"},{"floor":41,"key":"REST"},{"floor":45,"key":"REST"},{"floor":49,"key":"REST"}],"neow_cost":"NONE","seed_source_timestamp":213057489135738,"circlet_count":0,"master_deck":["Strike_B+1","Defend_B+1","Defend_B+1","Defend_B+1","Defend_B+1","Zap","Dualcast","Leap+1","Reprogram","Coolheaded+1","Doom and Gloom+1","Sweeping Beam+1","Buffer+1","Multi-Cast+1","Chaos+1","Defragment","Skim+1","Streamline+1","FTL+1","Sunder+1","Ball Lightning+1","Compile Driver+1","Loop+1","Echo Form","Conserve Battery+1","Transmutation+1","Hologram+1","Melter+1","Lockon+1","Discovery+1","Mind Blast+1"],"relics":["Cracked Core","NeowsBlessing","Molten Egg 2","Toxic Egg 2","Mercury Hourglass","Fusion Hammer","Bronze Scales","Blood Vial","Whetstone","Ornamental Fan","Black Star","PreservedInsect","Shuriken","Ancient Tea Set","Potion Belt","Centennial Puzzle","Art of War","Question Card"],"potions_floor_usage":[12,16,29,30,30,33,33,40,44,50,50],"damage_taken":[{"damage":0,"enemies":"Small Slimes","floor":1,"turns":1},{"damage":0,"enemies":"3 Sentries","floor":6,"turns":1},{"damage":0,"enemies":"Jaw Worm","floor":7,"turns":1},{"damage":0,"enemies":"2 Louse","floor":8,"turns":1},{"damage":25,"enemies":"Exordium Thugs","floor":11,"turns":8},{"damage":2,"enemies":"Lagavulin","floor":12,"turns":5},{"damage":8,"enemies":"Large Slime","floor":13,"turns":4},{"damage":0,"enemies":"The Guardian","floor":16,"turns":10},{"damage":20,"enemies":"2 Thieves","floor":18,"turns":2},{"damage":0,"enemies":"Chosen","floor":20,"turns":3},{"damage":6,"enemies":"Centurion and Healer","floor":24,"turns":3},{"damage":23,"enemies":"Slavers","floor":25,"turns":5},{"damage":0,"enemies":"Snake Plant","floor":27,"turns":4},{"damage":0,"enemies":"Snecko","floor":29,"turns":4},{"damage":0,"enemies":"Book of Stabbing","floor":30,"turns":5},{"damage":0,"enemies":"Centurion and Healer","floor":31,"turns":3},{"damage":0,"enemies":"Champ","floor":33,"turns":7},{"damage":7,"enemies":"3 Shapes","floor":35,"turns":4},{"damage":15,"enemies":"Orb Walker","floor":39,"turns":3},{"damage":37,"enemies":"Nemesis","floor":40,"turns":6},{"damage":1,"enemies":"Giant Head","floor":42,"turns":9},{"damage":12,"enemies":"3 Darklings","floor":44,"turns":3},{"damage":14,"enemies":"Transient","floor":46,"turns":5},{"damage":42,"enemies":"Donu and Deca","floor":50,"turns":7}],"seed_played":"787405849697095715","potions_obtained":[{"floor":6,"key":"Weak Potion"},{"floor":12,"key":"SkillPotion"},{"floor":13,"key":"Weak Potion"},{"floor":18,"key":"Swift Potion"},{"floor":20,"key":"Ancient Potion"},{"floor":27,"key":"SkillPotion"},{"floor":30,"key":"Ancient Potion"},{"floor":31,"key":"Swift Potion"},{"floor":33,"key":"Strength Potion"},{"floor":35,"key":"Energy Potion"},{"floor":36,"key":"Poison Potion"},{"floor":39,"key":"Swift Potion"},{"floor":40,"key":"FocusPotion"}],"is_trial":false,"path_per_floor":["M","?","?","?","?","E","M","M","T","R","M","E","M","?","R","B",null,"M","$","M","?","?","R","M","E","T","M","?","M","E","M","R","B",null,"M","?","$","T","M","E","R","E","T","M","R","M","$","?","R","B",null],"character_chosen":"DEFECT","items_purchased":["Defragment","Skim+1","Bronze Scales","PreservedInsect","Transmutation+1","Discovery+1","FocusPotion"],"campfire_rested":5,"item_purchase_floors":[19,19,19,37,37,47,47],"current_hp_per_floor":[75,75,75,80,69,69,69,69,69,69,44,42,34,34,34,34,80,60,60,60,60,60,80,74,51,51,53,53,55,57,59,80,80,80,73,73,73,73,60,25,49,50,50,40,64,52,52,52,76,36],"gold":11,"neow_bonus":"THREE_ENEMY_KILL","is_prod":false,"is_daily":false,"chose_seed":false,"campfire_upgraded":2,"win_rate":0,"timestamp":1541023002,"path_taken":["M","?","?","?","?","E","M","M","T","R","M","E","M","?","R","BOSS","M","$","M","?","?","R","M","E","T","M","?","M","E","M","R","BOSS","M","?","$","?","M","E","R","E","T","M","R","M","$","?","R","BOSS"],"build_version":"2018-10-30","purchased_purges":2,"victory":true,"max_hp_per_floor":[75,75,75,80,80,80,80,80,80,80,80,80,80,80,80,80,80,80,80,80,80,80,80,80,80,80,80,80,80,80,80,80,80,80,80,80,80,80,80,80,80,80,80,80,80,80,80,80,80,80],"card_choices":[{"not_picked":["Compile Driver","Gash"],"picked":"Leap","floor":1},{"not_picked":["Scrape","Recycle"],"picked":"Reprogram","floor":6},{"not_picked":["Leap","Reinforced Body","Undo"],"picked":"SKIP","floor":7},{"not_picked":["Hologram","Skim"],"picked":"Coolheaded","floor":8},{"not_picked":["Barrage+1","Reinforced Body+1"],"picked":"Doom and Gloom+1","floor":11},{"not_picked":["Rebound+1","Steam+1"],"picked":"Sweeping Beam+1","floor":12},{"not_picked":["Redo+1","Gash+1"],"picked":"Buffer","floor":13},{"not_picked":["Rainbow+1","Thunder Strike+1"],"picked":"Multi-Cast+1","floor":16},{"not_picked":["Compile Driver+1","Scrape+1"],"picked":"Chaos+1","floor":18},{"not_picked":["Skim+1","Rebound+1"],"picked":"Streamline+1","floor":20},{"not_picked":["Gash+1","Blizzard+1"],"picked":"FTL+1","floor":24},{"not_picked":["Ball Lightning+1","Blizzard+1"],"picked":"Sunder+1","floor":25},{"not_picked":["Gash+1","Sweeping Beam+1","Steam+1"],"picked":"SKIP","floor":27},{"not_picked":["Static Discharge","Steam+1"],"picked":"Ball Lightning+1","floor":29},{"not_picked":["Gash+1","Force Field+1"],"picked":"Compile Driver+1","floor":30},{"not_picked":["Coolheaded+1","Static Discharge"],"picked":"Loop+1","floor":31},{"not_picked":["All For One+1","Electrodynamics"],"picked":"Echo Form","floor":33},{"not_picked":["Stack+1","Steam+1"],"picked":"Conserve Battery+1","floor":35},{"not_picked":["Turbo+1","Barrage+1","Cold Snap+1"],"picked":"SKIP","floor":39},{"not_picked":["Aggregate+1","Streamline+1"],"picked":"Hologram+1","floor":40},{"not_picked":["Beam Cell+1","Storm+1","Aggregate+1"],"picked":"SKIP","floor":42},{"not_picked":["Barrage+1","Steam+1","Ball Lightning+1"],"picked":"Melter+1","floor":44},{"not_picked":["Streamline+1","Multi-Cast+1","Coolheaded+1"],"picked":"Lockon+1","floor":46},{"not_picked":["Impatience+1","Dramatic Entrance+1","Jack Of All Trades+1"],"picked":"Mind Blast+1","floor":48}],"player_experience":190592,"relics_obtained":[{"floor":6,"key":"Molten Egg 2"},{"floor":9,"key":"Toxic Egg 2"},{"floor":12,"key":"Mercury Hourglass"},{"floor":25,"key":"Blood Vial"},{"floor":26,"key":"Whetstone"},{"floor":30,"key":"Ornamental Fan"},{"floor":38,"key":"Shuriken"},{"floor":40,"key":"Ancient Tea Set"},{"floor":40,"key":"Potion Belt"},{"floor":42,"key":"Centennial Puzzle"},{"floor":42,"key":"Art of War"},{"floor":43,"key":"Question Card"}],"event_choices":[{"damage_healed":0,"gold_gain":0,"player_choice":"Ignored","damage_taken":0,"max_hp_gain":0,"max_hp_loss":0,"event_name":"Golden Wing","floor":2,"gold_loss":0},{"damage_healed":0,"gold_gain":0,"player_choice":"Grow","damage_taken":0,"max_hp_gain":0,"max_hp_loss":0,"event_name":"Living Wall","floor":3,"gold_loss":0,"cards_upgraded":["Leap"]},{"damage_healed":0,"gold_gain":0,"player_choice":"Donut","damage_taken":0,"max_hp_gain":5,"max_hp_loss":0,"event_name":"Big Fish","floor":4,"gold_loss":0},{"damage_healed":0,"gold_gain":75,"player_choice":"Gather Gold","damage_taken":11,"max_hp_gain":0,"max_hp_loss":0,"event_name":"World of Goop","floor":5,"gold_loss":0},{"cards_removed":["Strike_B"],"damage_healed":0,"gold_gain":0,"player_choice":"Card Removal","damage_taken":0,"max_hp_gain":0,"max_hp_loss":0,"event_name":"The Cleric","floor":14,"gold_loss":50},{"damage_healed":0,"gold_gain":0,"player_choice":"Simplicity","damage_taken":0,"max_hp_gain":0,"max_hp_loss":0,"event_name":"Back to Basics","floor":21,"gold_loss":0,"cards_upgraded":["Strike_B","Strike_B","Defend_B","Defend_B","Defend_B","Defend_B"]},{"damage_healed":0,"gold_gain":0,"player_choice":"Ignored","damage_taken":0,"max_hp_gain":0,"max_hp_loss":0,"event_name":"Cursed Tome","floor":22,"gold_loss":0},{"damage_healed":0,"gold_gain":99,"player_choice":"Stole From Cult","damage_taken":0,"max_hp_gain":0,"max_hp_loss":0,"event_name":"Nest","floor":28,"gold_loss":0},{"damage_healed":0,"gold_gain":0,"player_choice":"Got Potions","damage_taken":0,"max_hp_gain":0,"max_hp_loss":0,"event_name":"Lab","floor":36,"gold_loss":0},{"damage_healed":0,"gold_gain":0,"player_choice":"Memory 1","damage_taken":0,"max_hp_gain":0,"max_hp_loss":0,"event_name":"SensoryStone","floor":48,"gold_loss":0}],"is_beta":true,"boss_relics":[{"not_picked":["FrozenCore","Calling Bell"],"picked":"Fusion Hammer"},{"not_picked":["Busted Crown","Astrolabe"],"picked":"Black Star"}],"items_purged_floors":[19,37],"is_endless":false,"potions_floor_spawned":[6,12,13,18,20,27,30,31,33,35,39,40],"ascension_level":1}