{"gold_per_floor":[113,113,113,113,136,179,179,252,279,303,336,336,61,61,61,150,150,164,184,223,148,148,148,179,179,179,215,215,230,230,145,145,241,241,266,266],"floor_reached":36,"playtime":1614,"items_purged":["Strike_R"],"score":930,"play_id":"eb8abdc3-ffcc-4cb4-baae-3cf469dba891","local_time":"20190510131514","is_ascension_mode":true,"campfire_choices":[{"data":"Rampage","floor":7,"key":"SMITH"},{"data":"Iron Wave","floor":12,"key":"SMITH"},{"floor":15,"key":"REST"},{"data":"Uppercut","floor":23,"key":"SMITH"},{"floor":25,"key":"REST"},{"data":"Iron Wave","floor":28,"key":"SMITH"},{"floor":30,"key":"REST"},{"data":"Inflame","floor":32,"key":"SMITH"}],"neow_cost":"NONE","seed_source_timestamp":1637148765569474,"circlet_count":0,"master_deck":["AscendersBane","Strike_R","Strike_R","Strike_R","Defend_R","Defend_R","Defend_R","Defend_R","Bash+1","Rampage+1","Iron Wave+1","Iron Wave+1","Pommel Strike","Feed","Disarm+1","Shrug It Off+1","Armaments+1","Uppercut+1","Limit Break+1","Inflame+1","Seeing Red+1","Limit Break+1","Iron Wave","Limit Break+1","Thunderclap","Demon Form"],"relics":["Burning Blood","NeowsBlessing","Golden Idol","Bag of Preparation","Toxic Egg 2","Tiny Chest","Happy Flower","Gambling Chip","Shovel","Sozu","Red Mask","Letter Opener","Juzu Bracelet","Calipers","Potion Belt","Busted Crown"],"potions_floor_usage":[11,20],"damage_taken":[{"damage":0,"enemies":"Small Slimes","floor":1,"turns":1},{"damage":0,"enemies":"2 Louse","floor":5,"turns":1},{"damage":0,"enemies":"Lagavulin","floor":6,"turns":1},{"damage":30,"enemies":"3 Sentries","floor":8,"turns":12},{"damage":1,"enemies":"Cultist","floor":10,"turns":3},{"damage":3,"enemies":"Gremlin Nob","floor":11,"turns":3},{"damage":27,"enemies":"The Guardian","floor":16,"turns":11},{"damage":6,"enemies":"3 Byrds","floor":18,"turns":8},{"damage":17,"enemies":"Chosen","floor":19,"turns":5},{"damage":13,"enemies":"Masked Bandits","floor":20,"turns":5},{"damage":39,"enemies":"Gremlin Leader","floor":24,"turns":7},{"damage":21,"enemies":"Book of Stabbing","floor":27,"turns":5},{"damage":11,"enemies":"Centurion and Healer","floor":29,"turns":7},{"damage":27,"enemies":"Automaton","floor":33,"turns":9},{"damage":29,"enemies":"3 Shapes","floor":35,"turns":4},{"damage":93,"enemies":"2 Orb Walkers","floor":36,"turns":4}],"seed_played":"3200537182322081632","potions_obtained":[{"floor":5,"key":"FairyPotion"},{"floor":6,"key":"Poison Potion"},{"floor":16,"key":"AttackPotion"}],"is_trial":false,"path_per_floor":["M","?","?","?","M","E","R","E","T","M","E","R","$","T","R","B",null,"M","M","?","?","?","R","E","R","T","E","R","M","R","?","R","B",null,"M","?"],"character_chosen":"IRONCLAD","items_purchased":["Shrug It Off+1","Armaments+1","Uppercut"],"campfire_rested":3,"item_purchase_floors":[13,13,13],"current_hp_per_floor":[74,48,30,30,36,42,42,18,18,23,29,29,29,29,52,34,69,72,61,57,57,57,57,27,54,54,39,39,38,66,66,66,45,82,62,0],"gold":266,"neow_bonus":"THREE_ENEMY_KILL","is_prod":false,"is_daily":false,"chose_seed":false,"campfire_upgraded":5,"win_rate":0,"timestamp":1557486914,"path_taken":["M","?","?","?","?","E","R","E","T","M","E","R","$","?","R","BOSS","M","M","?","?","?","R","E","R","T","E","R","M","R","?","R","BOSS","M","?"],"build_version":"2019-05-07","purchased_purges":1,"victory":false,"max_hp_per_floor":[75,75,75,75,75,75,75,75,75,75,78,78,78,78,78,81,81,84,84,87,87,87,87,90,90,90,90,90,94,94,94,94,94,94,97,97],"card_choices":[{"not_picked":["Clash","Warcry"],"picked":"Rampage","floor":1},{"not_picked":["Havoc","Flex"],"picked":"Iron Wave","floor":5},{"not_picked":["Heavy Blade","Sword Boomerang"],"picked":"Iron Wave","floor":6},{"not_picked":["Sword Boomerang","Metallicize"],"picked":"Pommel Strike","floor":8},{"not_picked":["Flame Barrier+1","Whirlwind"],"picked":"Feed","floor":10},{"not_picked":["Armaments+1","Blood for Blood"],"picked":"Disarm+1","floor":11},{"not_picked":["Dark Embrace","Barricade"],"picked":"Limit Break+1","floor":16},{"not_picked":["Cleave","Anger"],"picked":"Inflame","floor":18},{"not_picked":["Body Slam","True Grit+1","Sever Soul"],"picked":"SKIP","floor":19},{"not_picked":["Thunderclap","Perfected Strike"],"picked":"Seeing Red+1","floor":20},{"not_picked":["Heavy Blade","Rage+1"],"picked":"Iron Wave","floor":24},{"not_picked":["Seeing Red+1","Clash"],"picked":"Limit Break+1","floor":27},{"not_picked":["Perfected Strike","Clash"],"picked":"Thunderclap","floor":29},{"not_picked":["Feed","Berserk"],"picked":"Demon Form","floor":33},{"not_picked":["Rampage+1"],"picked":"SKIP","floor":35}],"player_experience":1698276,"relics_obtained":[{"floor":6,"key":"Toxic Egg 2"},{"floor":8,"key":"Tiny Chest"},{"floor":9,"key":"Happy Flower"},{"floor":11,"key":"Gambling Chip"},{"floor":14,"key":"Shovel"},{"floor":20,"key":"Red Mask"},{"floor":24,"key":"Letter Opener"},{"floor":26,"key":"Juzu Bracelet"},{"floor":27,"key":"Calipers"}],"event_choices":[{"damage_healed":0,"gold_gain":0,"player_choice":"Take Damage","damage_taken":26,"relics_obtained":["Golden Idol"],"max_hp_gain":0,"max_hp_loss":0,"event_name":"Golden Idol","floor":2,"gold_loss":0},{"damage_healed":0,"gold_gain":0,"player_choice":"Success","damage_taken":18,"relics_obtained":["Bag of Preparation"],"max_hp_gain":0,"max_hp_loss":0,"event_name":"Scrap Ooze","floor":3,"gold_loss":0},{"damage_healed":0,"gold_gain":0,"player_choice":"Forge","damage_taken":0,"max_hp_gain":0,"max_hp_loss":0,"event_name":"Accursed Blacksmith","floor":4,"gold_loss":0,"cards_upgraded":["Bash"]},{"damage_healed":0,"gold_gain":0,"player_choice":"Fought Bandits","damage_taken":0,"max_hp_gain":0,"max_hp_loss":0,"event_name":"Masked Bandits","floor":20,"gold_loss":0},{"cards_removed":["Strike_R"],"damage_healed":0,"gold_gain":0,"player_choice":"Gave Gold","damage_taken":0,"max_hp_gain":0,"max_hp_loss":0,"event_name":"Beggar","floor":21,"gold_loss":75},{"damage_healed":0,"gold_gain":0,"player_choice":"Copied","damage_taken":0,"max_hp_gain":0,"max_hp_loss":0,"event_name":"Duplicator","floor":22,"gold_loss":0,"cards_obtained":["Limit Break"]},{"damage_healed":0,"gold_gain":0,"player_choice":"Obtained Relic","damage_taken":0,"relics_obtained":["Potion Belt"],"max_hp_gain":0,"max_hp_loss":0,"event_name":"Addict","floor":31,"gold_loss":85},{"damage_healed":0,"gold_gain":0,"player_choice":"Fight","damage_taken":0,"max_hp_gain":0,"max_hp_loss":0,"event_name":"Mysterious Sphere","floor":36,"gold_loss":0}],"is_beta":true,"boss_relics":[{"not_picked":["Cursed Key","Black Star"],"picked":"Sozu"},{"not_picked":["Coffee Dripper","Tiny House"],"picked":"Busted Crown"}],"items_purged_floors":[13],"is_endless":false,"potions_floor_spawned":[5,6,16,18,19,20,33],"killed_by":"2 Orb Walkers","ascension_level":19}