{"gold_per_floor":[117,128,138,138,138,138,164,164,164,179,179,212,212,223,223,299,299,310,161,179,179,193,193,193],"floor_reached":24,"playtime":774,"items_purged":["Pain"],"score":402,"play_id":"bf7ab594-b14c-4838-b531-ecfa8a6a4f82","local_time":"20190510195824","is_ascension_mode":true,"campfire_choices":[{"data":"Bash","floor":6,"key":"SMITH"},{"data":"Perfected Strike","floor":8,"key":"SMITH"},{"data":"Flame Barrier","floor":11,"key":"SMITH"},{"data":"Iron Wave","floor":15,"key":"SMITH"},{"floor":23,"key":"REST"}],"neow_cost":"NONE","seed_source_timestamp":1662179259483461,"circlet_count":0,"master_deck":["AscendersBane","Strike_R+1","Strike_R","Strike_R","Strike_R+1","Strike_R","Defend_R","Defend_R","Defend_R","Defend_R","Bash+1","Perfected Strike+1","Infernal Blade","Flame Barrier+1","Iron Wave+1","Wild Strike","Reaper","True Grit","Evolve","RitualDagger","Battle Trance"],"relics":["Burning Blood","NeowsBlessing","StoneCalendar","Whetstone","Dead Branch","Mango","WarpedTongs","Fusion Hammer"],"potions_floor_usage":[12,22,22],"damage_taken":[{"damage":0,"enemies":"2 Louse","floor":1,"turns":1},{"damage":0,"enemies":"Small Slimes","floor":2,"turns":1},{"damage":0,"enemies":"Cultist","floor":3,"turns":1},{"damage":32,"enemies":"Gremlin Nob","floor":7,"turns":4},{"damage":0,"enemies":"Exordium Wildlife","floor":10,"turns":2},{"damage":27,"enemies":"Lagavulin","floor":12,"turns":6},{"damage":11,"enemies":"Gremlin Gang","floor":14,"turns":4},{"damage":37,"enemies":"The Guardian","floor":16,"turns":14},{"damage":27,"enemies":"2 Thieves","floor":18,"turns":5},{"damage":22,"enemies":"Spheric Guardian","floor":20,"turns":4},{"damage":23,"enemies":"Cultist and Chosen","floor":22,"turns":6},{"damage":78,"enemies":"Gremlin Leader","floor":24,"turns":5}],"seed_played":"7535638288324638377","potions_obtained":[{"floor":1,"key":"Regen Potion"},{"floor":7,"key":"EssenceOfSteel"},{"floor":16,"key":"Energy Potion"},{"floor":18,"key":"PowerPotion"}],"is_trial":false,"path_per_floor":["M","M","M","?","?","R","E","R","T","M","R","E","?","M","R","B",null,"M","$","M","?","M","R","E"],"character_chosen":"IRONCLAD","items_purchased":["Evolve"],"campfire_rested":1,"item_purchase_floors":[19],"current_hp_per_floor":[74,75,75,80,80,80,54,54,54,60,60,53,53,48,48,17,75,54,54,42,36,29,57,0],"gold":193,"neow_bonus":"THREE_ENEMY_KILL","is_prod":false,"is_daily":false,"chose_seed":false,"campfire_upgraded":4,"win_rate":0,"timestamp":1557511104,"path_taken":["M","M","M","?","?","R","E","R","T","?","R","E","?","M","R","BOSS","M","$","?","?","M","R","E"],"build_version":"2019-05-07","purchased_purges":1,"victory":false,"max_hp_per_floor":[75,75,75,80,80,80,80,80,80,80,80,94,94,94,94,94,94,94,94,94,94,94,94,94],"card_choices":[{"not_picked":["Bloodletting","Sword Boomerang"],"picked":"Perfected Strike","floor":1},{"not_picked":["Sentinel","Body Slam","Flex"],"picked":"SKIP","floor":2},{"not_picked":["Sword Boomerang","Burning Pact"],"picked":"Infernal Blade","floor":3},{"not_picked":["Heavy Blade","Rupture","Sword Boomerang"],"picked":"SKIP","floor":7},{"not_picked":["Anger","Sever Soul"],"picked":"Flame Barrier","floor":10},{"not_picked":["Armaments","Reckless Charge"],"picked":"Iron Wave","floor":12},{"not_picked":["Uppercut","Burning Pact"],"picked":"Wild Strike","floor":14},{"not_picked":["Exhume","Dark Embrace"],"picked":"Reaper","floor":16},{"not_picked":["Rage","Carnage"],"picked":"True Grit","floor":18},{"not_picked":["Headbutt","Anger+1","Intimidate"],"picked":"SKIP","floor":20},{"not_picked":["Shrug It Off","Seeing Red"],"picked":"Battle Trance","floor":22}],"player_experience":1722196,"relics_obtained":[{"floor":7,"key":"Whetstone"},{"floor":9,"key":"Dead Branch"},{"floor":12,"key":"Mango"}],"event_choices":[{"damage_healed":0,"gold_gain":0,"player_choice":"Donut","damage_taken":0,"max_hp_gain":5,"max_hp_loss":0,"event_name":"Big Fish","floor":4,"gold_loss":0},{"damage_healed":0,"gold_gain":0,"player_choice":"Gave Potion","damage_taken":0,"relics_obtained":["StoneCalendar"],"max_hp_gain":0,"max_hp_loss":0,"event_name":"WeMeetAgain","floor":5,"gold_loss":0},{"damage_healed":0,"gold_gain":0,"player_choice":"Rummage","damage_taken":0,"relics_obtained":["WarpedTongs"],"max_hp_gain":0,"max_hp_loss":0,"event_name":"Accursed Blacksmith","floor":13,"gold_loss":0,"cards_obtained":["Pain"]},{"damage_healed":0,"gold_gain":0,"player_choice":"Joined the Cult","damage_taken":6,"max_hp_gain":0,"max_hp_loss":0,"event_name":"Nest","floor":21,"gold_loss":0,"cards_obtained":["RitualDagger"]}],"is_beta":true,"boss_relics":[{"not_picked":["Black Star","Velvet Choker"],"picked":"Fusion Hammer"}],"items_purged_floors":[19],"is_endless":false,"potions_floor_spawned":[1,7,16,18,20],"killed_by":"Gremlin Leader","ascension_level":19}