{"gold_per_floor":[115,8,26,26,26,56,82,82,82,16,91,110,136,7,7,7],"floor_reached":16,"playtime":585,"items_purged":["Decay"],"score":255,"play_id":"ca180573-b29d-43b0-bcfa-9b9a6a9d06bc","local_time":"20190511192127","is_ascension_mode":true,"campfire_choices":[{"data":"Sunder","floor":8,"key":"SMITH"},{"floor":15,"key":"REST"}],"neow_cost":"NONE","seed_source_timestamp":1746551149060447,"circlet_count":0,"master_deck":["AscendersBane","Strike_B","Strike_B","Strike_B","Strike_B","Defend_B","Defend_B","Defend_B","Defend_B","Zap","Dualcast","Compile Driver","Self Repair","Stack","Gash","Genetic Algorithm","Sunder+1","Self Repair","Gash","Coolheaded","Leap","Compile Driver"],"relics":["Cracked Core","NeowsBlessing","Orichalcum","Odd Mushroom","The Courier","Mummified Hand"],"potions_floor_usage":[13,13,16],"damage_taken":[{"damage":0,"enemies":"Small Slimes","floor":1,"turns":1},{"damage":0,"enemies":"Cultist","floor":3,"turns":1},{"damage":0,"enemies":"Lagavulin","floor":6,"turns":1},{"damage":25,"enemies":"The Mushroom Lair","floor":7,"turns":6},{"damage":0,"enemies":"2 Louse","floor":12,"turns":2},{"damage":19,"enemies":"Gremlin Nob","floor":13,"turns":5},{"damage":46,"enemies":"The Guardian","floor":16,"turns":13}],"seed_played":"-6037672318820014473","potions_obtained":[{"floor":1,"key":"Block Potion"},{"floor":6,"key":"EssenceOfSteel"},{"floor":13,"key":"EssenceOfSteel"}],"is_trial":false,"path_per_floor":["M","$","M","?","$","E","?","R","T","$","?","M","E","$","R","B"],"character_chosen":"DEFECT","items_purchased":["Self Repair","Stack","Self Repair","Leap","Compile Driver"],"campfire_rested":1,"item_purchase_floors":[2,2,10,14,14],"current_hp_per_floor":[64,64,64,64,64,64,46,46,46,46,35,35,23,23,44,0],"gold":7,"neow_bonus":"THREE_ENEMY_KILL","is_prod":false,"is_daily":false,"chose_seed":false,"campfire_upgraded":1,"win_rate":0,"timestamp":1557595287,"path_taken":["M","$","M","?","?","E","?","R","T","$","?","M","E","$","R","BOSS"],"build_version":"2019-05-07","purchased_purges":1,"victory":false,"max_hp_per_floor":[71,71,71,71,71,71,71,71,71,71,71,71,71,71,71,71],"card_choices":[{"not_picked":["Loop","Leap"],"picked":"Compile Driver","floor":1},{"not_picked":["Hologram","Beam Cell"],"picked":"Gash","floor":3},{"not_picked":["Stack","Loop"],"picked":"Genetic Algorithm","floor":6},{"not_picked":["Thunder Strike","Double Energy"],"picked":"Sunder","floor":7},{"not_picked":["Hologram","BootSequence"],"picked":"Gash","floor":12},{"not_picked":["Sweeping Beam","Steam Power"],"picked":"Coolheaded","floor":13}],"player_experience":1781805,"relics_obtained":[{"floor":6,"key":"Orichalcum"},{"floor":7,"key":"Odd Mushroom"},{"floor":9,"key":"The Courier"},{"floor":13,"key":"Mummified Hand"}],"event_choices":[{"damage_healed":0,"gold_gain":0,"player_choice":"Cursed","damage_taken":0,"max_hp_gain":0,"max_hp_loss":0,"event_name":"Wheel of Change","floor":4,"gold_loss":0,"cards_obtained":["Decay"]},{"damage_healed":0,"gold_gain":0,"player_choice":"Fought Mushrooms","damage_taken":0,"max_hp_gain":0,"max_hp_loss":0,"event_name":"Mushrooms","floor":7,"gold_loss":0},{"damage_healed":0,"gold_gain":75,"player_choice":"Gather Gold","damage_taken":11,"max_hp_gain":0,"max_hp_loss":0,"event_name":"World of Goop","floor":11,"gold_loss":0}],"is_beta":true,"boss_relics":[],"items_purged_floors":[14],"is_endless":false,"potions_floor_spawned":[1,6,13],"killed_by":"The Guardian","ascension_level":19}