{"gold_per_floor":[116,116,136,30,30,30,62,36,36,1,15,28,28,45,45,150,150,131,142,142,38,52,52,52,63,63,63,29,29,29,44,44,44],"floor_reached":33,"playtime":2483,"items_purged":[],"score":269,"play_id":"746bdb98-2bfa-4f02-919e-1461bfd6deef","local_time":"20180624005825","is_ascension_mode":false,"campfire_choices":[{"data":"Rage","floor":6,"key":"SMITH"},{"data":"Armaments","floor":13,"key":"SMITH"},{"data":"Infernal Blade","floor":15,"key":"SMITH"},{"data":"Armaments","floor":23,"key":"SMITH"},{"data":"Shockwave","floor":30,"key":"SMITH"},{"floor":32,"key":"REST"}],"neow_cost":"CURSE","seed_source_timestamp":20360415228871,"circlet_count":0,"master_deck":["Defend_R","Defend_R","Defend_R","Defend_R","Bash","Headbutt","Rage+1","Madness","Feed","Armaments+1","Armaments+1","Flame Barrier","Shockwave+1","Infernal Blade+1","Impervious","Clash","Ghostly Armor","Bite","Bite","Bite","Bite","Bite","Bandage Up","Whirlwind+1","Twin Strike","Bash","Feed","Intimidate","Sword Boomerang","Dropkick"],"relics":["Burning Blood","Spirit Poop","Dream Catcher","Potion Belt","Velvet Choker","Ornamental Fan","Anchor"],"potions_floor_usage":[16,16,33,33,33],"damage_taken":[{"damage":5,"enemies":"Cultist","floor":1,"turns":4},{"damage":11,"enemies":"Jaw Worm","floor":3,"turns":4},{"damage":66,"enemies":"Gremlin Nob","floor":7,"turns":6},{"damage":2,"enemies":"2 Louse","floor":11,"turns":5},{"damage":11,"enemies":"Red Slaver","floor":12,"turns":7},{"damage":5,"enemies":"2 Fungi Beasts","floor":14,"turns":14},{"damage":22,"enemies":"The Guardian","floor":16,"turns":13},{"damage":16,"enemies":"2 Thieves","floor":18,"turns":4},{"damage":55,"enemies":"Chosen","floor":19,"turns":10},{"damage":9,"enemies":"Slaver and Parasite","floor":22,"turns":8},{"damage":13,"enemies":"Centurion and Healer","floor":25,"turns":8},{"damage":24,"enemies":"3 Cultists","floor":31,"turns":5},{"damage":127,"enemies":"Champ","floor":33,"turns":17}],"seed_played":"-7805602263397525835","potions_obtained":[{"floor":1,"key":"Dexterity Potion"},{"floor":12,"key":"FearPotion"},{"floor":16,"key":"Energy Potion"},{"floor":25,"key":"LiquidBronze"},{"floor":31,"key":"Explosive Potion"}],"is_trial":false,"path_per_floor":["M","?","M","$","?","R","E","$","T","?","M","M","R","M","R","B",null,"M","M","?","$","M","R","?","M","T","?","$","?","R","M","R"],"character_chosen":"IRONCLAD","items_purchased":["Madness","Armaments","Bandage Up","Intimidate"],"campfire_rested":1,"item_purchase_floors":[4,8,21,28],"current_hp_per_floor":[96,93,88,88,88,88,28,28,28,51,58,53,53,57,57,45,103,93,44,44,44,71,71,71,80,80,80,80,80,80,66,84,0],"gold":44,"neow_bonus":"TWENTY_PERCENT_HP_BONUS","is_prod":false,"is_daily":false,"chose_seed":false,"campfire_upgraded":5,"win_rate":0.0,"timestamp":1529816305,"path_taken":["M","?","M","$","?","R","E","$","T","?","?","M","R","M","R","BOSS","M","M","?","$","?","R","?","M","T","?","$","?","R","M","R","BOSS"],"build_version":"2018-06-21v2","purchased_purges":0,"victory":false,"max_hp_per_floor":[96,93,93,93,93,93,93,93,93,93,96,96,96,99,99,103,103,103,103,72,72,76,76,76,80,80,80,80,80,80,84,84,84],"card_choices":[{"not_picked":["Disarm","Burning Pact"],"picked":"Headbutt","floor":1},{"not_picked":["Clothesline","Body Slam"],"picked":"Rage","floor":3},{"not_picked":["Limit Break","Cleave"],"picked":"Armaments","floor":7},{"not_picked":["True Grit","Armaments"],"picked":"Flame Barrier","floor":11},{"not_picked":["Perfected Strike","Sword Boomerang"],"picked":"Shockwave","floor":12},{"not_picked":["True Grit","Iron Wave"],"picked":"Infernal Blade","floor":14},{"not_picked":["Fiend Fire","Brutality"],"picked":"Impervious","floor":16},{"not_picked":["Corruption","Clothesline"],"picked":"Clash","floor":18},{"not_picked":["Headbutt","Carnage+1"],"picked":"Ghostly Armor","floor":19},{"not_picked":["Clash","Anger"],"picked":"Whirlwind+1","floor":22},{"not_picked":["Second Wind","Body Slam"],"picked":"Twin Strike","floor":25},{"not_picked":["Iron Wave","Body Slam"],"picked":"Sword Boomerang","floor":31},{"not_picked":["Body Slam+1","Heavy Blade"],"picked":"Dropkick","floor":32}],"player_experience":50714,"relics_obtained":[{"floor":7,"key":"Dream Catcher"},{"floor":9,"key":"Potion Belt"},{"floor":26,"key":"Ornamental Fan"}],"event_choices":[{"event_name":"Bonfire Elementals","player_choice":"CURSE","floor":2,"damage_taken":0},{"event_name":"Match and Keep!","player_choice":"1 cards matched","floor":5,"damage_taken":0},{"event_name":"The Cleric","player_choice":"Healed","floor":10,"damage_taken":0},{"event_name":"Vampires","player_choice":"Became a vampire","floor":20,"damage_taken":0},{"event_name":"Beggar","player_choice":"Ignored","floor":24,"damage_taken":0},{"event_name":"Match and Keep!","player_choice":"2 cards matched","floor":27,"damage_taken":0},{"event_name":"The Mausoleum","player_choice":"Yes","floor":29,"damage_taken":0}],"boss_relics":[{"not_picked":["Calling Bell","Ectoplasm"],"picked":"Velvet Choker"}],"items_purged_floors":[],"is_endless":false,"potions_floor_spawned":[1,12,16,25,31],"killed_by":"Champ","ascension_level":0}