{"gold_per_floor":[110,26,26,26,26,26,57,57,131,175,189,224,224,260,260,355,355,370,207,230,245,160,160,196,209,209,0,0],"floor_reached":28,"playtime":885,"items_purged":["Strike_B"],"score":577,"play_id":"05823fa5-9717-48bb-9831-f490ba3aa5ed","local_time":"20190503181557","is_ascension_mode":true,"campfire_choices":[{"data":"Hologram","floor":6,"key":"SMITH"},{"data":"Zap","floor":8,"key":"SMITH"},{"floor":15,"key":"REST"},{"floor":23,"key":"REST"}],"neow_cost":"NONE","seed_source_timestamp":1051120538737144,"circlet_count":0,"master_deck":["AscendersBane","Strike_B","Strike_B","Strike_B","Defend_B","Defend_B","Defend_B","Defend_B","Zap+1","Dualcast","Leap+1","Ball Lightning","Hologram+1","Genetic Algorithm","Cold Snap","Hologram","Go for the Eyes","Echo Form","Coolheaded","Doom and Gloom","Coolheaded","Conserve Battery","Conserve Battery"],"relics":["Cracked Core","NeowsBlessing","Golden Idol","Du-Vu Doll","Pear","Bottled Flame","Pantograph","Lantern","Runic Pyramid","FossilizedHelix","Orichalcum","Toxic Egg 2"],"potions_floor_usage":[14,16,16,24,24],"damage_taken":[{"damage":0,"enemies":"Jaw Worm","floor":1,"turns":1},{"damage":0,"enemies":"Lagavulin","floor":7,"turns":1},{"damage":0,"enemies":"Gremlin Nob","floor":10,"turns":1},{"damage":7,"enemies":"2 Louse","floor":11,"turns":2},{"damage":23,"enemies":"3 Sentries","floor":12,"turns":6},{"damage":11,"enemies":"Gremlin Nob","floor":14,"turns":4},{"damage":11,"enemies":"Hexaghost","floor":16,"turns":11},{"damage":31,"enemies":"Chosen","floor":18,"turns":5},{"damage":11,"enemies":"Shell Parasite","floor":20,"turns":5},{"damage":15,"enemies":"Centurion and Healer","floor":21,"turns":6},{"damage":39,"enemies":"Slavers","floor":24,"turns":5},{"damage":0,"enemies":"Snake Plant","floor":25,"turns":4},{"damage":28,"enemies":"3 Cultists","floor":28,"turns":4}],"seed_played":"5772412931139072737","potions_obtained":[{"floor":7,"key":"Swift Potion"},{"floor":12,"key":"SpeedPotion"},{"floor":14,"key":"Poison Potion"},{"floor":16,"key":"Fire Potion"},{"floor":21,"key":"Fire Potion"},{"floor":24,"key":"FairyPotion"}],"is_trial":false,"path_per_floor":["M","$","?","$","?","R","E","R","T","E","M","E","?","E","R","B",null,"M","$","M","M","?","R","E","M","T","?","M"],"character_chosen":"DEFECT","items_purchased":["Ball Lightning","Hologram","Doom and Gloom"],"campfire_rested":2,"item_purchase_floors":[2,2,19],"current_hp_per_floor":[64,64,40,40,40,40,40,40,50,50,43,20,20,9,33,47,73,42,42,31,16,16,40,1,1,1,1,0],"gold":0,"neow_bonus":"THREE_ENEMY_KILL","is_prod":false,"is_daily":false,"chose_seed":false,"campfire_upgraded":2,"win_rate":0,"timestamp":1556900157,"path_taken":["M","$","?","$","?","R","E","R","T","E","M","E","?","E","R","BOSS","M","$","M","M","?","R","E","M","T","?","M"],"build_version":"2019-04-23","purchased_purges":1,"victory":false,"max_hp_per_floor":[71,71,71,71,71,71,71,71,81,81,81,81,81,81,81,81,81,81,81,81,81,81,81,81,81,81,81,81],"card_choices":[{"not_picked":["Cold Snap","Scrape"],"picked":"Leap","floor":1},{"not_picked":["FTL","Conserve Battery"],"picked":"Genetic Algorithm","floor":7},{"not_picked":["Chaos","Steam Power","Skim"],"picked":"SKIP","floor":10},{"not_picked":["Steam","Fusion"],"picked":"Cold Snap","floor":11},{"not_picked":["Rip and Tear","Beam Cell"],"picked":"Hologram","floor":12},{"not_picked":["Compile Driver","Ball Lightning"],"picked":"Go for the Eyes","floor":14},{"not_picked":["All For One","Thunder Strike"],"picked":"Echo Form","floor":16},{"not_picked":["Go for the Eyes","Chaos"],"picked":"Coolheaded","floor":18},{"not_picked":["Meteor Strike","Cold Snap"],"picked":"Coolheaded","floor":20},{"not_picked":["Coolheaded","Chill"],"picked":"Conserve Battery","floor":21},{"not_picked":["Steam","Turbo"],"picked":"Conserve Battery","floor":24},{"not_picked":["Ball Lightning","Hologram","Streamline"],"picked":"SKIP","floor":25}],"player_experience":1467245,"relics_obtained":[{"floor":7,"key":"Du-Vu Doll"},{"floor":9,"key":"Pear"},{"floor":10,"key":"Bottled Flame"},{"floor":12,"key":"Pantograph"},{"floor":14,"key":"Lantern"},{"floor":24,"key":"Orichalcum"},{"floor":26,"key":"Toxic Egg 2"}],"event_choices":[{"damage_healed":0,"gold_gain":0,"player_choice":"Take Damage","damage_taken":24,"relics_obtained":["Golden Idol"],"max_hp_gain":0,"max_hp_loss":0,"event_name":"Golden Idol","floor":3,"gold_loss":0},{"damage_healed":0,"gold_gain":0,"player_choice":"Grow","damage_taken":0,"max_hp_gain":0,"max_hp_loss":0,"event_name":"Living Wall","floor":5,"gold_loss":0,"cards_upgraded":["Leap"]},{"damage_healed":0,"gold_gain":0,"player_choice":"Ignored","damage_taken":0,"max_hp_gain":0,"max_hp_loss":0,"event_name":"Shining Light","floor":13,"gold_loss":0},{"damage_healed":0,"gold_gain":0,"player_choice":"Obtained Relic","damage_taken":0,"relics_obtained":["FossilizedHelix"],"max_hp_gain":0,"max_hp_loss":0,"event_name":"Addict","floor":22,"gold_loss":85},{"damage_healed":0,"gold_gain":0,"player_choice":"Paid Fearfully","damage_taken":0,"max_hp_gain":0,"max_hp_loss":0,"event_name":"Masked Bandits","floor":27,"gold_loss":209}],"is_beta":true,"boss_relics":[{"not_picked":["Orrery","Ectoplasm"],"picked":"Runic Pyramid"}],"items_purged_floors":[19],"is_endless":false,"potions_floor_spawned":[7,12,14,16,21,24],"killed_by":"3 Cultists","ascension_level":17}