{"gold_per_floor":[116,291,310,81,31,31,66,66,121,154,5,21,47,59,59,133,133,147,147,47,47,47,47,82,82,107,107,107,132,145,161,161,161],"floor_reached":33,"playtime":1487,"items_purged":["Doubt","Strike_R"],"score":518,"play_id":"62724c64-e0e8-4106-9f52-d0b2e04635eb","local_time":"20190116221301","is_ascension_mode":true,"campfire_choices":[{"data":"Bash","floor":6,"key":"SMITH"},{"data":"Clothesline","floor":8,"key":"SMITH"},{"data":"Pummel","floor":15,"key":"SMITH"},{"data":"Armaments","floor":23,"key":"SMITH"},{"floor":25,"key":"REST"},{"floor":32,"key":"REST"}],"neow_cost":"NONE","seed_source_timestamp":40232644430800,"circlet_count":0,"master_deck":["AscendersBane","Defend_R","Defend_R","Defend_R","Defend_R","Bash+1","Madness","Clothesline+1","Pummel+1","Pommel Strike+1","Sword Boomerang","Offering","Double Tap","Armaments+1","Writhe","Warcry","Decay","RitualDagger","Bite","Bite","Bite","Bite","Bite","Headbutt","Corruption+1"],"relics":["Burning Blood","PreservedInsect","Bag of Marbles","Boot","Mercury Hourglass","Regal Pillow","Whetstone","Cursed Key","MutagenicStrength","Smiling Mask","Dodecahedron","Potion Belt","Charon\u0027s Ashes"],"potions_floor_usage":[16,33],"damage_taken":[{"damage":7,"enemies":"2 Louse","floor":1,"turns":4},{"damage":11,"enemies":"Jaw Worm","floor":3,"turns":6},{"damage":22,"enemies":"Gremlin Nob","floor":7,"turns":4},{"damage":15,"enemies":"Lagavulin","floor":10,"turns":6},{"damage":0,"enemies":"Small Slimes","floor":12,"turns":2},{"damage":10,"enemies":"3 Sentries","floor":13,"turns":4},{"damage":6,"enemies":"Looter","floor":14,"turns":2},{"damage":37,"enemies":"The Guardian","floor":16,"turns":15},{"damage":5,"enemies":"3 Byrds","floor":18,"turns":3},{"damage":43,"enemies":"Slavers","floor":24,"turns":3},{"damage":43,"enemies":"Book of Stabbing","floor":29,"turns":4},{"damage":2,"enemies":"Chosen","floor":30,"turns":3},{"damage":18,"enemies":"3 Cultists","floor":31,"turns":4},{"damage":79,"enemies":"Automaton","floor":33,"turns":6}],"seed_played":"1655624371225861438","potions_obtained":[{"floor":3,"key":"SneckoOil"},{"floor":12,"key":"Weak Potion"},{"floor":13,"key":"SpeedPotion"},{"floor":29,"key":"Swift Potion"},{"floor":30,"key":"Weak Potion"}],"is_trial":false,"path_per_floor":["M","?","M","$","?","R","E","R","T","E","$","M","E","M","R","B",null,"M","?","$","?","$","R","E","R","T","?","?","E","M","M","R","B"],"character_chosen":"IRONCLAD","items_purchased":["PreservedInsect","Regal Pillow"],"campfire_rested":2,"item_purchase_floors":[4,11],"current_hp_per_floor":[71,71,66,66,66,66,50,50,50,41,41,47,43,43,43,12,63,64,64,64,64,64,64,27,66,66,60,56,19,25,25,56,0],"gold":161,"neow_bonus":"RANDOM_COLORLESS","is_prod":false,"is_daily":false,"chose_seed":false,"campfire_upgraded":4,"win_rate":0,"timestamp":1547694781,"path_taken":["M","?","M","$","?","R","E","R","T","E","$","M","E","M","R","BOSS","M","?","$","?","$","R","E","R","T","?","?","E","?","M","R","BOSS"],"build_version":"2019-01-10","purchased_purges":2,"victory":false,"max_hp_per_floor":[80,80,80,80,80,80,80,80,80,80,80,80,80,80,80,80,80,80,80,80,80,80,80,80,80,80,80,56,56,56,56,56,56],"card_choices":[{"not_picked":["Headbutt","True Grit"],"picked":"Clothesline","floor":1},{"not_picked":["Havoc","Anger","Flex"],"picked":"SKIP","floor":3},{"not_picked":["Entrench","True Grit","Anger"],"picked":"SKIP","floor":7},{"not_picked":["Heavy Blade","Rampage"],"picked":"Pummel","floor":10},{"not_picked":["Iron Wave","Warcry"],"picked":"Pommel Strike","floor":12},{"not_picked":["Entrench","Cleave"],"picked":"Sword Boomerang","floor":13},{"not_picked":["Anger","Clothesline"],"picked":"Offering","floor":14},{"not_picked":["Exhume","Limit Break"],"picked":"Double Tap","floor":16},{"not_picked":["Metallicize","Searing Blow"],"picked":"Armaments","floor":18},{"not_picked":["Entrench","Cleave"],"picked":"Warcry","floor":24},{"not_picked":["Thunderclap","Perfected Strike","True Grit"],"picked":"SKIP","floor":29},{"not_picked":["Perfected Strike+1","Cleave"],"picked":"Headbutt","floor":30},{"not_picked":["Thunderclap","True Grit+1"],"picked":"Corruption+1","floor":31}],"player_experience":1773863,"relics_obtained":[{"floor":7,"key":"Bag of Marbles"},{"floor":9,"key":"Boot"},{"floor":10,"key":"Mercury Hourglass"},{"floor":13,"key":"Whetstone"},{"floor":24,"key":"Dodecahedron"},{"floor":26,"key":"Potion Belt"},{"floor":29,"key":"Charon\u0027s Ashes"}],"event_choices":[{"damage_healed":0,"gold_gain":175,"player_choice":"AGREE","damage_taken":0,"max_hp_gain":0,"max_hp_loss":0,"event_name":"Liars Game","floor":2,"gold_loss":0,"cards_obtained":["Doubt"]},{"cards_removed":["Strike_R"],"damage_healed":0,"gold_gain":0,"player_choice":"Card Removal","damage_taken":0,"max_hp_gain":0,"max_hp_loss":0,"event_name":"The Cleric","floor":5,"gold_loss":50},{"damage_healed":0,"gold_gain":0,"player_choice":"Inject Mutagens","damage_taken":0,"relics_obtained":["MutagenicStrength"],"max_hp_gain":0,"max_hp_loss":0,"event_name":"Drug Dealer","floor":19,"gold_loss":0},{"damage_healed":0,"gold_gain":0,"player_choice":"Opened","damage_taken":0,"relics_obtained":["Smiling Mask"],"max_hp_gain":0,"max_hp_loss":0,"event_name":"The Mausoleum","floor":21,"gold_loss":0,"cards_obtained":["Writhe"]},{"damage_healed":0,"gold_gain":0,"player_choice":"Joined the Cult","damage_taken":6,"max_hp_gain":0,"max_hp_loss":0,"event_name":"Nest","floor":27,"gold_loss":0,"cards_obtained":["RitualDagger"]},{"damage_healed":0,"gold_gain":0,"player_choice":"Became a vampire","damage_taken":0,"max_hp_gain":0,"max_hp_loss":24,"event_name":"Vampires","floor":28,"gold_loss":0,"cards_obtained":["Bite","Bite","Bite","Bite","Bite"]}],"is_beta":false,"boss_relics":[{"not_picked":["Mark of Pain","Black Blood"],"picked":"Cursed Key"}],"items_purged_floors":[4,20],"is_endless":false,"potions_floor_spawned":[3,12,13,14,29,30],"killed_by":"Automaton","ascension_level":13}