{"gold_per_floor":[109,109,109,109,109,109,130,150,150,150,193,68,86,86,86,209,209,223,237,152,36,0,0,0,12,12,345,345,230,255,281,293,402,414,442,554,582,594,623,655,678,741,779,791,818,846,889,919,931,943],"floor_reached":51,"playtime":2745,"items_purged":[],"score":917,"play_id":"1afa0ce1-9628-4b57-b140-050708365692","local_time":"20190516185115","is_ascension_mode":false,"campfire_choices":[{"floor":6.0,"key":"REST"},{"data":"Zap","floor":10.0,"key":"SMITH"},{"data":"Consume","floor":15,"key":"SMITH"},{"data":"Fission","floor":23,"key":"SMITH"},{"data":"Tempest","floor":32,"key":"SMITH"},{"data":"Seek","floor":44,"key":"SMITH"},{"data":"Dualcast","floor":49,"key":"SMITH"}],"neow_cost":"NONE","seed_source_timestamp":0,"circlet_count":0,"master_deck":["Strike_B+1","Defend_B","Defend_B","Defend_B","Defend_B","Zap+1","Dualcast+1","Coolheaded","Consume+1","Glacier","Beam Cell+1","Heatsinks+1","Loop+1","Coolheaded","Fission+1","Heatsinks+1","Compile Driver+1","Capacitor+1","Storm+1","FTL+1","Hologram+1","Electrodynamics+1","FTL+1","Heatsinks+1","Beam Cell+1","Tempest+1","Static Discharge+1","Heatsinks+1","Seek+1","Self Repair+1","Sadistic Nature+1","Heatsinks+1","White Noise+1","Loop+1","Capacitor+1"],"special_seed":0,"relics":["Cracked Core","NeowsBlessing","Bloody Idol","Molten Egg 2","Frozen Egg 2","Mummified Hand","Orrery","Thread and Needle","Pocketwatch","Old Coin","MawBank","Empty Cage","Gambling Chip","FossilizedHelix","Whetstone","Torii"],"potions_floor_usage":[16,16,16,41,41],"damage_taken":[{"damage":0.0,"enemies":"Cultist","floor":1.0,"turns":1.0},{"damage":0.0,"enemies":"2 Louse","floor":7.0,"turns":1.0},{"damage":0.0,"enemies":"Small Slimes","floor":8.0,"turns":1.0},{"damage":9,"enemies":"Lagavulin","floor":11,"turns":10},{"damage":3,"enemies":"Exordium Thugs","floor":13,"turns":6},{"damage":24,"enemies":"The Guardian","floor":16,"turns":11},{"damage":10,"enemies":"2 Thieves","floor":18,"turns":3},{"damage":5,"enemies":"Shell Parasite","floor":19,"turns":5},{"damage":9,"enemies":"Centurion and Healer","floor":25,"turns":3},{"damage":9,"enemies":"Book of Stabbing","floor":27,"turns":4},{"damage":0,"enemies":"Gremlin Leader","floor":30,"turns":3},{"damage":17,"enemies":"Snake Plant","floor":31,"turns":2},{"damage":10,"enemies":"Automaton","floor":33,"turns":6},{"damage":9,"enemies":"3 Darklings","floor":35,"turns":4},{"damage":21,"enemies":"Mind Bloom Boss Battle","floor":36,"turns":3},{"damage":4,"enemies":"Orb Walker","floor":37,"turns":2},{"damage":0,"enemies":"Maw","floor":39,"turns":3},{"damage":12,"enemies":"Spire Growth","floor":40,"turns":3},{"damage":0,"enemies":"Transient","floor":41,"turns":5},{"damage":0,"enemies":"2 Orb Walkers","floor":42,"turns":1},{"damage":0,"enemies":"Jaw Worm Horde","floor":45,"turns":1},{"damage":0,"enemies":"4 Shapes","floor":46,"turns":2},{"damage":0,"enemies":"Giant Head","floor":47,"turns":2},{"damage":0,"enemies":"Spire Growth","floor":48,"turns":1},{"damage":0,"enemies":"Donu and Deca","floor":50,"turns":2}],"seed_played":"2046965564093188352","potions_obtained":[{"floor":1.0,"key":"AttackPotion"},{"floor":13,"key":"FocusPotion"},{"floor":14,"key":"Energy Potion"},{"floor":19,"key":"Strength Potion"},{"floor":25,"key":"FearPotion"},{"floor":36,"key":"AttackPotion"},{"floor":42,"key":"Strength Potion"},{"floor":47,"key":"Strength Potion"}],"is_trial":false,"path_per_floor":["M","?","?","?","?","R","M","M","T","R","E","$","M","?","R","B",null,"M","M","?","$","?","R","?","M","T","E","?","$","E","M","R","B",null,"M","?","M","?","M","M","M","?","T","R","M","M","E","M","R","B",null],"character_chosen":"DEFECT","items_purchased":["Loop+1","Coolheaded","FTL+1","Heatsinks+1","Tempest","Static Discharge+1"],"campfire_rested":1,"item_purchase_floors":[12,12,21,21,29,29],"current_hp_per_floor":[75,75,57,39,39,61,61,61,61,61,52,52,49,49,49,25,75,65,60,60,60,60,60,60,56,56,57,57,57,62,55,60,60,75,71,69,75,75,75,75,75,75,75,75,75,75,75,75,75,75],"gold":955,"neow_bonus":"THREE_ENEMY_KILL","is_prod":false,"is_daily":false,"chose_seed":false,"campfire_upgraded":6,"win_rate":0.0,"timestamp":1558057875,"path_taken":["M","?","?","?","?","R","M","?","T","R","E","$","M","?","R","BOSS","M","?","?","$","?","R","?","M","T","E","?","$","E","M","R","BOSS","M","?","M","?","M","M","M","?","T","R","?","?","E","M","R","BOSS"],"build_version":"2019-01-23","purchased_purges":0,"victory":true,"max_hp_per_floor":[75,75,75,75,75,75,75,75,75,75,75,75,75,75,75,75,75,75,75,75,75,75,75,75,75,75,75,75,75,75,75,75,75,75,75,75,75,75,75,75,75,75,75,75,75,75,75,75,75,75],"card_choices":[{"not_picked":["Force Field","Darkness"],"picked":"Coolheaded","floor":1.0},{"not_picked":["Hologram","Ball Lightning+1"],"picked":"Glacier","floor":7.0},{"not_picked":["Hello World","Streamline+1"],"picked":"Beam Cell+1","floor":8.0},{"not_picked":["Reboot","Leap"],"picked":"Heatsinks+1","floor":11},{"not_picked":["Rip and Tear+1","Stack","Streamline+1"],"picked":"SKIP","floor":13},{"not_picked":["All For One+1","Seek"],"picked":"Fission","floor":16},{"not_picked":["Aggregate","Compile Driver+1"],"picked":"Heatsinks+1","floor":17},{"not_picked":["Cold Snap+1","Sweeping Beam+1"],"picked":"Compile Driver+1","floor":17},{"not_picked":["Hologram","Tempest"],"picked":"Capacitor+1","floor":17},{"not_picked":["Self Repair+1","Redo"],"picked":"Storm+1","floor":17},{"not_picked":["Fusion","Stack"],"picked":"FTL+1","floor":17},{"not_picked":["Chaos","Aggregate"],"picked":"Hologram+1","floor":18},{"not_picked":["Storm+1","Reprogram"],"picked":"Electrodynamics+1","floor":19},{"not_picked":["Streamline+1","Sweeping Beam+1","Rip and Tear+1"],"picked":"SKIP","floor":25},{"not_picked":["Steam","Redo"],"picked":"Beam Cell+1","floor":27},{"not_picked":["Force Field","Consume","Compile Driver+1"],"picked":"SKIP","floor":30},{"not_picked":["Steam","BootSequence"],"picked":"Heatsinks+1","floor":31},{"not_picked":["Biased Cognition+1","Rainbow"],"picked":"Seek","floor":33},{"not_picked":["Conserve Battery","Fusion+1"],"picked":"Self Repair+1","floor":35},{"not_picked":["Streamline+1","Conserve Battery","Ball Lightning+1"],"picked":"SKIP","floor":37},{"not_picked":["Master of Strategy","Purity"],"picked":"Sadistic Nature+1","floor":38},{"not_picked":["Conserve Battery+1","Darkness+1","Skim+1"],"picked":"SKIP","floor":39},{"not_picked":["Hologram","Genetic Algorithm"],"picked":"Heatsinks+1","floor":40},{"not_picked":["Redo+1","Conserve Battery+1","Streamline+1"],"picked":"SKIP","floor":41},{"not_picked":["Go for the Eyes+1","Tempest+1"],"picked":"White Noise+1","floor":42},{"not_picked":["Compile Driver+1","Storm+1","Gash+1"],"picked":"SKIP","floor":45},{"not_picked":["Heatsinks+1","Go for the Eyes+1","Redo"],"picked":"SKIP","floor":46},{"not_picked":["Coolheaded+1","BootSequence"],"picked":"Loop+1","floor":47},{"not_picked":["Hologram","Tempest+1"],"picked":"Capacitor+1","floor":48}],"player_experience":6661,"relics_obtained":[{"floor":9.0,"key":"Frozen Egg 2"},{"floor":11,"key":"Mummified Hand"},{"floor":26,"key":"Pocketwatch"},{"floor":27,"key":"Old Coin"},{"floor":30,"key":"MawBank"},{"floor":36,"key":"Gambling Chip"},{"floor":42,"key":"FossilizedHelix"},{"floor":43,"key":"Whetstone"},{"floor":47,"key":"Torii"}],"event_choices":[{"damage_healed":0.0,"max_hp_gain":0.0,"max_hp_loss":0.0,"gold_gain":0.0,"cards_transformed":["Strike_B"],"event_name":"Living Wall","player_choice":"Change","floor":2.0,"gold_loss":0.0,"damage_taken":0.0,"cards_obtained":["Consume"]},{"damage_healed":0.0,"max_hp_gain":0.0,"max_hp_loss":0.0,"gold_gain":0.0,"event_name":"Golden Idol","player_choice":"Take Damage","floor":3.0,"gold_loss":0.0,"damage_taken":18.0,"relics_obtained":["Golden Idol"]},{"damage_healed":0.0,"max_hp_gain":0.0,"max_hp_loss":0.0,"gold_gain":0.0,"event_name":"Scrap Ooze","player_choice":"Success","floor":4.0,"gold_loss":0.0,"damage_taken":18.0,"relics_obtained":["Molten Egg 2"]},{"damage_healed":0.0,"max_hp_gain":0.0,"max_hp_loss":0.0,"gold_gain":0.0,"event_name":"Golden Wing","player_choice":"Ignored","floor":5.0,"gold_loss":0.0,"damage_taken":0.0},{"damage_healed":0,"gold_gain":0,"player_choice":"Got Potions","damage_taken":0,"max_hp_gain":0,"max_hp_loss":0,"event_name":"Lab","floor":14,"gold_loss":0},{"damage_healed":0,"gold_gain":0,"player_choice":"Obtained Relic","damage_taken":0,"relics_obtained":["Thread and Needle"],"max_hp_gain":0,"max_hp_loss":0,"event_name":"Addict","floor":20,"gold_loss":85},{"damage_healed":0,"gold_gain":0,"player_choice":"Paid Fearfully","damage_taken":0,"max_hp_gain":0,"max_hp_loss":0,"event_name":"Masked Bandits","floor":22,"gold_loss":36},{"damage_healed":0,"gold_gain":0,"player_choice":"Gave Idol","damage_taken":0,"relics_obtained":["Bloody Idol"],"max_hp_gain":0,"max_hp_loss":0,"event_name":"Forgotten Altar","floor":24,"relics_lost":["Golden Idol"],"gold_loss":0},{"damage_healed":0,"gold_gain":0,"player_choice":"Ignored","damage_taken":0,"max_hp_gain":0,"max_hp_loss":0,"event_name":"Ghosts","floor":28,"gold_loss":0},{"damage_healed":0,"gold_gain":0,"player_choice":"Fight","damage_taken":0,"max_hp_gain":0,"max_hp_loss":0,"event_name":"MindBloom","floor":36,"gold_loss":0},{"damage_healed":0,"gold_gain":0,"player_choice":"Memory 1","damage_taken":0,"max_hp_gain":0,"max_hp_loss":0,"event_name":"SensoryStone","floor":38,"gold_loss":0},{"damage_healed":0,"gold_gain":0,"player_choice":"Fight","damage_taken":0,"max_hp_gain":0,"max_hp_loss":0,"event_name":"Mysterious Sphere","floor":42,"gold_loss":0}],"is_beta":false,"boss_relics":[{"not_picked":["Astrolabe","Runic Pyramid"],"picked":"Orrery"},{"not_picked":["Velvet Choker","Tiny House"],"picked":"Empty Cage"}],"items_purged_floors":[],"is_endless":false,"potions_floor_spawned":[1,13,19,25,36,39,40,42,47],"ascension_level":0}