{"gold_per_floor":[113,113,123,123,23,23,38,72,72,82,82,82,110,127,127,198,198,214,1,1,1,13,47,47,77,77,77,87,37,54,34,34,111,111,123,223,223,173,185,219,169,188,188,188,188,188,188,200,200,200,200],"floor_reached":52,"playtime":2924,"items_purged":["Strike_B","Strike_B","Strike_B","Defend_B","Defend_B"],"score":2327,"play_id":"a3f99aa8-32c1-429b-9ed6-8c6f369ebf33","local_time":"20190515201410","is_ascension_mode":true,"campfire_choices":[{"data":"Loop","floor":6,"key":"SMITH"},{"data":"Coolheaded","floor":11,"key":"SMITH"},{"data":"Meteor Strike","floor":15,"key":"SMITH"},{"data":"Defragment","floor":24,"key":"SMITH"},{"data":"Biased Cognition","floor":27,"key":"SMITH"},{"floor":32,"key":"REST"},{"data":"Buffer","floor":44,"key":"SMITH"},{"data":"Storm","floor":45,"key":"SMITH"},{"data":"Machine Learning","floor":47,"key":"SMITH"},{"data":"Capacitor","floor":49,"key":"SMITH"}],"neow_cost":"NONE","seed_source_timestamp":2092965149996075,"circlet_count":0,"master_deck":["AscendersBane","Defend_B","Defend_B","Zap","Dualcast","Loop+1","Coolheaded+1","Compile Driver","Sweeping Beam","Conserve Battery","Fusion","Meteor Strike+1","Machine Learning+1","Skim","Defragment+1","Ball Lightning","Hologram","Self Repair+1","Capacitor+1","Biased Cognition+1","Capacitor+1","Storm+1","Core Surge","Hologram+1","Barrage","Buffer+1","Glacier"],"relics":["Snecko Eye","Dead Branch","Kunai","Smiling Mask","Philosopher\u0027s Stone","FossilizedHelix","Gambling Chip","Mummified Hand","Mango","Sozu","WingedGreaves","Vajra","Pear"],"potions_floor_usage":[25,51,51],"damage_taken":[{"damage":3,"enemies":"2 Louse","floor":1,"turns":3},{"damage":1,"enemies":"Cultist","floor":3,"turns":3},{"damage":0,"enemies":"Jaw Worm","floor":7,"turns":4},{"damage":22,"enemies":"Lagavulin","floor":8,"turns":9},{"damage":12,"enemies":"Blue Slaver","floor":10,"turns":4},{"damage":0,"enemies":"3 Sentries","floor":13,"turns":4},{"damage":6,"enemies":"Lots of Slimes","floor":14,"turns":3},{"damage":14,"enemies":"The Guardian","floor":16,"turns":8},{"damage":4,"enemies":"2 Thieves","floor":18,"turns":3},{"damage":0,"enemies":"Spheric Guardian","floor":22,"turns":3},{"damage":16,"enemies":"Slavers","floor":23,"turns":3},{"damage":7,"enemies":"Gremlin Leader","floor":25,"turns":4},{"damage":0,"enemies":"Chosen and Byrds","floor":28,"turns":2},{"damage":21,"enemies":"Snake Plant","floor":30,"turns":4},{"damage":0,"enemies":"Collector","floor":33,"turns":5},{"damage":0,"enemies":"Orb Walker","floor":35,"turns":2},{"damage":36,"enemies":"Mind Bloom Boss Battle","floor":36,"turns":3},{"damage":0,"enemies":"3 Darklings","floor":39,"turns":3},{"damage":0,"enemies":"Giant Head","floor":40,"turns":5},{"damage":0,"enemies":"Transient","floor":42,"turns":6},{"damage":0,"enemies":"Sphere and 2 Shapes","floor":48,"turns":3},{"damage":0,"enemies":"Donu and Deca","floor":50,"turns":6},{"damage":0,"enemies":"Awakened One","floor":51,"turns":8}],"seed_played":"153899563305533967","potions_obtained":[{"floor":1,"key":"Ancient Potion"},{"floor":3,"key":"FocusPotion"},{"floor":14,"key":"AttackPotion"},{"floor":22,"key":"LiquidBronze"},{"floor":30,"key":"Strength Potion"}],"is_trial":false,"path_per_floor":["M","?","M","?","$","R","M","E","T","M","R","?","E","M","R","B",null,"M","$","?","?","M","E","R","E","T","R","M","$","M","?","R","B",null,"M","?","T","$","M","E","$","M","T","R","R","?","R","M","R","B","B",null],"character_chosen":"DEFECT","items_purchased":["Compile Driver","Defragment","Ball Lightning","Hologram"],"campfire_rested":1,"item_purchase_floors":[5,19,19,19],"current_hp_per_floor":[61,61,60,65,65,65,65,43,43,31,31,31,31,25,25,11,60,56,56,56,56,56,40,40,43,57,57,57,57,46,46,73,83,88,88,62,62,62,72,82,82,90,100,100,100,90,90,100,100,100,100],"gold":200,"neow_bonus":"BOSS_RELIC","is_prod":false,"is_daily":false,"chose_seed":false,"campfire_upgraded":9,"win_rate":0,"timestamp":1557944050,"path_taken":["M","?","?","?","?","R","M","E","T","M","R","?","E","?","R","BOSS","M","$","?","?","?","E","R","E","T","R","M","$","M","?","R","BOSS","M","?","?","?","M","E","$","?","T","R","R","?","R","M","R","BOSS","BOSS"],"build_version":"2019-05-07","purchased_purges":5,"victory":true,"max_hp_per_floor":[71,71,71,76,76,76,76,76,76,76,76,76,76,76,76,76,76,76,76,76,76,76,76,76,76,90,90,90,90,90,90,90,90,90,90,90,90,90,90,90,90,90,100,100,100,100,100,100,100,100,100],"card_choices":[{"not_picked":["Steam Power","Lockon"],"picked":"Loop","floor":1},{"not_picked":["Conserve Battery","Skim"],"picked":"Coolheaded","floor":3},{"not_picked":["BootSequence","Beam Cell"],"picked":"Sweeping Beam","floor":7},{"not_picked":["Gash","Genetic Algorithm"],"picked":"Conserve Battery","floor":8},{"not_picked":["Barrage","Leap"],"picked":"Fusion","floor":10},{"not_picked":["Beam Cell","Conserve Battery","Reboot"],"picked":"SKIP","floor":13},{"not_picked":["Chaos","Streamline","Redo"],"picked":"SKIP","floor":14},{"not_picked":["All For One","Seek"],"picked":"Machine Learning","floor":16},{"not_picked":["Steam","Barrage"],"picked":"Skim","floor":18},{"not_picked":["Go for the Eyes","Ball Lightning"],"picked":"Self Repair+1","floor":22},{"not_picked":["Melter","Coolheaded"],"picked":"Capacitor+1","floor":23},{"not_picked":["Gash","Reprogram"],"picked":"Biased Cognition","floor":25},{"not_picked":["Steam","Rebound"],"picked":"Capacitor","floor":28},{"not_picked":["Gash","Ball Lightning"],"picked":"Storm","floor":30},{"not_picked":["Amplify","Fission"],"picked":"Core Surge","floor":33},{"not_picked":["Coolheaded","Ball Lightning"],"picked":"Hologram+1","floor":35},{"not_picked":["Cold Snap","Streamline+1"],"picked":"Barrage","floor":36},{"not_picked":["Steam","Chill"],"picked":"Buffer","floor":39},{"not_picked":["Storm","Streamline"],"picked":"Glacier","floor":40},{"not_picked":["Coolheaded","Cold Snap","Chaos+1"],"picked":"SKIP","floor":42},{"not_picked":["FTL","Rebound","Darkness"],"picked":"SKIP","floor":48}],"player_experience":1917831,"relics_obtained":[{"floor":8,"key":"Dead Branch"},{"floor":9,"key":"Kunai"},{"floor":13,"key":"Smiling Mask"},{"floor":23,"key":"Gambling Chip"},{"floor":25,"key":"Mummified Hand"},{"floor":26,"key":"Mango"},{"floor":36,"key":"WingedGreaves"},{"floor":40,"key":"Vajra"},{"floor":43,"key":"Pear"}],"event_choices":[{"cards_removed":["Strike_B"],"damage_healed":0,"gold_gain":0,"player_choice":"Offered Basic","damage_taken":0,"max_hp_gain":0,"max_hp_loss":0,"event_name":"Bonfire Elementals","floor":2,"gold_loss":0},{"damage_healed":0,"gold_gain":0,"player_choice":"Donut","damage_taken":0,"max_hp_gain":5,"max_hp_loss":0,"event_name":"Big Fish","floor":4,"gold_loss":0},{"damage_healed":0,"gold_gain":0,"player_choice":"1 cards matched","damage_taken":0,"max_hp_gain":0,"max_hp_loss":0,"event_name":"Match and Keep!","floor":12,"gold_loss":0,"cards_obtained":["Meteor Strike"]},{"damage_healed":0,"gold_gain":0,"player_choice":"Opened","damage_taken":0,"relics_obtained":["FossilizedHelix"],"max_hp_gain":0,"max_hp_loss":0,"event_name":"The Mausoleum","floor":20,"gold_loss":0,"cards_obtained":["Writhe"]},{"cards_removed":["Writhe"],"damage_healed":0,"gold_gain":0,"player_choice":"Purged","damage_taken":0,"max_hp_gain":0,"max_hp_loss":0,"event_name":"Purifier","floor":21,"gold_loss":0},{"damage_healed":0,"gold_gain":0,"player_choice":"Bought 1 Potion","damage_taken":0,"max_hp_gain":0,"max_hp_loss":0,"event_name":"The Woman in Blue","floor":31,"gold_loss":0},{"damage_healed":0,"gold_gain":0,"player_choice":"Fight","damage_taken":0,"max_hp_gain":0,"max_hp_loss":0,"event_name":"MindBloom","floor":36,"gold_loss":0},{"damage_healed":0,"gold_gain":0,"player_choice":"Memory 3","damage_taken":10,"max_hp_gain":0,"max_hp_loss":0,"event_name":"SensoryStone","floor":46,"gold_loss":0}],"is_beta":true,"boss_relics":[{"not_picked":["Black Star","Busted Crown"],"picked":"Philosopher\u0027s Stone"},{"not_picked":["Cursed Key","Astrolabe"],"picked":"Sozu"}],"items_purged_floors":[5,19,29,38,41],"is_endless":false,"potions_floor_spawned":[1,3,14,22,23,30,35,42,48],"ascension_level":20}