{"gold_per_floor":[117,117,67,37,49,75,75,87,87,262,262,280,293,304,304,304],"floor_reached":16,"playtime":570,"items_purged":[],"score":153,"play_id":"ea4082c5-15b4-4b0d-b9c3-1e945cede533","local_time":"20190105180518","is_ascension_mode":true,"campfire_choices":[{"floor":7,"key":"REST"},{"data":"Bash","floor":11,"key":"SMITH"},{"floor":15,"key":"REST"}],"neow_cost":"CURSE","seed_source_timestamp":501987443903900,"circlet_count":0,"master_deck":["AscendersBane","Strike_R","Strike_R","Strike_R","Strike_R","Defend_R","Defend_R","Defend_R","Defend_R","Bash+1","Regret","Demon Form","Seeing Red","Infernal Blade","Pummel","Doubt","Heavy Blade","Burning Pact"],"relics":["Burning Blood","Sundial","Darkstone Periapt"],"potions_floor_usage":[6,16,16],"damage_taken":[{"damage":21,"enemies":"Jaw Worm","floor":1,"turns":5},{"damage":10,"enemies":"2 Louse","floor":5,"turns":4},{"damage":34,"enemies":"Lagavulin","floor":6,"turns":6},{"damage":8,"enemies":"Cultist","floor":8,"turns":3},{"damage":14,"enemies":"Looter","floor":12,"turns":4},{"damage":13,"enemies":"3 Louse","floor":13,"turns":3},{"damage":27,"enemies":"Exordium Thugs","floor":14,"turns":5},{"damage":46,"enemies":"Slime Boss","floor":16,"turns":6}],"seed_played":"-1448506743070413045","potions_obtained":[{"floor":1,"key":"AttackPotion"},{"floor":4,"key":"SmokeBomb"},{"floor":4,"key":"FairyPotion"},{"floor":5,"key":"Weak Potion"},{"floor":8,"key":"SneckoOil"},{"floor":14,"key":"Explosive Potion"}],"is_trial":false,"path_per_floor":["M","?","?","?","M","E","R","M","T","?","R","M","M","M","R","B"],"character_chosen":"IRONCLAD","items_purchased":[],"campfire_rested":2,"item_purchase_floors":[],"current_hp_per_floor":[57,57,57,57,53,25,49,47,47,53,53,45,38,17,42,0],"gold":304,"neow_bonus":"THREE_RARE_CARDS","is_prod":false,"is_daily":false,"chose_seed":false,"campfire_upgraded":1,"win_rate":0,"timestamp":1546729518,"path_taken":["M","?","?","?","M","E","R","?","T","?","R","M","M","M","R","BOSS"],"build_version":"2019-01-03v4","purchased_purges":0,"victory":false,"max_hp_per_floor":[80,80,80,80,80,80,80,80,80,86,86,86,86,86,86,86],"card_choices":[{"not_picked":["Double Tap","Offering"],"picked":"Demon Form","floor":0},{"not_picked":["Power Through","Sentinel","Headbutt"],"picked":"SKIP","floor":1},{"not_picked":["Corruption","Entrench"],"picked":"Seeing Red","floor":5},{"not_picked":["Hemokinesis","Flex"],"picked":"Infernal Blade","floor":6},{"not_picked":["Sentinel","Wild Strike"],"picked":"Pummel","floor":8},{"not_picked":["Rupture","Combust"],"picked":"Heavy Blade","floor":12},{"not_picked":["Havoc","Perfected Strike","Body Slam"],"picked":"SKIP","floor":13},{"not_picked":["Perfected Strike","Headbutt"],"picked":"Burning Pact","floor":14}],"player_experience":1713082,"relics_obtained":[{"floor":6,"key":"Sundial"},{"floor":9,"key":"Darkstone Periapt"}],"event_choices":[{"damage_healed":0,"gold_gain":0,"player_choice":"Ignored","damage_taken":0,"max_hp_gain":0,"max_hp_loss":0,"event_name":"Golden Idol","floor":2,"gold_loss":0},{"cards_removed":["Strike_R"],"damage_healed":0,"gold_gain":0,"player_choice":"Card Removal","damage_taken":0,"max_hp_gain":0,"max_hp_loss":0,"event_name":"The Cleric","floor":3,"gold_loss":50},{"damage_healed":0,"gold_gain":0,"player_choice":"Bought 2 Potions","damage_taken":0,"max_hp_gain":0,"max_hp_loss":0,"event_name":"The Woman in Blue","floor":4,"gold_loss":0},{"damage_healed":0,"gold_gain":175,"player_choice":"AGREE","damage_taken":0,"max_hp_gain":0,"max_hp_loss":0,"event_name":"Liars Game","floor":10,"gold_loss":0,"cards_obtained":["Doubt"]}],"is_beta":false,"boss_relics":[],"items_purged_floors":[],"is_endless":false,"potions_floor_spawned":[1,5,8,14],"killed_by":"Slime Boss","ascension_level":10}