{"gold_per_floor":[109,34,34,34,45,79,95,95,170,170,198,213,223,251,251,251],"floor_reached":16,"playtime":822,"items_purged":["Strike_G"],"score":290,"play_id":"3666e8e5-f46c-4b54-aae4-14624681f823","local_time":"20190519145528","is_ascension_mode":true,"campfire_choices":[{"data":"Cloak And Dagger","floor":10,"key":"SMITH"},{"data":"Blade Dance","floor":15,"key":"SMITH"}],"neow_cost":"NONE","seed_source_timestamp":2421556126626590,"circlet_count":0,"master_deck":["AscendersBane","Defend_G","Defend_G","Defend_G","Defend_G","Defend_G","Strike_G","Strike_G","Strike_G","Survivor","Neutralize","Blade Dance+1","Backstab","Cloak And Dagger+1","Leg Sweep","Caltrops","Dagger Spray"],"relics":["Ring of the Snake","NeowsBlessing","Blood Vial","Mummified Hand","Ninja Scroll","Singing Bowl"],"potions_floor_usage":[11,16,16],"damage_taken":[{"damage":0,"enemies":"2 Louse","floor":1,"turns":2},{"damage":0,"enemies":"Cultist","floor":5,"turns":1},{"damage":0,"enemies":"3 Sentries","floor":6,"turns":1},{"damage":0,"enemies":"Small Slimes","floor":7,"turns":2},{"damage":10,"enemies":"Lagavulin","floor":11,"turns":6},{"damage":0,"enemies":"2 Fungi Beasts","floor":12,"turns":3},{"damage":0,"enemies":"Blue Slaver","floor":13,"turns":3},{"damage":14,"enemies":"3 Sentries","floor":14,"turns":12},{"damage":56,"enemies":"Slime Boss","floor":16,"turns":10}],"seed_played":"6305018923315206934","potions_obtained":[{"floor":1,"key":"Strength Potion"},{"floor":5,"key":"Swift Potion"},{"floor":13,"key":"EssenceOfSteel"},{"floor":14,"key":"SteroidPotion"}],"is_trial":false,"path_per_floor":["M","$","?","$","M","E","M","?","T","R","E","M","M","E","R","B"],"character_chosen":"THE_SILENT","items_purchased":[],"campfire_rested":0,"item_purchase_floors":[],"current_hp_per_floor":[59,59,64,64,64,64,66,66,66,66,58,60,62,50,50,0],"gold":251,"neow_bonus":"THREE_ENEMY_KILL","is_prod":false,"is_daily":false,"chose_seed":false,"campfire_upgraded":2,"win_rate":0,"timestamp":1558270528,"path_taken":["M","$","?","$","M","E","M","?","T","R","E","M","M","E","R","BOSS"],"build_version":"2019-05-07","purchased_purges":1,"victory":false,"max_hp_per_floor":[66,66,71,71,71,71,71,71,71,71,71,71,71,71,71,71],"card_choices":[{"not_picked":["Underhanded Strike","Dagger Throw"],"picked":"Blade Dance","floor":1},{"not_picked":["Well Laid Plans","Sucker Punch"],"picked":"Backstab","floor":5},{"not_picked":["Leg Sweep","Flying Knee"],"picked":"Cloak And Dagger","floor":6},{"not_picked":["Noxious Fumes","Dagger Throw"],"picked":"Leg Sweep","floor":7},{"not_picked":["Calculated Gamble","Reflex","Tools of the Trade"],"picked":"SKIP","floor":11},{"not_picked":["Sucker Punch","Flechettes","Dagger Throw"],"picked":"SKIP","floor":12},{"not_picked":["Quick Slash","Deflect"],"picked":"Caltrops","floor":13},{"not_picked":["Flying Knee","Flechettes"],"picked":"Dagger Spray","floor":14}],"player_experience":2043912,"relics_obtained":[{"floor":6,"key":"Blood Vial"},{"floor":9,"key":"Mummified Hand"},{"floor":11,"key":"Ninja Scroll"},{"floor":14,"key":"Singing Bowl"}],"event_choices":[{"damage_healed":0,"gold_gain":0,"player_choice":"Donut","damage_taken":0,"max_hp_gain":5,"max_hp_loss":0,"event_name":"Big Fish","floor":3,"gold_loss":0},{"cards_removed":["Strike_G"],"damage_healed":0,"gold_gain":0,"player_choice":"Offered Basic","damage_taken":0,"max_hp_gain":0,"max_hp_loss":0,"event_name":"Bonfire Elementals","floor":8,"gold_loss":0}],"is_beta":true,"boss_relics":[],"items_purged_floors":[2],"is_endless":false,"potions_floor_spawned":[1,5,13,14],"killed_by":"Slime Boss","ascension_level":20}