{"gold_per_floor":[117,42,66,66,83,83,116,116,116,143,165,165,177,211,211,284,284,303,303,76,89,89,118,118,131,177,204,204,204,41,70,70,145,145,161,186,209,221,233,245,283,295,355,367,397,419,4,35,35,35],"floor_reached":51,"playtime":2632,"items_purged":["Regret"],"score":1595,"play_id":"3e57f970-63fa-4919-ab00-06d1239d1b5b","local_time":"20190506220622","is_ascension_mode":true,"campfire_choices":[{"data":"Immolate","floor":6,"key":"SMITH"},{"floor":8,"key":"REST"},{"data":"Battle Trance","floor":12,"key":"SMITH"},{"data":"Bash","floor":15,"key":"SMITH"},{"data":"Armaments","floor":24,"key":"SMITH"},{"data":"Shrug It Off","floor":29,"key":"SMITH"},{"data":"Iron Wave","floor":32,"key":"SMITH"},{"data":"Metallicize","floor":40,"key":"SMITH"},{"floor":42,"key":"RECALL"},{"floor":49,"key":"REST"}],"neow_cost":"CURSE","seed_source_timestamp":1322390357828082,"circlet_count":0,"master_deck":["AscendersBane","Defend_R","Defend_R+1","Defend_R","Defend_R","Bash+1","Immolate+1","Spot Weakness+1","Shrug It Off+1","Fiend Fire","Battle Trance+1","Metallicize+1","Armaments+1","Bite","Bite","Bite","Bite","Bite","Iron Wave+1","Feed","Pommel Strike+1","Madness","Madness","Panache+1","Thunderclap"],"relics":["Burning Blood","Pen Nib","Torii","Boot","Gremlin Horn","Incense Burner","Odd Mushroom","Singing Bowl","Busted Crown","OrangePellets","Lantern","The Courier","Enchiridion","Bag of Marbles","Velvet Choker","MawBank","Dodecahedron","Frozen Egg 2","Potion Belt","War Paint","Oddly Smooth Stone"],"potions_floor_usage":[10,16,16,27,27,31,33,48,50,50,50],"damage_taken":[{"damage":4,"enemies":"Cultist","floor":1,"turns":3},{"damage":2,"enemies":"2 Louse","floor":5,"turns":3},{"damage":28,"enemies":"3 Sentries","floor":7,"turns":5},{"damage":25,"enemies":"Lagavulin","floor":10,"turns":6},{"damage":0,"enemies":"The Mushroom Lair","floor":11,"turns":2},{"damage":12,"enemies":"Jaw Worm","floor":13,"turns":2},{"damage":1,"enemies":"3 Sentries","floor":14,"turns":3},{"damage":0,"enemies":"Slime Boss","floor":16,"turns":3},{"damage":9,"enemies":"2 Thieves","floor":18,"turns":3},{"damage":13,"enemies":"Spheric Guardian","floor":21,"turns":4},{"damage":9,"enemies":"Slavers","floor":23,"turns":4},{"damage":0,"enemies":"Centurion and Healer","floor":25,"turns":7},{"damage":20,"enemies":"Book of Stabbing","floor":27,"turns":4},{"damage":0,"enemies":"Gremlin Leader","floor":31,"turns":5},{"damage":37,"enemies":"Champ","floor":33,"turns":7},{"damage":1,"enemies":"Orb Walker","floor":35,"turns":2},{"damage":1,"enemies":"3 Darklings","floor":37,"turns":5},{"damage":9,"enemies":"Reptomancer","floor":41,"turns":5},{"damage":0,"enemies":"Jaw Worm Horde","floor":45,"turns":2},{"damage":8,"enemies":"Sphere and 2 Shapes","floor":46,"turns":3},{"damage":71,"enemies":"Giant Head","floor":48,"turns":8},{"damage":52,"enemies":"Time Eater","floor":50,"turns":10}],"seed_played":"-7515361214067802463","potions_obtained":[{"floor":5,"key":"Block Potion"},{"floor":7,"key":"Swift Potion"},{"floor":11,"key":"Fire Potion"},{"floor":16,"key":"SkillPotion"},{"floor":23,"key":"AttackPotion"},{"floor":27,"key":"Poison Potion"},{"floor":31,"key":"PowerPotion"},{"floor":37,"key":"FearPotion"},{"floor":41,"key":"Dexterity Potion"},{"floor":45,"key":"Weak Potion"}],"is_trial":false,"path_per_floor":["M","$","T","?","M","R","E","R","T","E","?","R","M","E","R","B",null,"M","?","$","M","$","E","R","M","T","E","?","R","$","E","R","B",null,"M","T","M","?","T","R","E","R","T","?","M","M","$","E","R","B",null],"character_chosen":"IRONCLAD","items_purchased":["OrangePellets","Iron Wave","Feed","Panache+1","Thunderclap","SteroidPotion","Ancient Potion","War Paint"],"campfire_rested":2,"item_purchase_floors":[20,30,30,47,47,47,47,47],"current_hp_per_floor":[70,70,70,44,48,48,26,48,48,29,35,35,29,36,36,44,70,67,55,55,50,50,59,59,61,61,59,38,38,38,63,63,45,63,71,71,73,60,60,60,69,69,69,69,80,82,82,34,59,28],"gold":35,"neow_bonus":"THREE_RARE_CARDS","is_prod":false,"is_daily":false,"chose_seed":false,"campfire_upgraded":7,"win_rate":0,"timestamp":1557173182,"path_taken":["M","$","?","?","M","R","E","R","T","E","?","R","?","E","R","BOSS","M","?","$","M","$","E","R","M","T","E","?","R","?","E","R","BOSS","M","?","?","?","?","R","E","R","T","?","M","M","?","E","R","BOSS"],"build_version":"2019-04-23","purchased_purges":1,"victory":true,"max_hp_per_floor":[75,75,75,75,75,75,75,75,75,75,75,75,75,77,77,79,79,79,55,55,57,57,59,59,61,61,63,63,63,63,63,63,69,69,71,71,73,73,73,73,75,75,75,75,80,82,82,84,84,87],"card_choices":[{"not_picked":["Berserk","Juggernaut"],"picked":"Immolate","floor":0},{"not_picked":["Perfected Strike","Searing Blow","Twin Strike"],"picked":"SKIP","floor":1},{"not_picked":["Wild Strike","Shrug It Off"],"picked":"Spot Weakness","floor":5},{"not_picked":["Combust","Berserk"],"picked":"Shrug It Off","floor":7},{"not_picked":["Clash","Body Slam"],"picked":"Fiend Fire","floor":10},{"not_picked":["Armaments","Havoc"],"picked":"Battle Trance","floor":11},{"not_picked":["Clothesline","Heavy Blade"],"picked":"Metallicize","floor":13},{"not_picked":["Clash","Cleave","Pummel"],"picked":"Singing Bowl","floor":14},{"not_picked":["Limit Break","Reaper","Brutality"],"picked":"Singing Bowl","floor":16},{"not_picked":[],"picked":"Armaments","floor":18},{"not_picked":["Wild Strike"],"picked":"Singing Bowl","floor":21},{"not_picked":["Anger"],"picked":"Singing Bowl","floor":23},{"not_picked":["Hemokinesis"],"picked":"Singing Bowl","floor":25},{"not_picked":["Infernal Blade"],"picked":"Singing Bowl","floor":27},{"not_picked":[],"picked":"Pommel Strike+1","floor":31},{"not_picked":["Feed"],"picked":"Singing Bowl","floor":33},{"not_picked":["Warcry+1"],"picked":"Singing Bowl","floor":35},{"not_picked":["Entrench"],"picked":"Singing Bowl","floor":37},{"not_picked":["Rage+1"],"picked":"Singing Bowl","floor":41},{"not_picked":["Twin Strike"],"picked":"Singing Bowl","floor":45},{"not_picked":["Body Slam"],"picked":"Singing Bowl","floor":46},{"not_picked":["Anger"],"picked":"Singing Bowl","floor":48}],"player_experience":1551858,"relics_obtained":[{"floor":3,"key":"Pen Nib"},{"floor":7,"key":"Boot"},{"floor":9,"key":"Gremlin Horn"},{"floor":10,"key":"Incense Burner"},{"floor":11,"key":"Odd Mushroom"},{"floor":14,"key":"Singing Bowl"},{"floor":23,"key":"Lantern"},{"floor":27,"key":"The Courier"},{"floor":28,"key":"Enchiridion"},{"floor":31,"key":"Bag of Marbles"},{"floor":36,"key":"MawBank"},{"floor":39,"key":"Dodecahedron"},{"floor":41,"key":"Frozen Egg 2"},{"floor":43,"key":"Potion Belt"},{"floor":48,"key":"Oddly Smooth Stone"}],"event_choices":[{"damage_healed":0,"gold_gain":0,"player_choice":"Success","damage_taken":26,"relics_obtained":["Torii"],"max_hp_gain":0,"max_hp_loss":0,"event_name":"Scrap Ooze","floor":4,"gold_loss":0},{"damage_healed":0,"gold_gain":0,"player_choice":"Fought Mushrooms","damage_taken":0,"max_hp_gain":0,"max_hp_loss":0,"event_name":"Mushrooms","floor":11,"gold_loss":0},{"damage_healed":0,"gold_gain":0,"player_choice":"Became a vampire","damage_taken":0,"max_hp_gain":0,"max_hp_loss":24,"event_name":"Vampires","floor":19,"gold_loss":0,"cards_obtained":["Bite","Bite","Bite","Bite","Bite"]},{"damage_healed":0,"gold_gain":0,"player_choice":"Obtained Book","damage_taken":21,"max_hp_gain":0,"max_hp_loss":0,"event_name":"Cursed Tome","floor":28,"gold_loss":0},{"damage_healed":0,"gold_gain":0,"player_choice":"Embrace Madness","damage_taken":13,"max_hp_gain":0,"max_hp_loss":0,"event_name":"Winding Halls","floor":38,"gold_loss":0,"cards_obtained":["Madness","Madness"]},{"damage_healed":0,"gold_gain":0,"player_choice":"Ignored","damage_taken":0,"max_hp_gain":0,"max_hp_loss":0,"event_name":"Tomb of Lord Red Mask","floor":44,"gold_loss":0}],"is_beta":true,"boss_relics":[{"not_picked":["Lizard Tail","Black Star"],"picked":"Busted Crown"},{"not_picked":["Astrolabe","Runic Cube"],"picked":"Velvet Choker"}],"items_purged_floors":[2],"is_endless":false,"potions_floor_spawned":[5,7,11,16,23,27,31,37,41,45],"ascension_level":18}