{"gold_per_floor":[116,130,144,32,32,66,66,241,268,288,306,306,306,330,330,459,459,482,189,288,303,303],"floor_reached":22,"playtime":817,"items_purged":["Strike_B","Strike_B"],"score":242,"play_id":"47871023-27e4-42a8-ba90-75870d404f6f","local_time":"20181031021916","is_ascension_mode":true,"campfire_choices":[{"data":"Apotheosis","floor":7,"key":"SMITH"},{"data":"Hologram","floor":15,"key":"SMITH"}],"neow_cost":"TEN_PERCENT_HP_LOSS","seed_source_timestamp":88104656408700,"circlet_count":0,"master_deck":["Strike_B","Strike_B","Defend_B","Defend_B","Defend_B","Defend_B","Zap","Dualcast","Dark Shackles","Apotheosis+1","Self Repair","Auto Shields","Hologram+1","Melter","Doubt","Darkness+1","Reinforced Body","Creative AI","Steam","Compile Driver"],"relics":["Cracked Core","Golden Idol","DataDisk","Strawberry","Vajra","Inserter","PrismaticShard"],"potions_floor_usage":[18,22],"damage_taken":[{"damage":12,"enemies":"Small Slimes","floor":1,"turns":3},{"damage":0,"enemies":"Jaw Worm","floor":2,"turns":2},{"damage":0,"enemies":"Cultist","floor":3,"turns":4},{"damage":21,"enemies":"Gremlin Nob","floor":6,"turns":5},{"damage":13,"enemies":"Blue Slaver","floor":10,"turns":3},{"damage":1,"enemies":"Large Slime","floor":11,"turns":4},{"damage":0,"enemies":"2 Fungi Beasts","floor":14,"turns":2},{"damage":22,"enemies":"The Guardian","floor":16,"turns":11},{"damage":36,"enemies":"3 Byrds","floor":18,"turns":6},{"damage":5,"enemies":"Spheric Guardian","floor":21,"turns":4},{"damage":34,"enemies":"Centurion and Healer","floor":22,"turns":6}],"seed_played":"2071547201736908078","potions_obtained":[{"floor":1,"key":"EssenceOfSteel"},{"floor":3,"key":"SpeedPotion"},{"floor":14,"key":"Block Potion"},{"floor":18,"key":"Dexterity Potion"}],"is_trial":false,"path_per_floor":["M","M","M","$","?","E","R","?","T","M","M","?","?","M","R","B",null,"M","$","?","M"],"character_chosen":"DEFECT","items_purchased":["Melter","PrismaticShard"],"campfire_rested":0,"item_purchase_floors":[4,19],"current_hp_per_floor":[56,56,66,66,49,38,38,38,45,42,51,51,48,58,58,43,67,31,31,31,26,0],"gold":303,"neow_bonus":"RANDOM_COLORLESS_2","is_prod":false,"is_daily":false,"chose_seed":false,"campfire_upgraded":2,"win_rate":0,"timestamp":1540966756,"path_taken":["M","M","M","$","?","E","R","?","T","M","M","?","?","?","R","BOSS","M","$","?","M","M"],"build_version":"2018-10-25v2","purchased_purges":2,"victory":false,"max_hp_per_floor":[68,68,68,68,68,68,68,68,75,75,75,75,75,75,75,75,75,75,75,75,75,75],"card_choices":[{"not_picked":["Scrape","Ball Lightning"],"picked":"Self Repair","floor":1},{"not_picked":["Barrage","Rebound"],"picked":"Auto Shields","floor":2},{"not_picked":["Beam Cell","Coolheaded"],"picked":"Hologram","floor":3},{"not_picked":["Barrage","Rip and Tear","Undo"],"picked":"SKIP","floor":6},{"not_picked":["Redo","Leap"],"picked":"Darkness","floor":10},{"not_picked":["Self Repair","FTL"],"picked":"Reinforced Body","floor":11},{"not_picked":["Turbo","Beam Cell","Stack"],"picked":"SKIP","floor":14},{"not_picked":["Amplify","Electrodynamics"],"picked":"Creative AI","floor":16},{"not_picked":["Reprogram","Turbo"],"picked":"Steam","floor":18},{"not_picked":["Ball Lightning","Gash"],"picked":"Compile Driver","floor":21}],"player_experience":1539087,"relics_obtained":[{"floor":6,"key":"DataDisk"},{"floor":9,"key":"Strawberry"}],"event_choices":[{"damage_healed":0,"gold_gain":0,"player_choice":"Take Damage","damage_taken":17,"relics_obtained":["Golden Idol"],"max_hp_gain":0,"max_hp_loss":0,"event_name":"Golden Idol","floor":5,"gold_loss":0},{"damage_healed":0,"gold_gain":175,"player_choice":"AGREE","damage_taken":0,"max_hp_gain":0,"max_hp_loss":0,"event_name":"Liars Game","floor":8,"gold_loss":0,"cards_obtained":["Doubt"]},{"damage_healed":0,"gold_gain":0,"player_choice":"Upgraded","damage_taken":0,"max_hp_gain":0,"max_hp_loss":0,"event_name":"Upgrade Shrine","floor":12,"gold_loss":0,"cards_upgraded":["Darkness"]},{"damage_healed":0,"gold_gain":0,"player_choice":"Success","damage_taken":3,"relics_obtained":["Vajra"],"max_hp_gain":0,"max_hp_loss":0,"event_name":"Scrap Ooze","floor":13,"gold_loss":0},{"damage_healed":0,"gold_gain":99,"player_choice":"Stole From Cult","damage_taken":0,"max_hp_gain":0,"max_hp_loss":0,"event_name":"Nest","floor":20,"gold_loss":0}],"is_beta":false,"boss_relics":[{"not_picked":["Tiny House","Pandora\u0027s Box"],"picked":"Inserter"}],"items_purged_floors":[4,19],"is_endless":false,"potions_floor_spawned":[1,3,14,18,21],"killed_by":"Centurion and Healer","ascension_level":6}