{"gold_per_floor":[117,8,26,46,121,121,148,162,162,162,182,198,198,226,226,305,305,305,205,205,205,205,205,205,205,205,23,23,23,23,23,23,23],"floor_reached":33,"playtime":2218,"items_purged":["Strike_B"],"score":589,"play_id":"8290465f-2c58-43a6-a66f-49f8275958f6","local_time":"20190509213310","is_ascension_mode":true,"campfire_choices":[{"data":"Conserve Battery","floor":6,"key":"SMITH"},{"floor":10,"key":"REST"},{"floor":13,"key":"REST"},{"data":"Multi-Cast","floor":15,"key":"SMITH"},{"floor":24,"key":"REST"},{"floor":30,"key":"REST"},{"floor":32,"key":"REST"}],"neow_cost":"NONE","seed_source_timestamp":1580022019591792,"circlet_count":0,"master_deck":["AscendersBane","Strike_B","Strike_B","Strike_B","Defend_B","Defend_B","Defend_B","Defend_B","Zap","Dualcast","Ball Lightning","Capacitor","Conserve Battery+1","Multi-Cast+1","Stack","Ball Lightning","Sweeping Beam","FTL","Creative AI","FTL","Barrage","Go for the Eyes","Compile Driver","Defragment","Leap+1","Coolheaded+1","Auto Shields+1"],"relics":["Cracked Core","NeowsBlessing","Symbiotic Virus","Incense Burner","Peace Pipe","Ancient Tea Set","Ectoplasm","Strawberry","Toxic Egg 2","Darkstone Periapt","Pear"],"potions_floor_usage":[12,14,16,23],"damage_taken":[{"damage":0,"enemies":"Jaw Worm","floor":1,"turns":1},{"damage":0,"enemies":"Cultist","floor":3,"turns":1},{"damage":0,"enemies":"2 Louse","floor":4,"turns":1},{"damage":40,"enemies":"3 Sentries","floor":7,"turns":9},{"damage":6,"enemies":"2 Fungi Beasts","floor":8,"turns":3},{"damage":7,"enemies":"Exordium Wildlife","floor":11,"turns":4},{"damage":9,"enemies":"Lots of Slimes","floor":12,"turns":3},{"damage":0,"enemies":"Lagavulin","floor":14,"turns":3},{"damage":31,"enemies":"The Guardian","floor":16,"turns":7},{"damage":6,"enemies":"Spheric Guardian","floor":18,"turns":3},{"damage":9,"enemies":"2 Thieves","floor":19,"turns":4},{"damage":12,"enemies":"3 Cultists","floor":22,"turns":4},{"damage":27,"enemies":"Book of Stabbing","floor":23,"turns":4},{"damage":18,"enemies":"Snecko","floor":28,"turns":3},{"damage":25,"enemies":"Snake Plant","floor":31,"turns":3},{"damage":49,"enemies":"Automaton","floor":33,"turns":8}],"seed_played":"3150503318173181310","potions_obtained":[{"floor":8,"key":"PowerPotion"},{"floor":11,"key":"PowerPotion"},{"floor":14,"key":"SkillPotion"},{"floor":22,"key":"SkillPotion"},{"floor":23,"key":"Ancient Potion"}],"is_trial":false,"path_per_floor":["M","?","M","M","?","R","E","M","T","R","M","M","R","E","R","B",null,"M","M","?","T","M","E","R","T","T","$","M","$","R","M","R","B"],"character_chosen":"DEFECT","items_purchased":["Defragment","Leap+1"],"campfire_rested":5,"item_purchase_floors":[27,27],"current_hp_per_floor":[64,64,64,64,53,53,13,7,7,28,21,12,33,33,33,2,54,48,39,39,46,34,7,30,30,40,40,22,22,48,23,49,0],"gold":23,"neow_bonus":"THREE_ENEMY_KILL","is_prod":false,"is_daily":false,"chose_seed":false,"campfire_upgraded":2,"win_rate":0,"timestamp":1557430390,"path_taken":["M","?","?","M","?","R","E","M","T","R","M","M","R","E","R","BOSS","M","M","?","?","?","E","R","?","T","$","M","?","R","M","R","BOSS"],"build_version":"2019-05-07","purchased_purges":1,"victory":false,"max_hp_per_floor":[71,71,71,71,71,71,71,71,71,71,71,71,71,71,71,71,71,71,71,71,78,78,78,78,78,88,88,88,88,88,88,88,88],"card_choices":[{"not_picked":["Beam Cell","Scrape"],"picked":"Ball Lightning","floor":1},{"not_picked":["Undo","Loop"],"picked":"Capacitor","floor":3},{"not_picked":["Sweeping Beam","Recycle"],"picked":"Conserve Battery","floor":4},{"not_picked":["Barrage","Leap"],"picked":"Multi-Cast","floor":7},{"not_picked":["Hologram","Lockon"],"picked":"Stack","floor":8},{"not_picked":["Compile Driver","Conserve Battery"],"picked":"Ball Lightning","floor":11},{"not_picked":["Steam","Gash"],"picked":"Sweeping Beam","floor":12},{"not_picked":["Beam Cell","Sweeping Beam"],"picked":"FTL","floor":14},{"not_picked":["Meteor Strike","Reboot"],"picked":"Creative AI","floor":16},{"not_picked":["Hologram","Sunder"],"picked":"FTL","floor":18},{"not_picked":["Beam Cell","Turbo"],"picked":"Barrage","floor":19},{"not_picked":["Redo","Leap"],"picked":"Go for the Eyes","floor":22},{"not_picked":["Ball Lightning","Redo"],"picked":"Compile Driver","floor":23},{"not_picked":["Hello World","BootSequence+1"],"picked":"Coolheaded+1","floor":28},{"not_picked":["Undo+1","Sunder+1"],"picked":"Auto Shields+1","floor":31}],"player_experience":1683365,"relics_obtained":[{"floor":7,"key":"Incense Burner"},{"floor":9,"key":"Peace Pipe"},{"floor":14,"key":"Ancient Tea Set"},{"floor":21,"key":"Strawberry"},{"floor":23,"key":"Toxic Egg 2"},{"floor":25,"key":"Darkstone Periapt"},{"floor":26,"key":"Pear"}],"event_choices":[{"damage_healed":0,"gold_gain":0,"player_choice":"Paid Gold","damage_taken":0,"relics_obtained":["Symbiotic Virus"],"max_hp_gain":0,"max_hp_loss":0,"event_name":"WeMeetAgain","floor":2,"gold_loss":109},{"damage_healed":0,"gold_gain":75,"player_choice":"Gather Gold","damage_taken":11,"max_hp_gain":0,"max_hp_loss":0,"event_name":"World of Goop","floor":5,"gold_loss":0},{"damage_healed":0,"gold_gain":0,"player_choice":"Ignored","damage_taken":0,"max_hp_gain":0,"max_hp_loss":0,"event_name":"The Mausoleum","floor":20,"gold_loss":0}],"is_beta":true,"boss_relics":[{"not_picked":["Black Star","Eternal Feather"],"picked":"Ectoplasm"}],"items_purged_floors":[27],"is_endless":false,"potions_floor_spawned":[8,11,14,22,23],"killed_by":"Automaton","ascension_level":19}