{"gold_per_floor":[112,128,148,163,163,163,194,213,239,239,23,173,191,0,0,71,71,86,103,103,103,103],"floor_reached":22,"playtime":766,"items_purged":["Strike_B"],"score":326,"play_id":"eee1daef-bab6-4a43-8cba-1e8568f09e5c","local_time":"20190430184915","is_ascension_mode":true,"campfire_choices":[{"data":"Defragment","floor":6,"key":"SMITH"},{"floor":10,"key":"REST"},{"floor":15,"key":"REST"}],"neow_cost":"NONE","seed_source_timestamp":794038451525047,"circlet_count":0,"master_deck":["AscendersBane","Strike_B","Strike_B","Defend_B","Defend_B","Defend_B","Defend_B","Zap","Dualcast","Sweeping Beam","Go for the Eyes","Defragment+1","Coolheaded","Leap","Reinforced Body","Barrage","Compile Driver","Doubt","Leap","Doom and Gloom","Multi-Cast","Gash+1","Compile Driver+1"],"relics":["Cracked Core","Bronze Scales","Dream Catcher","Tiny Chest","DataDisk","Inserter"],"potions_floor_usage":[7,8],"damage_taken":[{"damage":8,"enemies":"Jaw Worm","floor":1,"turns":4},{"damage":1,"enemies":"Cultist","floor":2,"turns":3},{"damage":5,"enemies":"Small Slimes","floor":3,"turns":2},{"damage":13,"enemies":"Looter","floor":4,"turns":4},{"damage":24,"enemies":"Gremlin Nob","floor":7,"turns":4},{"damage":8,"enemies":"Exordium Wildlife","floor":8,"turns":4},{"damage":1,"enemies":"3 Louse","floor":13,"turns":2},{"damage":27,"enemies":"Slime Boss","floor":16,"turns":11},{"damage":10,"enemies":"3 Byrds","floor":18,"turns":4},{"damage":29,"enemies":"2 Thieves","floor":19,"turns":4},{"damage":20,"enemies":"Snake Plant","floor":22,"turns":3}],"seed_played":"-7050806209732069125","potions_obtained":[{"floor":0,"key":"SkillPotion"},{"floor":0,"key":"Energy Potion"}],"is_trial":false,"path_per_floor":["M","M","M","M","?","R","E","M","T","R","$","?","M","$","R","B",null,"M","M","?","?","M"],"character_chosen":"DEFECT","items_purchased":["Tiny Chest","Compile Driver","DataDisk","Doom and Gloom"],"campfire_rested":2,"item_purchase_floors":[11,11,14,14],"current_hp_per_floor":[56,55,50,37,37,37,13,5,5,26,26,26,25,25,46,19,58,48,19,19,19,0],"gold":103,"neow_bonus":"THREE_SMALL_POTIONS","is_prod":false,"is_daily":false,"chose_seed":false,"campfire_upgraded":1,"win_rate":0,"timestamp":1556642955,"path_taken":["M","M","M","M","?","R","E","?","T","R","$","?","M","$","R","BOSS","M","M","?","?","M"],"build_version":"2019-04-23","purchased_purges":1,"victory":false,"max_hp_per_floor":[71,71,71,71,71,71,71,71,71,71,71,71,71,71,71,71,71,71,71,71,71,71],"card_choices":[{"not_picked":["Auto Shields","Recycle"],"picked":"Sweeping Beam","floor":1},{"not_picked":["Hello World","Darkness"],"picked":"Go for the Eyes","floor":2},{"not_picked":["Consume","Auto Shields"],"picked":"Defragment","floor":3},{"not_picked":["Fusion","Rebound"],"picked":"Coolheaded","floor":4},{"not_picked":["Cold Snap","Turbo"],"picked":"Leap","floor":7},{"not_picked":["Cold Snap","Chill"],"picked":"Reinforced Body","floor":8},{"not_picked":["Beam Cell","Meteor Strike"],"picked":"Barrage","floor":10},{"not_picked":["Redo","Storm"],"picked":"Leap","floor":13},{"not_picked":["Hyperbeam","Amplify"],"picked":"Multi-Cast","floor":16},{"not_picked":["Barrage","Heatsinks"],"picked":"Gash+1","floor":18},{"not_picked":["Fusion","Cold Snap"],"picked":"Compile Driver+1","floor":19}],"player_experience":1367815,"relics_obtained":[{"floor":7,"key":"Bronze Scales"},{"floor":9,"key":"Dream Catcher"}],"event_choices":[{"cards_removed":["Strike_B"],"damage_healed":0,"gold_gain":0,"player_choice":"Offered Basic","damage_taken":0,"max_hp_gain":0,"max_hp_loss":0,"event_name":"Bonfire Elementals","floor":5,"gold_loss":0},{"damage_healed":0,"gold_gain":150,"player_choice":"AGREE","damage_taken":0,"max_hp_gain":0,"max_hp_loss":0,"event_name":"Liars Game","floor":12,"gold_loss":0,"cards_obtained":["Doubt"]},{"damage_healed":0,"gold_gain":0,"player_choice":"Ignored","damage_taken":0,"max_hp_gain":0,"max_hp_loss":0,"event_name":"Ghosts","floor":20,"gold_loss":0},{"damage_healed":0,"gold_gain":0,"player_choice":"Ignored","damage_taken":0,"max_hp_gain":0,"max_hp_loss":0,"event_name":"Cursed Tome","floor":21,"gold_loss":0}],"is_beta":true,"boss_relics":[{"not_picked":["White Beast Statue","Black Star"],"picked":"Inserter"}],"items_purged_floors":[11],"is_endless":false,"potions_floor_spawned":[3,4],"killed_by":"Snake Plant","ascension_level":15}