{"path_per_floor":["M","?","?","M","M","E","R","M","T","R","M","$","M","?","R","B",null,"M","$","M","M","M","R"],"character_chosen":"IRONCLAD","items_purchased":["Feed","Metallicize","Bronze Scales"],"gold_per_floor":[112,62,62,81,92,118,118,134,157,157,177,21,35,35,35,133,133,149,2,14,32,43,43],"floor_reached":24,"campfire_rested":1,"playtime":2825,"current_hp_per_floor":[72,72,58,64,70,40,40,33,33,33,39,39,48,48,48,15,79,78,78,76,60,29,53],"items_purged":[],"gold":43,"play_id":"f9b106aa-40e8-4f01-b317-9dfa4ecbb491","is_prod":false,"is_daily":false,"is_ascension_mode":false,"campfire_upgraded":3,"path_taken":["M","?","?","M","M","E","R","?","T","R","M","$","M","?","R","BOSS","M","$","M","M","M","R","E"],"build_version":"2018-01-25-PROD3","purchased_purges":0,"victory":false,"master_deck":["Strike_R+1","Strike_R+1","Strike_R+1","Strike_R","Bash+1","Intimidate","Feel No Pain","True Grit","Warcry","Anger+1","Whirlwind+1","Headbutt","Pummel","Feed+1","Metallicize","Warcry","Offering","Clash+1","Fiend Fire+1","Pain","Pommel Strike","Dropkick","Warcry","Ghostly Armor+1"],"max_hp_per_floor":[72,72,72,72,72,72,72,72,72,72,72,72,75,75,75,79,79,79,79,79,83,83,83],"relics":["Burning Blood","Self Forming Clay","Whetstone","Dodecahedron","Astrolabe","Bronze Scales"],"card_choices":[{"not_picked":["Clash","Havoc"],"picked":"True Grit"},{"not_picked":["Shrug It Off","Wild Strike"],"picked":"Warcry"},{"not_picked":["Limit Break","Power Through"],"picked":"Anger"},{"not_picked":["Sword Boomerang","Double Tap"],"picked":"Whirlwind"},{"not_picked":["Iron Wave","Anger"],"picked":"Headbutt"},{"not_picked":["Heavy Blade","Headbutt"],"picked":"Pummel"},{"not_picked":["Sword Boomerang","Combust"],"picked":"Warcry"},{"not_picked":["Juggernaut","Double Tap"],"picked":"Offering"},{"not_picked":["Wild Strike","Armaments"],"picked":"Pommel Strike"},{"not_picked":["Sword Boomerang","Searing Blow"],"picked":"Dropkick"},{"not_picked":["Twin Strike","Flex"],"picked":"Warcry"},{"not_picked":["Body Slam","Wild Strike"],"picked":"Ghostly Armor"}],"player_experience":262104,"potions_floor_usage":[16],"damage_taken":[{"damage":0,"enemies":"2 Louse","floor":1,"turns":3},{"damage":0,"enemies":"Small Slimes","floor":4,"turns":3},{"damage":0,"enemies":"Cultist","floor":5,"turns":4},{"damage":36,"enemies":"Lagavulin","floor":6,"turns":6},{"damage":13,"enemies":"2 Fungi Beasts","floor":8,"turns":3},{"damage":0,"enemies":"Large Slime","floor":11,"turns":3},{"damage":0,"enemies":"Exordium Wildlife","floor":13,"turns":2},{"damage":58,"enemies":"Slime Boss","floor":16,"turns":10},{"damage":7,"enemies":"Chosen","floor":18,"turns":4},{"damage":8,"enemies":"3 Byrds","floor":20,"turns":3},{"damage":26,"enemies":"Snake Plant","floor":21,"turns":4},{"damage":37,"enemies":"Chosen and Byrds","floor":22,"turns":7},{"damage":54,"enemies":"Gremlin Leader","floor":24,"turns":4}],"event_choices":[{"event_name":"The Cleric","player_choice":"Card Removal","floor":2,"damage_taken":0},{"event_name":"Shining Light","player_choice":"Entered Light","floor":3,"damage_taken":0},{"event_name":"Accursed Blacksmith","player_choice":"Rummage","floor":14,"damage_taken":0}],"boss_relics":[{"not_picked":["White Beast Statue","Orrery"],"picked":"Astrolabe"}],"potions_floor_spawned":[4,5,11,20],"seed_played":"5268548497177727954","killed_by":"Gremlin Leader","ascension_level":0,"is_trial":false}