{"gold_per_floor":[111,111,123,66,66,66,82,117,144,144,144],"floor_reached":11,"playtime":249,"items_purged":[],"score":138,"play_id":"d5f3e816-063e-4b4d-90da-981f058ae413","local_time":"20190510185521","is_ascension_mode":true,"campfire_choices":[{"data":"Conserve Battery","floor":6,"key":"SMITH"},{"floor":10,"key":"REST"}],"neow_cost":"NONE","seed_source_timestamp":1658921357764461,"circlet_count":0,"master_deck":["AscendersBane","Strike_B","Strike_B","Strike_B","Defend_B","Defend_B","Defend_B+1","Defend_B","Zap+1","Dualcast","Ball Lightning","Conserve Battery+1","Coolheaded","Biased Cognition","Reinforced Body"],"relics":["Cracked Core","NeowsBlessing","Smiling Mask","Blood Vial"],"potions_floor_usage":[8],"damage_taken":[{"damage":0,"enemies":"Jaw Worm","floor":1,"turns":1},{"damage":0,"enemies":"Small Slimes","floor":3,"turns":1},{"damage":0,"enemies":"2 Louse","floor":7,"turns":1},{"damage":14,"enemies":"Gremlin Nob","floor":8,"turns":3},{"damage":47,"enemies":"3 Sentries","floor":11,"turns":11}],"seed_played":"3194853786848402816","potions_obtained":[{"floor":7,"key":"Swift Potion"}],"is_trial":false,"path_per_floor":["M","?","M","$","?","R","M","E","T","R","E"],"character_chosen":"DEFECT","items_purchased":["Coolheaded"],"campfire_rested":1,"item_purchase_floors":[4],"current_hp_per_floor":[64,43,43,43,36,36,36,22,22,43,0],"gold":144,"neow_bonus":"THREE_ENEMY_KILL","is_prod":false,"is_daily":false,"chose_seed":false,"campfire_upgraded":1,"win_rate":0,"timestamp":1557507321,"path_taken":["M","?","M","$","?","R","M","E","T","R","E"],"build_version":"2019-05-07","purchased_purges":0,"victory":false,"max_hp_per_floor":[71,71,71,71,71,71,71,71,71,71,71],"card_choices":[{"not_picked":["Rebound","Conserve Battery"],"picked":"Ball Lightning","floor":1},{"not_picked":["Barrage","Steam"],"picked":"Conserve Battery","floor":3},{"not_picked":["Streamline","Cold Snap"],"picked":"Biased Cognition","floor":7},{"not_picked":["Beam Cell","Go for the Eyes"],"picked":"Reinforced Body","floor":8}],"player_experience":1719241,"relics_obtained":[{"floor":8,"key":"Smiling Mask"},{"floor":9,"key":"Blood Vial"}],"event_choices":[{"damage_healed":0,"gold_gain":0,"player_choice":"Entered Light","damage_taken":21,"max_hp_gain":0,"max_hp_loss":0,"event_name":"Shining Light","floor":2,"gold_loss":0,"cards_upgraded":["Zap","Defend_B"]},{"cards_removed":["Strike_B"],"damage_healed":0,"gold_gain":0,"player_choice":"Card Removal","damage_taken":7,"max_hp_gain":0,"max_hp_loss":0,"event_name":"Golden Wing","floor":5,"gold_loss":0}],"is_beta":true,"boss_relics":[],"items_purged_floors":[],"is_endless":false,"potions_floor_spawned":[7],"killed_by":"3 Sentries","ascension_level":19}