{"gold_per_floor":[17,17,17,17,92,92,117,24,51,51],"floor_reached":10,"playtime":4684,"items_purged":[],"score":124,"play_id":"1a031844-4758-4c71-a706-8754d4b4997d","local_time":"20190513181025","is_ascension_mode":true,"campfire_choices":[{"data":"Barricade","floor":6,"key":"SMITH"}],"neow_cost":"NO_GOLD","seed_source_timestamp":1910978892814301,"circlet_count":0,"master_deck":["AscendersBane","Strike_R","Strike_R","Strike_R","Strike_R","Strike_R","Defend_R+1","Defend_R","Defend_R+1","Defend_R+1","Bash+1","Barricade+1","Flame Barrier+1","Metallicize","Feel No Pain","Body Slam"],"relics":["Burning Blood","Pear","War Paint"],"potions_floor_usage":[10],"damage_taken":[{"damage":4,"enemies":"2 Louse","floor":1,"turns":3},{"damage":22,"enemies":"Lagavulin","floor":7,"turns":10},{"damage":35,"enemies":"Gremlin Nob","floor":10,"turns":4}],"seed_played":"-4684913275641928359","potions_obtained":[{"floor":1,"key":"Dexterity Potion"}],"is_trial":false,"path_per_floor":["M","?","$","?","?","R","E","$","T","E"],"character_chosen":"IRONCLAD","items_purchased":["Feel No Pain","Body Slam"],"campfire_rested":0,"item_purchase_floors":[8,8],"current_hp_per_floor":[70,47,47,47,36,36,30,30,30,0],"gold":51,"neow_bonus":"THREE_RARE_CARDS","is_prod":false,"is_daily":false,"chose_seed":false,"campfire_upgraded":1,"win_rate":0,"timestamp":1557763825,"path_taken":["M","?","$","?","?","R","E","?","T","E"],"build_version":"2019-05-07","purchased_purges":0,"victory":false,"max_hp_per_floor":[75,75,75,75,75,75,85,85,85,85],"card_choices":[{"not_picked":["Berserk","Double Tap"],"picked":"Barricade","floor":0},{"not_picked":["Rampage","Clothesline"],"picked":"Flame Barrier","floor":1},{"not_picked":["Burning Pact","Havoc"],"picked":"Metallicize","floor":7}],"player_experience":1878069,"relics_obtained":[{"floor":7,"key":"Pear"},{"floor":9,"key":"War Paint"}],"event_choices":[{"damage_healed":0,"gold_gain":0,"player_choice":"Entered Light","damage_taken":23,"max_hp_gain":0,"max_hp_loss":0,"event_name":"Shining Light","floor":2,"gold_loss":0,"cards_upgraded":["Defend_R","Defend_R"]},{"damage_healed":0,"gold_gain":0,"player_choice":"Grow","damage_taken":0,"max_hp_gain":0,"max_hp_loss":0,"event_name":"Living Wall","floor":4,"gold_loss":0,"cards_upgraded":["Bash"]},{"damage_healed":0,"gold_gain":75,"player_choice":"Gather Gold","damage_taken":11,"max_hp_gain":0,"max_hp_loss":0,"event_name":"World of Goop","floor":5,"gold_loss":0}],"is_beta":true,"boss_relics":[],"items_purged_floors":[],"is_endless":false,"potions_floor_spawned":[1],"killed_by":"Gremlin Nob","ascension_level":20}