{"gold_per_floor":[119,139,289,174,174,199,199,199,199,35,59,59,69,102,102,175,175,193,48,48,66,66,99,99,134,211,211,221,40,70,84,84,155,155,167,185,205,125,125,152,152,152],"floor_reached":42,"playtime":1573,"items_purged":["Doubt","Anger"],"score":955,"play_id":"f39e3aa4-3ce2-42c4-b90d-d0b6d3d976d4","local_time":"20190503214301","is_ascension_mode":true,"campfire_choices":[{"data":"Bash","floor":7,"key":"SMITH"},{"data":"Combust","floor":12,"key":"SMITH"},{"data":"Clothesline","floor":15,"key":"SMITH"},{"data":"Flame Barrier","floor":24,"key":"SMITH"},{"data":"Whirlwind","floor":27,"key":"SMITH"},{"floor":32,"key":"REST"},{"floor":41,"key":"REST"}],"neow_cost":"NONE","seed_source_timestamp":1062856569817789,"circlet_count":0,"master_deck":["AscendersBane","Strike_R","Strike_R","Strike_R","Strike_R","Strike_R","Defend_R","Defend_R","Defend_R","Defend_R","Bash+1","Iron Wave","Clothesline+1","Combust+1","Rupture","Blood for Blood","Hemokinesis","Flame Barrier+1","Impervious","Whirlwind+1","Iron Wave","Thunderclap","Inflame","Hemokinesis+1","Uppercut","Shrug It Off","Disarm","Heavy Blade","Demon Form","Armaments+1"],"relics":["Burning Blood","NeowsBlessing","Orichalcum","Ancient Tea Set","The Courier","Blood Vial","Vajra","Happy Flower","Runic Cube","Regal Pillow","Red Skull","Spirit Poop","Pantograph","Incense Burner","Bottled Flame","Bronze Scales","Self Forming Clay","Velvet Choker","Matryoshka"],"potions_floor_usage":[14,16,33,33,39],"damage_taken":[{"damage":0,"enemies":"Jaw Worm","floor":1,"turns":1},{"damage":0,"enemies":"Small Slimes","floor":2,"turns":1},{"damage":0,"enemies":"Gremlin Nob","floor":6,"turns":1},{"damage":0,"enemies":"2 Louse","floor":13,"turns":2},{"damage":16,"enemies":"Lagavulin","floor":14,"turns":4},{"damage":40,"enemies":"Hexaghost","floor":16,"turns":8},{"damage":4,"enemies":"Chosen","floor":18,"turns":5},{"damage":8,"enemies":"Spheric Guardian","floor":21,"turns":4},{"damage":38,"enemies":"Book of Stabbing","floor":23,"turns":5},{"damage":9,"enemies":"Slavers","floor":25,"turns":3},{"damage":11,"enemies":"Snecko","floor":28,"turns":4},{"damage":28,"enemies":"Book of Stabbing","floor":30,"turns":4},{"damage":14,"enemies":"Snake Plant","floor":31,"turns":3},{"damage":63,"enemies":"Automaton","floor":33,"turns":8},{"damage":0,"enemies":"3 Shapes","floor":35,"turns":1},{"damage":20,"enemies":"3 Darklings","floor":36,"turns":3},{"damage":19,"enemies":"Maw","floor":37,"turns":7},{"damage":0,"enemies":"Spire Growth","floor":39,"turns":1},{"damage":58,"enemies":"Reptomancer","floor":40,"turns":5},{"damage":51,"enemies":"Giant Head","floor":42,"turns":7}],"seed_played":"-8276529368509479876","potions_obtained":[{"floor":1,"key":"AttackPotion"},{"floor":2,"key":"Block Potion"},{"floor":28,"key":"FearPotion"},{"floor":30,"key":"Block Potion"},{"floor":37,"key":"SmokeBomb"}],"is_trial":false,"path_per_floor":["M","M","?","$","?","E","R","?","T","$","T","R","M","E","R","B",null,"M","$","?","M","?","E","R","E","T","R","M","$","E","M","R","B",null,"M","M","M","$","M","E","R","E"],"character_chosen":"IRONCLAD","items_purchased":["Combust","Blood Vial","Blood for Blood","Iron Wave","Regal Pillow","Bronze Scales","Shrug It Off"],"campfire_rested":2,"item_purchase_floors":[4,10,10,19,19,29,29],"current_hp_per_floor":[74,75,75,75,80,80,80,69,69,69,69,69,77,69,69,37,69,73,73,73,73,73,43,43,42,42,42,39,39,19,13,52,22,66,74,62,51,51,59,9,48,0],"gold":152,"neow_bonus":"THREE_ENEMY_KILL","is_prod":false,"is_daily":false,"chose_seed":false,"campfire_upgraded":5,"win_rate":0,"timestamp":1556912581,"path_taken":["M","M","?","$","?","E","R","?","T","$","?","R","?","E","R","BOSS","M","$","?","M","?","E","R","E","T","R","M","$","E","?","R","BOSS","M","M","M","$","M","E","R","E"],"build_version":"2019-04-23","purchased_purges":2,"victory":false,"max_hp_per_floor":[75,75,75,75,80,80,80,80,80,80,80,80,80,80,80,80,80,80,80,80,80,80,80,80,80,80,80,80,80,80,80,80,80,80,80,80,80,80,80,80,80,80],"card_choices":[{"not_picked":["Entrench","Havoc"],"picked":"Iron Wave","floor":1},{"not_picked":["Anger","Burning Pact"],"picked":"Clothesline","floor":2},{"not_picked":["Reckless Charge","Sword Boomerang"],"picked":"Rupture","floor":6},{"not_picked":["Body Slam","Warcry"],"picked":"Hemokinesis","floor":13},{"not_picked":["Carnage","Rampage"],"picked":"Flame Barrier","floor":14},{"not_picked":["Exhume","Barricade"],"picked":"Impervious","floor":16},{"not_picked":["True Grit","Battle Trance"],"picked":"Whirlwind","floor":18},{"not_picked":["Cleave","Fire Breathing"],"picked":"Thunderclap","floor":21},{"not_picked":["Havoc","Shockwave"],"picked":"Inflame","floor":23},{"not_picked":["Sentinel","Ghostly Armor"],"picked":"Hemokinesis+1","floor":25},{"not_picked":["Pommel Strike","Blood for Blood"],"picked":"Uppercut","floor":28},{"not_picked":["Metallicize","Clash"],"picked":"Disarm","floor":30},{"not_picked":["Carnage","Second Wind+1"],"picked":"Heavy Blade","floor":31},{"not_picked":["Fiend Fire","Double Tap"],"picked":"Demon Form","floor":33},{"not_picked":["Evolve+1","Whirlwind"],"picked":"Anger","floor":35},{"not_picked":["Twin Strike","Wild Strike","Entrench+1"],"picked":"SKIP","floor":36},{"not_picked":["Bloodletting","Second Wind"],"picked":"Armaments+1","floor":37},{"not_picked":["Flex","Havoc","Armaments"],"picked":"SKIP","floor":40}],"player_experience":1478707,"relics_obtained":[{"floor":6,"key":"Orichalcum"},{"floor":9,"key":"The Courier"},{"floor":11,"key":"Vajra"},{"floor":14,"key":"Happy Flower"},{"floor":23,"key":"Pantograph"},{"floor":25,"key":"Incense Burner"},{"floor":26,"key":"Bottled Flame"},{"floor":30,"key":"Self Forming Clay"},{"floor":40,"key":"Matryoshka"}],"event_choices":[{"damage_healed":0,"gold_gain":150,"player_choice":"AGREE","damage_taken":0,"max_hp_gain":0,"max_hp_loss":0,"event_name":"Liars Game","floor":3,"gold_loss":0,"cards_obtained":["Doubt"]},{"damage_healed":0,"gold_gain":0,"player_choice":"Donut","damage_taken":0,"max_hp_gain":5,"max_hp_loss":0,"event_name":"Big Fish","floor":5,"gold_loss":0},{"damage_healed":0,"gold_gain":0,"player_choice":"Success","damage_taken":11,"relics_obtained":["Ancient Tea Set"],"max_hp_gain":0,"max_hp_loss":0,"event_name":"Scrap Ooze","floor":8,"gold_loss":0},{"damage_healed":0,"gold_gain":0,"player_choice":"Stole Relic","damage_taken":0,"relics_obtained":["Red Skull"],"max_hp_gain":0,"max_hp_loss":0,"event_name":"Addict","floor":20,"gold_loss":0,"cards_obtained":["Shame"]},{"cards_removed":["Shame"],"damage_healed":0,"gold_gain":0,"player_choice":"Offered Curse","damage_taken":0,"relics_obtained":["Spirit Poop"],"max_hp_gain":0,"max_hp_loss":0,"event_name":"Bonfire Elementals","floor":22,"gold_loss":0}],"is_beta":true,"boss_relics":[{"not_picked":["Eternal Feather","Philosopher\u0027s Stone"],"picked":"Runic Cube"},{"not_picked":["Pandora\u0027s Box","White Beast Statue"],"picked":"Velvet Choker"}],"items_purged_floors":[4,38],"is_endless":false,"potions_floor_spawned":[1,2,6,28,30,31,37,39],"killed_by":"Giant Head","ascension_level":17}