{"gold_per_floor":[117,292,302,27,27,65,17,17,17,17,17,57,69,94,106,248,260,296,331,343,355],"floor_reached":21,"playtime":1038,"items_purged":["Doubt"],"score":204,"play_id":"adadfc6a-6188-40b9-922e-95386505dbd7","local_time":"20180829001607","is_ascension_mode":true,"campfire_choices":[{"data":"Echo Form","floor":8,"key":"SMITH"},{"floor":10,"key":"REST"},{"floor":13,"key":"REST"},{"data":"Loop","floor":15,"key":"SMITH"}],"neow_cost":"NONE","seed_source_timestamp":603227152140642,"circlet_count":0,"master_deck":["Strike_B","Strike_B","Strike_B","Strike_B","Defend_B","Defend_B","Defend_B","Defend_B","Zap","Dualcast","Ball Lightning","Leap","Echo Form+1","Leap","Loop+1","Echo Form","Consume","Defragment","Echo Form+1"],"relics":["Cracked Core","Toy Ornithopter","Golden Idol","Girya","Question Card","MawBank","Runic Pyramid"],"potions_floor_usage":[16],"damage_taken":[{"damage":1,"enemies":"Cultist","floor":1,"turns":3},{"damage":2,"enemies":"Jaw Worm","floor":3,"turns":3},{"damage":17,"enemies":"Lagavulin","floor":6,"turns":6},{"damage":26,"enemies":"3 Sentries","floor":12,"turns":7},{"damage":0,"enemies":"2 Louse","floor":14,"turns":2},{"damage":47,"enemies":"Hexaghost","floor":16,"turns":9},{"damage":11,"enemies":"Chosen","floor":18,"turns":5},{"damage":57,"enemies":"3 Byrds","floor":19,"turns":6},{"damage":18,"enemies":"Cultist and Chosen","floor":21,"turns":4}],"seed_played":"-6726816307326546854","potions_obtained":[{"floor":6,"key":"FocusPotion"},{"floor":14,"key":"Regen Potion"},{"floor":16,"key":"Strength Potion"}],"is_trial":false,"path_per_floor":["M","?","M","$","?","E","$","R","T","R","$","E","R","M","R","B",null,"M","M","?"],"character_chosen":"DEFECT","items_purchased":["Toy Ornithopter","Leap"],"campfire_rested":2,"item_purchase_floors":[4,7],"current_hp_per_floor":[81,81,79,79,59,42,42,42,42,66,66,40,64,64,64,37,82,71,14,14,0],"gold":355,"neow_bonus":"TEN_PERCENT_HP_BONUS","is_prod":false,"is_daily":false,"chose_seed":false,"campfire_upgraded":2,"win_rate":0,"timestamp":1535516167,"path_taken":["M","?","M","$","?","E","?","R","T","R","$","E","R","M","R","BOSS","M","M","?","?"],"build_version":"2018-08-23v2","purchased_purges":1,"victory":false,"max_hp_per_floor":[82,82,82,82,82,82,82,82,82,82,82,82,82,82,82,82,82,82,82,82,82],"card_choices":[{"not_picked":["Sweeping Beam","Turbo"],"picked":"Ball Lightning","floor":1},{"not_picked":["Stack","Barrage"],"picked":"Leap","floor":3},{"not_picked":["White Noise","Barrage"],"picked":"Echo Form","floor":6},{"not_picked":["Stack","Heatsinks","Redo"],"picked":"Loop","floor":12},{"not_picked":["Undo","Doom and Gloom","Turbo","Force Field"],"picked":"SKIP","floor":14},{"not_picked":["Machine Learning","Multi-Cast","Core Surge"],"picked":"Echo Form","floor":16},{"not_picked":["Chaos","Beam Cell+1","Static Discharge"],"picked":"Consume","floor":18},{"not_picked":["Stack","Rebound","Go for the Eyes+1"],"picked":"Defragment","floor":19}],"player_experience":660824,"relics_obtained":[{"floor":6,"key":"Girya"},{"floor":9,"key":"Question Card"},{"floor":12,"key":"MawBank"}],"event_choices":[{"event_name":"Liars Game","player_choice":"agreed","floor":2,"damage_taken":0},{"event_name":"Golden Idol","player_choice":"Take Damage","floor":5,"damage_taken":0},{"event_name":"Duplicator","player_choice":"One dupe","floor":20,"damage_taken":0}],"is_beta":false,"boss_relics":[{"not_picked":["Snecko Eye","Empty Cage"],"picked":"Runic Pyramid"}],"items_purged_floors":[4],"is_endless":false,"potions_floor_spawned":[6,14,16],"killed_by":"Cultist and Chosen","ascension_level":2}