{"gold_per_floor":[112,112,129,148,158,190,190,225,294,294,294,314,330,343,343,421,421,437,454,468,24,34,34],"floor_reached":23,"playtime":868,"items_purged":["Strike_B"],"score":352,"play_id":"17575635-f1f2-48de-9e90-15e358b70f86","local_time":"20190410204903","is_ascension_mode":true,"campfire_choices":[{"data":"Streamline","floor":7.0,"key":"SMITH"},{"floor":10.0,"key":"REST"},{"data":"Hyperbeam","floor":15.0,"key":"SMITH"}],"neow_cost":"PERCENT_DAMAGE","seed_source_timestamp":0,"circlet_count":0,"master_deck":["AscendersBane","Defend_B","Defend_B","Defend_B","Defend_B","Zap","Dualcast","Hyperbeam+1","Streamline+1","Leap","Hologram","Conserve Battery","Beam Cell","Leap","Melter","Go for the Eyes","Rebound","Beam Cell","Echo Form","Self Repair","Go for the Eyes+1","Self Repair","Rebound"],"special_seed":0,"relics":["Cracked Core","Boot","Ice Cream","Question Card","Velvet Choker","Membership Card","Art of War","Blue Candle"],"potions_floor_usage":[],"damage_taken":[{"damage":0.0,"enemies":"2 Louse","floor":1.0,"turns":1.0},{"damage":2.0,"enemies":"Cultist","floor":3.0,"turns":4.0},{"damage":0.0,"enemies":"Small Slimes","floor":4.0,"turns":2.0},{"damage":0.0,"enemies":"Red Slaver","floor":5.0,"turns":3.0},{"damage":8.0,"enemies":"Lagavulin","floor":6.0,"turns":6.0},{"damage":17.0,"enemies":"Gremlin Nob","floor":8.0,"turns":4.0},{"damage":0.0,"enemies":"2 Fungi Beasts","floor":12.0,"turns":1.0},{"damage":0.0,"enemies":"Gremlin Gang","floor":13.0,"turns":1.0},{"damage":0.0,"enemies":"Exordium Thugs","floor":14.0,"turns":3.0},{"damage":17.0,"enemies":"Hexaghost","floor":16.0,"turns":9.0},{"damage":3.0,"enemies":"3 Byrds","floor":18.0,"turns":4.0},{"damage":6.0,"enemies":"2 Thieves","floor":19.0,"turns":2.0},{"damage":1.0,"enemies":"Centurion and Healer","floor":20.0,"turns":6.0},{"damage":45.0,"enemies":"Shelled Parasite and Fungi","floor":22.0,"turns":4.0},{"damage":32,"enemies":"Book of Stabbing","floor":23,"turns":5}],"seed_played":"1224068965331539842","potions_obtained":[{"floor":1.0,"key":"SpeedPotion"},{"floor":4.0,"key":"Block Potion"},{"floor":5.0,"key":"PowerPotion"},{"floor":8.0,"key":"Ancient Potion"},{"floor":13.0,"key":"GamblersBrew"}],"is_trial":false,"path_per_floor":["M","?","M","M","M","E","R","E","T","R","?","M","M","M","R","B",null,"M","M","M","$","M","E"],"character_chosen":"DEFECT","items_purchased":["Membership Card","Art of War","Blue Candle"],"campfire_rested":1,"item_purchase_floors":[21,21,21],"current_hp_per_floor":[46,46,44,44,44,36,36,19,19,40,40,40,40,40,40,23,59,56,50,63,63,32,0],"gold":34,"neow_bonus":"TRANSFORM_TWO_CARDS","is_prod":false,"is_daily":false,"chose_seed":false,"campfire_upgraded":2,"win_rate":0,"timestamp":1554943743,"path_taken":["M","?","M","?","M","E","R","E","T","R","?","M","M","M","R","BOSS","M","M","M","$","M","E"],"build_version":"2019-01-23","purchased_purges":1,"victory":false,"max_hp_per_floor":[71,71,71,71,71,71,71,71,71,71,71,71,71,71,71,71,71,71,71,71,71,71,71],"card_choices":[{"not_picked":["Beam Cell","Loop"],"picked":"Leap","floor":1.0},{"not_picked":["Barrage","Sweeping Beam"],"picked":"Hologram","floor":3.0},{"not_picked":["Darkness","Go for the Eyes"],"picked":"Conserve Battery","floor":4.0},{"not_picked":["Steam","Chaos"],"picked":"Beam Cell","floor":5.0},{"not_picked":["Redo","Chaos"],"picked":"Leap","floor":6.0},{"not_picked":["Cold Snap","Lockon"],"picked":"Melter","floor":8.0},{"not_picked":["Compile Driver","Stack","Steam"],"picked":"Go for the Eyes","floor":12.0},{"not_picked":["Barrage","Sweeping Beam","Turbo"],"picked":"Rebound","floor":13.0},{"not_picked":["Meteor Strike","Barrage","Aggregate"],"picked":"Beam Cell","floor":14.0},{"not_picked":["Buffer","Thunder Strike","Reboot"],"picked":"Echo Form","floor":16.0},{"not_picked":["Streamline","Scrape","Compile Driver"],"picked":"Self Repair","floor":18.0},{"not_picked":["Storm","Blizzard","Cold Snap"],"picked":"Go for the Eyes+1","floor":19.0},{"not_picked":["Barrage","Aggregate","Thunder Strike"],"picked":"Self Repair","floor":20.0},{"not_picked":["Barrage","Static Discharge","Coolheaded+1"],"picked":"Rebound","floor":22.0}],"player_experience":2631670,"relics_obtained":[{"floor":6.0,"key":"Boot"},{"floor":8.0,"key":"Ice Cream"},{"floor":9.0,"key":"Question Card"}],"event_choices":[{"damage_healed":0.0,"max_hp_gain":0.0,"max_hp_loss":0.0,"gold_gain":0.0,"event_name":"The Woman in Blue","player_choice":"Bought 0 Potions","floor":2.0,"gold_loss":0.0,"damage_taken":0.0},{"cards_removed":["Strike_B"],"damage_healed":0.0,"max_hp_gain":0.0,"max_hp_loss":0.0,"gold_gain":0.0,"event_name":"Bonfire Elementals","player_choice":"Offered Basic","floor":11.0,"gold_loss":0.0,"damage_taken":0.0}],"is_beta":false,"boss_relics":[{"not_picked":["White Beast Statue","Runic Dome"],"picked":"Velvet Choker"}],"items_purged_floors":[21],"is_endless":false,"potions_floor_spawned":[1,4,5,8,13,18],"killed_by":"Book of Stabbing","ascension_level":14}