{"gold_per_floor":[114,21,33,33,51,51,78,92,92,92,92,92,92,108,108,213,213,224,224,77,97,115,115,128,157,157,176,196,196,213,213,213,213],"floor_reached":33,"playtime":2895,"items_purged":["Perfected Strike"],"score":399,"play_id":"d6199558-e3a2-47aa-8fb0-1ed16e4d2a24","local_time":"20180925235835","is_ascension_mode":true,"campfire_choices":[{"floor":6,"key":"REST"},{"floor":13,"key":"REST"},{"floor":15,"key":"REST"},{"data":"Armaments","floor":23,"key":"SMITH"},{"floor":29,"key":"REST"},{"floor":32,"key":"REST"}],"neow_cost":"PERCENT_DAMAGE","seed_source_timestamp":602904240730455,"circlet_count":0,"master_deck":["Bash","Rampage","Flex","Pummel","Feel No Pain","Exhume","Seeing Red","Sentinel","Rampage","Heavy Blade","Limit Break","Perfected Strike","Iron Wave","Cleave","Seeing Red","Flex","Clothesline","Uppercut","Shrug It Off+1","Armaments+1","Metallicize","Rampage+1","Burning Pact+1","Ghostly Armor","Barricade","Writhe"],"relics":["Burning Blood","Dead Branch","Lantern","Shuriken","Pocketwatch","Pandora\u0027s Box","Orichalcum","Incense Burner","Ancient Tea Set"],"potions_floor_usage":[7,7,18,33],"damage_taken":[{"damage":13,"enemies":"Jaw Worm","floor":1,"turns":4},{"damage":9,"enemies":"Small Slimes","floor":3,"turns":3},{"damage":5,"enemies":"Cultist","floor":5,"turns":4},{"damage":42,"enemies":"Lagavulin","floor":7,"turns":9},{"damage":18,"enemies":"Exordium Thugs","floor":8,"turns":3},{"damage":10,"enemies":"2 Fungi Beasts","floor":14,"turns":3},{"damage":0,"enemies":"Slime Boss","floor":16,"turns":7},{"damage":6,"enemies":"Spheric Guardian","floor":18,"turns":3},{"damage":25,"enemies":"Shell Parasite","floor":21,"turns":8},{"damage":6,"enemies":"Snecko","floor":22,"turns":2},{"damage":0,"enemies":"Centurion and Healer","floor":24,"turns":4},{"damage":52,"enemies":"Gremlin Leader","floor":25,"turns":7},{"damage":13,"enemies":"Snake Plant","floor":27,"turns":3},{"damage":0,"enemies":"Snecko","floor":28,"turns":4},{"damage":18,"enemies":"Centurion and Healer","floor":30,"turns":6},{"damage":66,"enemies":"Champ","floor":33,"turns":15}],"seed_played":"-6873231190232287298","potions_obtained":[{"floor":1,"key":"SkillPotion"},{"floor":5,"key":"SteroidPotion"},{"floor":14,"key":"Energy Potion"},{"floor":25,"key":"GamblersBrew"},{"floor":27,"key":"SmokeBomb"},{"floor":30,"key":"PowerPotion"}],"is_trial":false,"path_per_floor":["M","$","M","?","M","R","E","M","T","?","?","?","R","M","R","B",null,"M","?","$","M","M","R","M","E","T","M","M","R","M","?","R"],"character_chosen":"IRONCLAD","items_purchased":["Flex","Pummel","Metallicize"],"campfire_rested":5,"item_purchase_floors":[2,2,20],"current_hp_per_floor":[49,49,46,46,47,71,38,29,29,21,21,14,38,34,58,64,78,78,78,78,59,59,59,65,19,19,12,18,42,30,30,54,0],"gold":213,"neow_bonus":"ONE_RARE_RELIC","is_prod":false,"is_daily":false,"chose_seed":false,"campfire_upgraded":1,"win_rate":0,"timestamp":1537934315,"path_taken":["M","$","M","?","M","R","E","M","T","?","?","?","R","M","R","BOSS","M","?","?","M","M","R","M","E","T","M","?","R","M","?","R","BOSS"],"build_version":"2018-09-20","purchased_purges":1,"victory":false,"max_hp_per_floor":[80,80,80,80,80,80,80,83,83,83,83,83,83,83,83,83,83,83,83,83,83,83,83,83,83,83,83,83,83,83,83,83,83],"card_choices":[{"not_picked":["Intimidate","Bloodletting"],"picked":"Rampage","floor":1},{"not_picked":["Warcry","Reckless Charge"],"picked":"Feel No Pain","floor":3},{"not_picked":["Body Slam","Second Wind"],"picked":"Seeing Red","floor":5},{"not_picked":["Havoc","Body Slam"],"picked":"Sentinel","floor":7},{"not_picked":["Cleave","Havoc"],"picked":"Rampage","floor":8},{"not_picked":["Carnage","Sword Boomerang"],"picked":"Heavy Blade","floor":14},{"not_picked":["Juggernaut","Fiend Fire"],"picked":"Limit Break","floor":16},{"not_picked":["Infernal Blade","Blood for Blood"],"picked":"Shrug It Off+1","floor":18},{"not_picked":["Sword Boomerang","Disarm"],"picked":"Rampage+1","floor":21},{"not_picked":["Anger","Clothesline","Havoc"],"picked":"SKIP","floor":22},{"not_picked":["Clothesline","Sword Boomerang","Combust"],"picked":"SKIP","floor":24},{"not_picked":["Wild Strike","Anger"],"picked":"Burning Pact+1","floor":25},{"not_picked":["Twin Strike","Armaments"],"picked":"Ghostly Armor","floor":27},{"not_picked":["Feel No Pain","Hemokinesis"],"picked":"Barricade","floor":28},{"not_picked":["Wild Strike","Second Wind","Clothesline+1"],"picked":"SKIP","floor":30}],"player_experience":909521,"relics_obtained":[{"floor":7,"key":"Lantern"},{"floor":9,"key":"Shuriken"},{"floor":25,"key":"Orichalcum"},{"floor":26,"key":"Incense Burner"}],"event_choices":[{"event_name":"Living Wall","player_choice":"Change","floor":4,"damage_taken":0},{"event_name":"Wheel of Change","player_choice":"Damage","floor":10,"damage_taken":0},{"event_name":"Golden Idol","player_choice":"Ignored","floor":11,"damage_taken":0},{"event_name":"Scrap Ooze","player_choice":"success","floor":12,"damage_taken":7},{"event_name":"The Library","player_choice":"Read","floor":19,"damage_taken":0},{"event_name":"The Mausoleum","player_choice":"Yes","floor":31,"damage_taken":0}],"is_beta":false,"boss_relics":[{"not_picked":["Coffee Dripper","Runic Pyramid"],"picked":"Pandora\u0027s Box"}],"items_purged_floors":[20],"is_endless":false,"potions_floor_spawned":[1,5,14,25,27,30],"killed_by":"Champ","ascension_level":5}