{"path_per_floor":["M","M","M","M","?","E","R","E","T","M","R","M","M","M","R"],"character_chosen":"IRONCLAD","items_purchased":[],"gold_per_floor":[112,123,137,147,147,181,181,208,208,219,219,235,250,270,270],"floor_reached":16,"campfire_rested":2,"playtime":1085,"current_hp_per_floor":[69,74,80,78,80,45,45,29,29,26,50,39,36,30,54],"items_purged":[],"gold":270,"play_id":"9a8c595b-1044-481f-b392-cfb1b9a3bc06","is_prod":false,"is_daily":false,"campfire_rituals":0,"campfire_upgraded":1,"is_hardmode":false,"path_taken":["M","?","M","M","?","E","R","E","T","M","R","M","M","M","R","BOSS"],"build_version":"2018-01-18-PROD4","purchased_purges":0,"victory":false,"master_deck":["Strike_R","Strike_R","Strike_R","Strike_R","Strike_R","Defend_R","Defend_R","Defend_R","Defend_R","Bash","Fiend Fire","Combust","Hemokinesis","Inflame","Offering","Rupture","Searing Blow","Combust","Sever Soul"],"max_hp_per_floor":[80,80,80,80,80,80,80,80,80,80,80,80,80,80,80],"relics":["Burning Blood","Molten Egg","Bottled Tornado","Sundial"],"campfire_meditates":0,"card_choices":[{"not_picked":["Feel No Pain","Clothesline"],"picked":"Fiend Fire"},{"not_picked":["Thunderclap","Flex"],"picked":"Combust"},{"not_picked":["Thunderclap","Body Slam"],"picked":"Hemokinesis"},{"not_picked":["Sword Boomerang","Warcry"],"picked":"Hemokinesis"},{"not_picked":["Spot Weakness","Bloodletting"],"picked":"Inflame"},{"not_picked":["Warcry","True Grit"],"picked":"Offering"},{"not_picked":["Thunderclap","Infernal Blade"],"picked":"Rupture"},{"not_picked":["Rage","Thunderclap"],"picked":"Searing Blow"},{"not_picked":["Headbutt","Clothesline"],"picked":"Combust"},{"not_picked":["Body Slam","Shrug It Off"],"picked":"Sever Soul"}],"player_experience":6170,"potions_floor_usage":[8,8,16],"damage_taken":[{"damage":17,"enemies":"Blue Slaver","floor":1,"turns":7},{"damage":1,"enemies":"Jaw Worm","floor":2,"turns":3},{"damage":0,"enemies":"Cultist","floor":3,"turns":2},{"damage":8,"enemies":"Looter","floor":4,"turns":3},{"damage":41,"enemies":"Lagavulin","floor":6,"turns":5},{"damage":22,"enemies":"3 Sentries","floor":8,"turns":5},{"damage":9,"enemies":"3 Louse","floor":10,"turns":3},{"damage":17,"enemies":"Gremlin Gang","floor":12,"turns":3},{"damage":9,"enemies":"Exordium Thugs","floor":13,"turns":3},{"damage":12,"enemies":"Looter","floor":14,"turns":2},{"damage":58,"enemies":"The Guardian","floor":16,"turns":5}],"event_choices":[{"event_name":"Bonfire Elementals","player_choice":"UNCOMMON","floor":5,"damage_taken":0}],"boss_relics":[],"potions_floor_spawned":[1,4,12],"seed_played":"-7355867720125199874","killed_by":"The Guardian","is_trial":false}