{"path_per_floor":["M","M","M","M","?","R","E","R","T","M","R","E","$","M","R","B",null,"M","?","M","$","M","R","E","R","T"],"character_chosen":"IRONCLAD","items_purchased":["Vajra","Bloodletting"],"gold_per_floor":[16,33,46,66,66,66,99,99,178,190,190,221,31,48,48,147,147,160,60,79,4,14,14,43,43,43],"floor_reached":27,"campfire_rested":1,"playtime":832,"current_hp_per_floor":[93,87,88,73,73,73,49,49,49,45,45,45,45,49,49,50,85,56,56,47,47,30,58,42,42,42],"items_purged":["Strike_R"],"gold":43,"score":373,"play_id":"84ddcce0-3854-47a6-a862-c19fdc700a79","is_prod":false,"is_daily":false,"is_ascension_mode":true,"campfire_upgraded":5,"path_taken":["M","M","M","M","?","R","E","R","T","M","R","E","$","M","R","BOSS","M","?","M","$","M","R","E","R","T","?"],"build_version":"2018-02-15-PROD1","purchased_purges":1,"victory":false,"master_deck":["Strike_R","Strike_R","Strike_R","Strike_R","Defend_R","Defend_R","Defend_R","Defend_R","Bash","Flex+1","Spot Weakness","Heavy Blade+1","Spot Weakness","Uppercut+1","Pommel Strike+1","Power Through","Bloodletting","Double Tap","Demon Form+1","Ghostly Armor","J.A.X.","Seeing Red","Armaments+1","Shrug It Off+1"],"max_hp_per_floor":[96,96,96,96,96,96,96,96,96,96,96,96,96,96,96,96,96,96,96,96,96,96,96,96,96,96],"relics":["Black Blood","Peace Pipe","Mercury Hourglass","Art of War","Vajra","Paper Frog","Pantograph"],"card_choices":[{"not_picked":["Havoc","Headbutt"],"picked":"Flex"},{"not_picked":["Cleave","Body Slam"],"picked":"Spot Weakness"},{"not_picked":["Anger","Pommel Strike"],"picked":"Heavy Blade"},{"not_picked":["Infernal Blade","Clash"],"picked":"Spot Weakness"},{"not_picked":["Power Through","Twin Strike"],"picked":"Uppercut"},{"not_picked":["Flex","True Grit"],"picked":"Pommel Strike"},{"not_picked":["Clash","Combust"],"picked":"Power Through"},{"not_picked":["Second Wind","Evolve"],"picked":"Double Tap"},{"not_picked":["Bludgeon","Double Tap"],"picked":"Demon Form"},{"not_picked":["Rupture","Warcry"],"picked":"Ghostly Armor"},{"not_picked":["Carnage","Flex"],"picked":"Seeing Red"},{"not_picked":["Body Slam","Twin Strike"],"picked":"Armaments"},{"not_picked":["Barricade","Reckless Charge"],"picked":"Shrug It Off"}],"player_experience":551766,"potions_floor_usage":[7,12,22,27],"damage_taken":[{"damage":1,"enemies":"Cultist","floor":1,"turns":4},{"damage":12,"enemies":"Small Slimes","floor":2,"turns":3},{"damage":5,"enemies":"2 Louse","floor":3,"turns":3},{"damage":21,"enemies":"Blue Slaver","floor":4,"turns":3},{"damage":30,"enemies":"Lagavulin","floor":7,"turns":5},{"damage":10,"enemies":"Gremlin Gang","floor":10,"turns":3},{"damage":12,"enemies":"Gremlin Nob","floor":12,"turns":3},{"damage":2,"enemies":"3 Louse","floor":14,"turns":2},{"damage":5,"enemies":"Slime Boss","floor":16,"turns":6},{"damage":39,"enemies":"2 Thieves","floor":18,"turns":4},{"damage":19,"enemies":"Shell Parasite","floor":20,"turns":3},{"damage":27,"enemies":"Snake Plant","floor":22,"turns":3},{"damage":26,"enemies":"Book of Stabbing","floor":24,"turns":4},{"damage":49,"enemies":"Slaver and Parasite","floor":27,"turns":4}],"event_choices":[{"event_name":"The Woman in Blue","player_choice":"Bought 0 Potions","floor":5,"damage_taken":0},{"event_name":"Drug Dealer","player_choice":"Got JAXXED","floor":19,"damage_taken":0}],"boss_relics":[{"not_picked":["Question Card","Tiny House"],"picked":"Black Blood"}],"potions_floor_spawned":[2,10,14,16,22],"seed_played":"-234849127256281960","killed_by":"Slaver and Parasite","ascension_level":6,"is_trial":false}