{"gold_per_floor":[111,36,36,36,36,36,369,369,369,369,389,401,415,431,431,508,508,519,531,547,559,63,63,76,76,100,100,125,125,125],"floor_reached":30,"playtime":853,"items_purged":["Strike_B"],"score":536,"play_id":"b450e15c-428d-4951-a0b3-f096a6578417","local_time":"20190510113730","is_ascension_mode":true,"campfire_choices":[{"data":"Self Repair","floor":6,"key":"SMITH"},{"data":"Zap","floor":8,"key":"SMITH"},{"data":"Dualcast","floor":10,"key":"SMITH"},{"data":"Multi-Cast","floor":15,"key":"SMITH"},{"floor":23,"key":"REST"},{"floor":25,"key":"REST"},{"data":"Reinforced Body","floor":29,"key":"SMITH"}],"neow_cost":"NONE","seed_source_timestamp":1632045631323376,"circlet_count":0,"master_deck":["AscendersBane","Defend_B","Defend_B","Defend_B","Zap+1","Dualcast+1","Self Repair+1","Gash","Gash","Multi-Cast+1","Compile Driver","Ball Lightning","Electrodynamics","Leap+1","Darkness+1","Multi-Cast+1","Coolheaded","Genetic Algorithm","Compile Driver","Gash","Capacitor","Reinforced Body+1","All For One","Go for the Eyes","FTL"],"relics":["Cracked Core","NeowsBlessing","Old Coin","Cables","Astrolabe","Bronze Scales","Dream Catcher","StoneCalendar"],"potions_floor_usage":[20,28,30],"damage_taken":[{"damage":0,"enemies":"Small Slimes","floor":1,"turns":1},{"damage":0,"enemies":"Gremlin Nob","floor":7,"turns":1},{"damage":0,"enemies":"2 Louse","floor":11,"turns":1},{"damage":1,"enemies":"Cultist","floor":12,"turns":3},{"damage":2,"enemies":"2 Fungi Beasts","floor":13,"turns":2},{"damage":11,"enemies":"Looter","floor":14,"turns":3},{"damage":69,"enemies":"The Guardian","floor":16,"turns":9},{"damage":10,"enemies":"2 Thieves","floor":18,"turns":2},{"damage":7,"enemies":"Spheric Guardian","floor":19,"turns":4},{"damage":19,"enemies":"Snake Plant","floor":20,"turns":3},{"damage":42,"enemies":"Cultist and Chosen","floor":21,"turns":5},{"damage":21,"enemies":"Centurion and Healer","floor":24,"turns":6},{"damage":12,"enemies":"Book of Stabbing","floor":28,"turns":3},{"damage":50,"enemies":"Slavers","floor":30,"turns":2}],"seed_played":"-7757964348862970275","potions_obtained":[{"floor":7,"key":"Energy Potion"},{"floor":13,"key":"LiquidBronze"},{"floor":21,"key":"Ancient Potion"}],"is_trial":false,"path_per_floor":["M","$","?","?","?","R","E","R","T","R","M","M","M","M","R","B",null,"M","M","M","M","$","R","M","R","T","?","E","R","E"],"character_chosen":"DEFECT","items_purchased":["Bronze Scales","Gash","Capacitor","Reinforced Body","All For One"],"campfire_rested":2,"item_purchase_floors":[22,22,22,22,22],"current_hp_per_floor":[64,64,57,62,62,62,62,62,62,62,72,76,74,73,73,14,61,51,54,45,13,13,35,24,46,46,46,44,44,0],"gold":125,"neow_bonus":"THREE_ENEMY_KILL","is_prod":false,"is_daily":false,"chose_seed":false,"campfire_upgraded":5,"win_rate":0,"timestamp":1557481050,"path_taken":["M","$","?","?","?","R","E","R","T","R","?","M","M","M","R","BOSS","M","M","M","M","$","R","M","R","T","?","E","R","E"],"build_version":"2019-05-07","purchased_purges":1,"victory":false,"max_hp_per_floor":[71,71,71,76,76,76,76,76,76,76,76,76,76,76,76,76,76,76,76,76,76,76,76,76,76,76,76,76,76,76],"card_choices":[{"not_picked":["Redo","Hologram"],"picked":"Self Repair","floor":1},{"not_picked":["Blizzard","Turbo"],"picked":"Gash","floor":7},{"not_picked":["Hello World","Conserve Battery"],"picked":"Gash","floor":11},{"not_picked":["Rebound","Turbo"],"picked":"Multi-Cast","floor":12},{"not_picked":["Sweeping Beam","Streamline"],"picked":"Compile Driver","floor":13},{"not_picked":["Sunder","Cold Snap"],"picked":"Ball Lightning","floor":14},{"not_picked":["Reboot","Fission"],"picked":"Electrodynamics","floor":16},{"not_picked":["Storm","Aggregate"],"picked":"Coolheaded","floor":18},{"not_picked":["Darkness","Redo","Beam Cell+1"],"picked":"SKIP","floor":19},{"not_picked":["Barrage","Undo"],"picked":"Genetic Algorithm","floor":20},{"not_picked":["Barrage","Reprogram"],"picked":"Compile Driver","floor":21},{"not_picked":["Steam","Chaos+1"],"picked":"Go for the Eyes","floor":24},{"not_picked":["Double Energy","Creative AI"],"picked":"FTL","floor":28}],"player_experience":1693243,"relics_obtained":[{"floor":7,"key":"Old Coin"},{"floor":9,"key":"Cables"},{"floor":26,"key":"Dream Catcher"},{"floor":28,"key":"StoneCalendar"}],"event_choices":[{"cards_removed":["Strike_B"],"damage_healed":0,"gold_gain":0,"player_choice":"Card Removal","damage_taken":7,"max_hp_gain":0,"max_hp_loss":0,"event_name":"Golden Wing","floor":3,"gold_loss":0},{"damage_healed":0,"gold_gain":0,"player_choice":"Donut","damage_taken":0,"max_hp_gain":5,"max_hp_loss":0,"event_name":"Big Fish","floor":4,"gold_loss":0},{"damage_healed":0,"gold_gain":0,"player_choice":"Ignored","damage_taken":0,"max_hp_gain":0,"max_hp_loss":0,"event_name":"WeMeetAgain","floor":5,"gold_loss":0},{"damage_healed":0,"gold_gain":0,"player_choice":"Ignored","damage_taken":0,"max_hp_gain":0,"max_hp_loss":0,"event_name":"Vampires","floor":27,"gold_loss":0}],"is_beta":true,"boss_relics":[{"not_picked":["Velvet Choker","Runic Dome"],"picked":"Astrolabe"}],"items_purged_floors":[2],"is_endless":false,"potions_floor_spawned":[7,13,18,21],"killed_by":"Slavers","ascension_level":19}