{"gold_per_floor":[11,30,46,64,82,82,96,115,115,115,150,150,180,192,192,268,268,285,285,285],"floor_reached":20,"playtime":1042,"items_purged":[],"score":348,"play_id":"ef09e529-c17f-4525-8287-8543a5644ed0","local_time":"20190503192119","is_ascension_mode":true,"campfire_choices":[{"data":"Heavy Blade","floor":6,"key":"SMITH"},{"data":"Bash","floor":10,"key":"SMITH"},{"data":"True Grit","floor":12,"key":"SMITH"},{"floor":15,"key":"REST"}],"neow_cost":"NO_GOLD","seed_source_timestamp":1054885814999348,"circlet_count":0,"master_deck":["AscendersBane","Strike_R","Strike_R","Strike_R","Strike_R","Strike_R","Defend_R","Defend_R","Defend_R","Defend_R","Bash+1","Shrug It Off","Heavy Blade+1","Cleave","True Grit+1","Metallicize","Flex","Iron Wave","Havoc","Bludgeon","True Grit","Reaper","Seeing Red"],"relics":["Burning Blood","StoneCalendar","Oddly Smooth Stone","Dead Branch","Strawberry","Black Star"],"potions_floor_usage":[11,16],"damage_taken":[{"damage":6,"enemies":"Small Slimes","floor":1,"turns":6},{"damage":9,"enemies":"2 Louse","floor":2,"turns":4},{"damage":1,"enemies":"Cultist","floor":3,"turns":3},{"damage":19,"enemies":"Blue Slaver","floor":4,"turns":5},{"damage":14,"enemies":"Gremlin Gang","floor":5,"turns":5},{"damage":7,"enemies":"Exordium Wildlife","floor":7,"turns":3},{"damage":12,"enemies":"Large Slime","floor":8,"turns":6},{"damage":15,"enemies":"Lagavulin","floor":11,"turns":7},{"damage":14,"enemies":"3 Sentries","floor":13,"turns":6},{"damage":17,"enemies":"Gremlin Gang","floor":14,"turns":4},{"damage":44,"enemies":"Slime Boss","floor":16,"turns":7},{"damage":41,"enemies":"Spheric Guardian","floor":18,"turns":7},{"damage":12,"enemies":"Shell Parasite","floor":20,"turns":1}],"seed_played":"418965460750160612","potions_obtained":[{"floor":2,"key":"SkillPotion"},{"floor":3,"key":"GamblersBrew"},{"floor":5,"key":"Ancient Potion"},{"floor":13,"key":"Fire Potion"}],"is_trial":false,"path_per_floor":["M","M","M","M","M","R","M","M","T","R","E","R","E","M","R","B",null,"M","?","M"],"character_chosen":"IRONCLAD","items_purchased":[],"campfire_rested":1,"item_purchase_floors":[],"current_hp_per_floor":[68,65,70,57,49,49,48,42,42,42,33,33,32,21,45,7,63,28,4,0],"gold":285,"neow_bonus":"ONE_RARE_RELIC","is_prod":false,"is_daily":false,"chose_seed":false,"campfire_upgraded":3,"win_rate":0,"timestamp":1556904079,"path_taken":["M","M","M","M","M","R","M","M","T","R","E","R","E","M","R","BOSS","M","?","M"],"build_version":"2019-04-23","purchased_purges":0,"victory":false,"max_hp_per_floor":[75,75,75,75,75,75,75,75,75,75,75,75,82,82,82,82,82,82,87,87],"card_choices":[{"not_picked":["Cleave","Fire Breathing"],"picked":"Shrug It Off","floor":1},{"not_picked":["Searing Blow","Havoc"],"picked":"Heavy Blade","floor":2},{"not_picked":["Carnage","Corruption"],"picked":"Cleave","floor":3},{"not_picked":["Twin Strike","Havoc"],"picked":"True Grit","floor":4},{"not_picked":["Power Through","Sentinel"],"picked":"Metallicize","floor":5},{"not_picked":["Perfected Strike","Sever Soul"],"picked":"Flex","floor":7},{"not_picked":["Carnage","Headbutt"],"picked":"Iron Wave","floor":8},{"not_picked":["Perfected Strike","Heavy Blade"],"picked":"Havoc","floor":11},{"not_picked":["Perfected Strike","Warcry","Bludgeon"],"picked":"SKIP","floor":13},{"not_picked":["Perfected Strike","Warcry"],"picked":"Bludgeon","floor":13},{"not_picked":["Clothesline","Perfected Strike"],"picked":"True Grit","floor":14},{"not_picked":["Barricade","Brutality"],"picked":"Reaper","floor":16},{"not_picked":["Fire Breathing","Hemokinesis"],"picked":"Seeing Red","floor":18}],"player_experience":1470955,"relics_obtained":[{"floor":9,"key":"Oddly Smooth Stone"},{"floor":11,"key":"Dead Branch"},{"floor":13,"key":"Strawberry"}],"event_choices":[{"damage_healed":0,"gold_gain":0,"player_choice":"Shed Blood","damage_taken":29,"max_hp_gain":5,"max_hp_loss":0,"event_name":"Forgotten Altar","floor":19,"gold_loss":0}],"is_beta":true,"boss_relics":[{"not_picked":["Tiny House","Empty Cage"],"picked":"Black Star"}],"items_purged_floors":[],"is_endless":false,"potions_floor_spawned":[2,3,5,13,14],"killed_by":"Shell Parasite","ascension_level":17}