{"gold_per_floor":[111,111,129,20,32,32,9,29,56,66,66,86,103,116,116,218,218,203,218,238,255,66,66],"floor_reached":23,"playtime":2345,"items_purged":[],"score":224,"play_id":"91db4a6f-dd1f-4516-ae86-173a1924fa8f","local_time":"20180915161343","is_ascension_mode":true,"campfire_choices":[{"data":"Defragment","floor":6,"key":"SMITH"},{"data":"Compile Driver","floor":11,"key":"SMITH"},{"floor":15,"key":"REST"}],"neow_cost":"NONE","seed_source_timestamp":88496548942923,"circlet_count":0,"master_deck":["Strike_B","Strike_B","Strike_B","Strike_B","Defend_B","Defend_B","Defend_B","Defend_B","Zap","Dualcast","Reboot","Steam","Doom and Gloom","Coolheaded","Defragment+1","Melter","FTL","Steam","Auto Shields","Compile Driver+1","Sunder","Thunder Strike","Redo","Thunder Strike","Shame","Normality","Doubt","Self Repair+1","Leap","Heatsinks","Redo","Defragment"],"relics":["Cracked Core","Strawberry","Odd Mushroom","Calling Bell","Dream Catcher","Sundial","FossilizedHelix","Tiny Chest"],"potions_floor_usage":[12,16,16],"damage_taken":[{"damage":6,"enemies":"Jaw Worm","floor":1,"turns":4},{"damage":10,"enemies":"Cultist","floor":3,"turns":4},{"damage":8,"enemies":"Small Slimes","floor":5,"turns":2},{"damage":9,"enemies":"Exordium Thugs","floor":8,"turns":4},{"damage":1,"enemies":"Looter","floor":10,"turns":3},{"damage":0,"enemies":"The Mushroom Lair","floor":12,"turns":2},{"damage":1,"enemies":"2 Fungi Beasts","floor":13,"turns":3},{"damage":5,"enemies":"Lots of Slimes","floor":14,"turns":3},{"damage":13,"enemies":"Slime Boss","floor":16,"turns":10},{"damage":11,"enemies":"2 Thieves","floor":18,"turns":4},{"damage":0,"enemies":"Spheric Guardian","floor":19,"turns":2},{"damage":59,"enemies":"Centurion and Healer","floor":20,"turns":11},{"damage":19,"enemies":"Sentry and Sphere","floor":21,"turns":4},{"damage":14,"enemies":"Slavers","floor":23,"turns":1}],"seed_played":"7479198199731377134","potions_obtained":[{"floor":8,"key":"Explosive Potion"},{"floor":10,"key":"SpeedPotion"},{"floor":12,"key":"AttackPotion"},{"floor":13,"key":"Regen Potion"},{"floor":19,"key":"Energy Potion"}],"is_trial":false,"path_per_floor":["M","?","M","$","M","R","$","M","T","M","R","?","M","M","R","B",null,"M","M","M","M","$"],"character_chosen":"DEFECT","items_purchased":["Defragment","Melter","Steam","Defragment","Tiny Chest"],"campfire_rested":1,"item_purchase_floors":[4,4,7,22,22],"current_hp_per_floor":[69,69,59,59,51,51,51,42,49,48,48,48,47,42,66,53,82,71,81,32,13,13,0],"gold":66,"neow_bonus":"ONE_RANDOM_RARE_CARD","is_prod":false,"is_daily":false,"chose_seed":false,"campfire_upgraded":2,"win_rate":0,"timestamp":1537042423,"path_taken":["M","?","M","?","M","R","$","M","T","M","R","?","?","M","R","BOSS","M","?","M","M","$","E"],"build_version":"2018-09-06","purchased_purges":0,"victory":false,"max_hp_per_floor":[75,75,75,75,75,75,75,75,82,82,82,82,82,82,82,82,82,82,82,82,82,82,82],"card_choices":[{"not_picked":["Beam Cell","Ball Lightning"],"picked":"Steam","floor":1},{"not_picked":["Skim","Go for the Eyes"],"picked":"Coolheaded","floor":3},{"not_picked":["BootSequence","Leap"],"picked":"FTL","floor":5},{"not_picked":["Machine Learning","Beam Cell"],"picked":"Auto Shields","floor":8},{"not_picked":["Cold Snap","Barrage"],"picked":"Compile Driver","floor":10},{"not_picked":["Redo","Stack"],"picked":"Sunder","floor":12},{"not_picked":["Leap","Steam"],"picked":"Thunder Strike","floor":13},{"not_picked":["Blizzard","Cold Snap"],"picked":"Redo","floor":14},{"not_picked":["Machine Learning","Buffer"],"picked":"Thunder Strike","floor":16},{"not_picked":["Steam","Rebound+1"],"picked":"Self Repair+1","floor":18},{"not_picked":["Auto Shields","Go for the Eyes"],"picked":"Leap","floor":19},{"not_picked":["Hologram+1","Gash"],"picked":"Heatsinks","floor":20},{"not_picked":["Ball Lightning+1","Stack"],"picked":"Redo","floor":21}],"player_experience":814224,"relics_obtained":[{"floor":9,"key":"Strawberry"},{"floor":12,"key":"Odd Mushroom"},{"floor":17,"key":"Dream Catcher"},{"floor":17,"key":"Sundial"},{"floor":17,"key":"FossilizedHelix"}],"event_choices":[{"event_name":"Match and Keep!","player_choice":"1 cards matched","floor":2,"damage_taken":0},{"event_name":"Mushrooms","player_choice":"Fought Mushrooms","floor":12,"damage_taken":0}],"is_beta":false,"boss_relics":[{"not_picked":["Snecko Eye","Orrery"],"picked":"Calling Bell"}],"items_purged_floors":[],"is_endless":false,"potions_floor_spawned":[8,10,12,13,19],"killed_by":"Slavers","ascension_level":4}