{"gold_per_floor":[115,125,300,319,3,3,3,3,3,103,120,145,164,177,177,177],"floor_reached":16,"playtime":534,"items_purged":["Doubt"],"score":117,"play_id":"d77daf5b-36d0-466d-9d7b-c29dbe061723","local_time":"20190419193157","is_ascension_mode":true,"campfire_choices":[{"data":"Zap","floor":6,"key":"SMITH"},{"data":"Dualcast","floor":8,"key":"SMITH"},{"data":"Redo","floor":15,"key":"SMITH"}],"neow_cost":"NONE","seed_source_timestamp":2272571026253890,"circlet_count":0,"master_deck":["Strike_B+1","Strike_B","Strike_B+1","Strike_B","Defend_B","Defend_B","Defend_B","Defend_B","Zap+1","Dualcast+1","Coolheaded","Genetic Algorithm","Ball Lightning","Undo","Redo+1","Streamline","Glacier"],"relics":["Cracked Core","Whetstone","Orichalcum","Du-Vu Doll","Letter Opener"],"potions_floor_usage":[16],"damage_taken":[{"damage":7,"enemies":"Small Slimes","floor":1,"turns":3},{"damage":0,"enemies":"Cultist","floor":2,"turns":3},{"damage":0,"enemies":"Jaw Worm","floor":4,"turns":5},{"damage":7,"enemies":"Exordium Wildlife","floor":11,"turns":3},{"damage":22,"enemies":"Lagavulin","floor":12,"turns":6},{"damage":8,"enemies":"Large Slime","floor":13,"turns":4},{"damage":14,"enemies":"Gremlin Gang","floor":14,"turns":3},{"damage":26,"enemies":"Slime Boss","floor":16,"turns":10}],"seed_played":"4455024234391743775","potions_obtained":[{"floor":2,"key":"SkillPotion"},{"floor":12,"key":"Strength Potion"},{"floor":13,"key":"Weak Potion"}],"is_trial":false,"path_per_floor":["M","M","?","M","$","R","?","R","T","?","M","E","M","M","R","B"],"character_chosen":"DEFECT","items_purchased":["Orichalcum","Ball Lightning","Undo"],"campfire_rested":0,"item_purchase_floors":[5,5,5],"current_hp_per_floor":[68,68,68,68,68,68,68,68,68,68,61,39,31,17,17,0],"gold":177,"neow_bonus":"RANDOM_COMMON_RELIC","is_prod":false,"is_daily":false,"chose_seed":false,"campfire_upgraded":3,"win_rate":0,"timestamp":1555695117,"path_taken":["M","M","?","M","$","R","?","R","T","?","M","E","?","M","R","BOSS"],"build_version":"2019-04-04","purchased_purges":1,"victory":false,"max_hp_per_floor":[75,75,75,75,75,75,75,75,75,75,75,75,75,75,75,75],"card_choices":[{"not_picked":["Go for the Eyes","Rebound"],"picked":"Coolheaded","floor":1},{"not_picked":["BootSequence","Turbo","Cold Snap"],"picked":"SKIP","floor":2},{"not_picked":["Static Discharge","Gash"],"picked":"Genetic Algorithm","floor":4},{"not_picked":["Coolheaded","Go for the Eyes","Aggregate"],"picked":"SKIP","floor":11},{"not_picked":["Hello World","Undo"],"picked":"Redo","floor":12},{"not_picked":["Rebound","Conserve Battery"],"picked":"Streamline","floor":13},{"not_picked":["Amplify","FTL"],"picked":"Glacier","floor":14}],"player_experience":1135106,"relics_obtained":[{"floor":9,"key":"Du-Vu Doll"},{"floor":12,"key":"Letter Opener"}],"event_choices":[{"damage_healed":0,"gold_gain":175,"player_choice":"AGREE","damage_taken":0,"max_hp_gain":0,"max_hp_loss":0,"event_name":"Liars Game","floor":3,"gold_loss":0,"cards_obtained":["Doubt"]},{"damage_healed":0,"gold_gain":0,"player_choice":"Leave","damage_taken":0,"max_hp_gain":0,"max_hp_loss":0,"event_name":"The Cleric","floor":7,"gold_loss":0},{"damage_healed":0,"gold_gain":100,"player_choice":"Pray","damage_taken":0,"max_hp_gain":0,"max_hp_loss":0,"event_name":"Golden Shrine","floor":10,"gold_loss":0}],"is_beta":true,"boss_relics":[],"items_purged_floors":[5],"is_endless":false,"potions_floor_spawned":[2,12,13],"killed_by":"Slime Boss","ascension_level":3}