{"gold_per_floor":[109,123,142,159,159,159,159,159,240,266,285,285,297,297,297,401,401,419,419,134,34,54,54,70,88,135,135,135],"floor_reached":28,"playtime":1117,"items_purged":["Defend_R","Strike_R"],"score":275,"play_id":"7d320580-bbcf-49aa-946e-48115f11708a","local_time":"20180926021307","is_ascension_mode":true,"campfire_choices":[{"data":"Anger","floor":6,"key":"SMITH"},{"floor":8,"key":"REST"},{"floor":15,"key":"REST"},{"floor":23,"key":"REST"},{"floor":27,"key":"REST"}],"neow_cost":"PERCENT_DAMAGE","seed_source_timestamp":612757321074844,"circlet_count":0,"master_deck":["Strike_R","Strike_R","Defend_R","Defend_R","Defend_R","Bash","Warcry","Battle Trance","Anger+1","Iron Wave","Spot Weakness","Sword Boomerang","Spot Weakness","Impervious","Inflame","Panache","Armaments"],"relics":["Burning Blood","Matryoshka","Red Skull","Eternal Feather","Nloth\u0027s Gift","Juzu Bracelet","Pen Nib"],"potions_floor_usage":[11,16,18,25],"damage_taken":[{"damage":7,"enemies":"Small Slimes","floor":1,"turns":4},{"damage":8,"enemies":"Jaw Worm","floor":2,"turns":5},{"damage":30,"enemies":"Cultist","floor":3,"turns":7},{"damage":11,"enemies":"Exordium Wildlife","floor":4,"turns":5},{"damage":25,"enemies":"Lagavulin","floor":10,"turns":6},{"damage":3,"enemies":"2 Fungi Beasts","floor":11,"turns":4},{"damage":12,"enemies":"Lots of Slimes","floor":13,"turns":3},{"damage":40,"enemies":"Slime Boss","floor":16,"turns":7},{"damage":29,"enemies":"2 Thieves","floor":18,"turns":3},{"damage":16,"enemies":"3 Byrds","floor":22,"turns":4},{"damage":42,"enemies":"Snake Plant","floor":24,"turns":4},{"damage":21,"enemies":"Cultist and Chosen","floor":25,"turns":5},{"damage":68,"enemies":"Sentry and Sphere","floor":28,"turns":7}],"seed_played":"5841572652259040156","potions_obtained":[{"floor":2,"key":"FairyPotion"},{"floor":3,"key":"Ancient Potion"},{"floor":10,"key":"Fire Potion"},{"floor":11,"key":"Strength Potion"},{"floor":16,"key":"Energy Potion"},{"floor":24,"key":"AttackPotion"}],"is_trial":false,"path_per_floor":["M","M","M","M","?","R","?","R","T","E","M","?","M","?","R","B",null,"M","?","$","$","M","R","M","M","T","R"],"character_chosen":"IRONCLAD","items_purchased":["Panache"],"campfire_rested":4,"item_purchase_floors":[20],"current_hp_per_floor":[55,53,29,24,50,50,42,66,66,47,50,50,44,44,68,34,69,46,46,46,46,36,69,33,18,18,51,0],"gold":135,"neow_bonus":"REMOVE_TWO","is_prod":false,"is_daily":false,"chose_seed":false,"campfire_upgraded":1,"win_rate":0,"timestamp":1537942387,"path_taken":["M","M","M","M","?","R","?","R","T","E","M","?","?","?","R","BOSS","M","?","?","$","M","R","M","?","T","R","M"],"build_version":"2018-09-20","purchased_purges":2,"victory":false,"max_hp_per_floor":[80,80,80,80,80,80,80,80,80,80,80,80,80,80,80,80,80,80,80,80,80,80,80,80,80,80,80,80],"card_choices":[{"not_picked":["Havoc","Sever Soul"],"picked":"Warcry","floor":1},{"not_picked":["Wild Strike","Body Slam"],"picked":"Battle Trance","floor":2},{"not_picked":["Twin Strike","Bloodletting"],"picked":"Anger","floor":3},{"not_picked":["Havoc","Clothesline"],"picked":"Iron Wave","floor":4},{"not_picked":["Clothesline","Rupture"],"picked":"Spot Weakness","floor":10},{"not_picked":["Warcry","Clash"],"picked":"Sword Boomerang","floor":11},{"not_picked":["Warcry","Cleave"],"picked":"Spot Weakness","floor":13},{"not_picked":["Brutality","Dark Embrace"],"picked":"Impervious","floor":16},{"not_picked":["Iron Wave","Cleave+1"],"picked":"Inflame","floor":18},{"not_picked":["Havoc+1","Second Wind","Shockwave"],"picked":"SKIP","floor":22},{"not_picked":["Iron Wave+1","Combust+1"],"picked":"Armaments","floor":24},{"not_picked":["Armaments","Impervious","Anger"],"picked":"SKIP","floor":25}],"player_experience":919250,"relics_obtained":[{"floor":9,"key":"Matryoshka"},{"floor":10,"key":"Red Skull"},{"floor":26,"key":"Juzu Bracelet"},{"floor":26,"key":"Pen Nib"}],"event_choices":[{"event_name":"Big Fish","player_choice":"Banana","floor":5,"damage_taken":0},{"event_name":"Wheel of Change","player_choice":"Damage","floor":7,"damage_taken":0},{"event_name":"WeMeetAgain","player_choice":"Potion","floor":12,"damage_taken":0},{"event_name":"Golden Idol","player_choice":"Ignored","floor":14,"damage_taken":0},{"event_name":"N\u0027loth","player_choice":"Traded a Bag of Preparation","floor":19,"damage_taken":0}],"is_beta":false,"boss_relics":[{"not_picked":["Lizard Tail","Black Star"],"picked":"Eternal Feather"}],"items_purged_floors":[20,21],"is_endless":false,"potions_floor_spawned":[2,3,10,11,16,24],"killed_by":"Sentry and Sphere","ascension_level":5}