{"gold_per_floor":[20,34,34,34,54,54,83,83,83,110,35,48,48,63,63,165,165,176,191,0,275,289,289,301,301,301,27,38,57,57],"floor_reached":30,"playtime":1399,"items_purged":["Regret","Regret"],"score":363,"play_id":"bced05da-b280-41ea-92c0-52664f9469da","local_time":"20190106192108","is_ascension_mode":true,"campfire_choices":[{"data":"Double Tap","floor":6,"key":"SMITH"},{"data":"Armaments","floor":8,"key":"SMITH"},{"floor":15,"key":"REST"},{"floor":23,"key":"REST"},{"floor":25,"key":"REST"}],"neow_cost":"NO_GOLD","seed_source_timestamp":592086685215800,"circlet_count":0,"master_deck":["AscendersBane","Strike_R","Strike_R","Strike_R","Strike_R","Defend_R","Defend_R","Defend_R","Defend_R","Bash","Double Tap+1","Pommel Strike","Thunderclap","Carnage","Shrug It Off","Armaments+1","Heavy Blade","Sword Boomerang","Headbutt","Bludgeon","Twin Strike+1","Metallicize","Magnetism","True Grit"],"relics":["Burning Blood","Torii","FossilizedHelix","Pear","Boot","Velvet Choker","Bottled Tornado"],"potions_floor_usage":[10,16,16,18,29,30,30],"damage_taken":[{"damage":14,"enemies":"Small Slimes","floor":1,"turns":6},{"damage":8,"enemies":"Jaw Worm","floor":2,"turns":5},{"damage":6,"enemies":"Cultist","floor":5,"turns":3},{"damage":40,"enemies":"3 Sentries","floor":7,"turns":7},{"damage":33,"enemies":"Gremlin Nob","floor":10,"turns":4},{"damage":6,"enemies":"Lots of Slimes","floor":12,"turns":2},{"damage":8,"enemies":"Exordium Wildlife","floor":14,"turns":5},{"damage":34,"enemies":"Hexaghost","floor":16,"turns":11},{"damage":0,"enemies":"Spheric Guardian","floor":18,"turns":3},{"damage":6,"enemies":"Chosen","floor":19,"turns":3},{"damage":43,"enemies":"3 Cultists","floor":22,"turns":6},{"damage":39,"enemies":"Cultist and Chosen","floor":24,"turns":7},{"damage":42,"enemies":"Snake Plant","floor":28,"turns":5},{"damage":0,"enemies":"Snecko","floor":29,"turns":3},{"damage":30,"enemies":"Chosen and Byrds","floor":30,"turns":6}],"seed_played":"-4657336721034833064","potions_obtained":[{"floor":2,"key":"Poison Potion"},{"floor":12,"key":"GamblersBrew"},{"floor":13,"key":"LiquidBronze"},{"floor":13,"key":"Explosive Potion"},{"floor":16,"key":"FearPotion"},{"floor":19,"key":"SteroidPotion"},{"floor":22,"key":"Regen Potion"},{"floor":29,"key":"Weak Potion"}],"is_trial":false,"path_per_floor":["M","M","?","?","M","R","E","R","T","E","$","M","?","M","R","B",null,"M","M","?","?","M","R","M","R","T","$","M","M","M"],"character_chosen":"IRONCLAD","items_purchased":["Magnetism"],"campfire_rested":3,"item_purchase_floors":[27],"current_hp_per_floor":[64,62,62,62,62,62,28,28,38,11,11,11,11,9,36,8,70,76,76,76,76,39,66,33,60,60,60,24,30,0],"gold":57,"neow_bonus":"THREE_RARE_CARDS","is_prod":false,"is_daily":false,"chose_seed":false,"campfire_upgraded":2,"win_rate":0,"timestamp":1546820468,"path_taken":["M","M","?","?","?","R","E","R","T","E","?","M","?","M","R","BOSS","M","M","?","?","M","R","M","R","T","$","?","?","M"],"build_version":"2019-01-03v4","purchased_purges":2,"victory":false,"max_hp_per_floor":[80,80,80,80,80,80,80,80,90,90,90,90,90,90,90,90,90,90,90,90,90,90,90,90,90,90,90,90,90,90],"card_choices":[{"not_picked":["Exhume","Berserk"],"picked":"Double Tap","floor":0},{"not_picked":["Warcry","Perfected Strike"],"picked":"Pommel Strike","floor":1},{"not_picked":["Iron Wave","Heavy Blade"],"picked":"Thunderclap","floor":2},{"not_picked":["Combust","Twin Strike"],"picked":"Shrug It Off","floor":5},{"not_picked":["Rage","Headbutt"],"picked":"Armaments","floor":7},{"not_picked":["Searing Blow","Double Tap"],"picked":"Heavy Blade","floor":10},{"not_picked":["Rupture","Clash"],"picked":"Sword Boomerang","floor":12},{"not_picked":["Pommel Strike","Sword Boomerang"],"picked":"Headbutt","floor":14},{"not_picked":["Limit Break","Impervious"],"picked":"Bludgeon","floor":16},{"not_picked":["Headbutt","Body Slam"],"picked":"Twin Strike+1","floor":18},{"not_picked":["Armaments","True Grit"],"picked":"Metallicize","floor":19},{"not_picked":["Clash","Sword Boomerang","Searing Blow"],"picked":"SKIP","floor":22},{"not_picked":["True Grit","Wild Strike","Iron Wave"],"picked":"SKIP","floor":24},{"not_picked":["Power Through","Corruption"],"picked":"True Grit","floor":28},{"not_picked":["Iron Wave+1","Heavy Blade","Perfected Strike+1"],"picked":"SKIP","floor":29}],"player_experience":1717055,"relics_obtained":[{"floor":7,"key":"FossilizedHelix"},{"floor":9,"key":"Pear"},{"floor":10,"key":"Boot"},{"floor":26,"key":"Bottled Tornado"}],"event_choices":[{"damage_healed":0,"gold_gain":0,"player_choice":"Box","damage_taken":0,"relics_obtained":["Torii"],"max_hp_gain":0,"max_hp_loss":0,"event_name":"Big Fish","floor":3,"gold_loss":0,"cards_obtained":["Regret"]},{"damage_healed":0,"gold_gain":0,"cards_transformed":["Strike_R"],"player_choice":"Transformed","damage_taken":0,"max_hp_gain":0,"max_hp_loss":0,"event_name":"Transmorgrifier","floor":4,"gold_loss":0,"cards_obtained":["Carnage"]},{"damage_healed":0,"gold_gain":0,"player_choice":"Got Potions","damage_taken":0,"max_hp_gain":0,"max_hp_loss":0,"event_name":"Lab","floor":13,"gold_loss":0},{"damage_healed":0,"gold_gain":0,"player_choice":"Paid Fearfully","damage_taken":0,"max_hp_gain":0,"max_hp_loss":0,"event_name":"Masked Bandits","floor":20,"gold_loss":191},{"damage_healed":0,"gold_gain":275,"player_choice":"Desecrate","damage_taken":0,"max_hp_gain":0,"max_hp_loss":0,"event_name":"Golden Shrine","floor":21,"gold_loss":0,"cards_obtained":["Regret"]}],"is_beta":false,"boss_relics":[{"not_picked":["Eternal Feather","Astrolabe"],"picked":"Velvet Choker"}],"items_purged_floors":[11,27],"is_endless":false,"potions_floor_spawned":[2,12,16,19,22,24,29],"killed_by":"Chosen and Byrds","ascension_level":10}