{"gold_per_floor":[112,37,37,37,54,79,95,152,152,13,13,31,31,51,51,126,126,142,142,158,169,180,180,193,93,117,136,149,164,164,177,177,253,253,273,285,33,52,64,64,81,81,81,98,98,98,98,109,109,109],"floor_reached":51,"playtime":8868,"items_purged":["Injury","Pain"],"score":1117,"play_id":"286b65b4-923b-4ca2-8036-30ce8014cd0d","local_time":"20190424111155","is_ascension_mode":true,"campfire_choices":[{"data":"Creative AI","floor":11,"key":"SMITH"},{"floor":13,"key":"REST"},{"data":"The Bomb","floor":15,"key":"SMITH"},{"floor":23,"key":"REST"},{"data":"Dualcast","floor":32,"key":"SMITH"},{"data":"Reinforced Body","floor":42,"key":"SMITH"},{"floor":46,"key":"REST"},{"data":"Thunder Strike","floor":49,"key":"SMITH"}],"neow_cost":"CURSE","seed_source_timestamp":122120718936100,"circlet_count":0,"master_deck":["AscendersBane","Strike_B","Strike_B","Defend_B","Defend_B","Defend_B","Defend_B","Zap","Dualcast+1","Bandage Up+1","The Bomb+1","Rebound","Conserve Battery","Seek","Cold Snap","Reinforced Body+1","Creative AI+1","Melter","Reboot","Glacier","Conserve Battery","Conserve Battery","Redo","White Noise+1","Hologram","Chill+1","Storm+1","Core Surge","Glacier","Madness","Madness","Tempest","Coolheaded+1","Thunder Strike+1"],"relics":["Cracked Core","WarpedTongs","Incense Burner","Anchor","Ice Cream","Sozu","Centennial Puzzle","Inserter","Bottled Tornado","The Courier"],"potions_floor_usage":[36,50],"damage_taken":[{"damage":4,"enemies":"2 Louse","floor":1,"turns":2},{"damage":0,"enemies":"Small Slimes","floor":5,"turns":3},{"damage":38,"enemies":"Gremlin Nob","floor":6,"turns":4},{"damage":3,"enemies":"Cultist","floor":7,"turns":3},{"damage":12,"enemies":"Gremlin Nob","floor":8,"turns":4},{"damage":4,"enemies":"Looter","floor":12,"turns":3},{"damage":0,"enemies":"Red Slaver","floor":14,"turns":3},{"damage":15,"enemies":"Slime Boss","floor":16,"turns":7},{"damage":8,"enemies":"Shell Parasite","floor":18,"turns":5},{"damage":26,"enemies":"2 Thieves","floor":20,"turns":3},{"damage":4,"enemies":"Centurion and Healer","floor":21,"turns":8},{"damage":15,"enemies":"Snecko","floor":22,"turns":7},{"damage":14,"enemies":"Snake Plant","floor":24,"turns":5},{"damage":1,"enemies":"Chosen and Byrds","floor":27,"turns":9},{"damage":0,"enemies":"3 Cultists","floor":28,"turns":3},{"damage":20,"enemies":"Snake Plant","floor":29,"turns":4},{"damage":0,"enemies":"Shelled Parasite and Fungi","floor":31,"turns":6},{"damage":0,"enemies":"Automaton","floor":33,"turns":10},{"damage":4,"enemies":"Orb Walker","floor":35,"turns":4},{"damage":9,"enemies":"3 Darklings","floor":36,"turns":5},{"damage":11,"enemies":"Jaw Worm Horde","floor":38,"turns":7},{"damage":17,"enemies":"Writhing Mass","floor":39,"turns":7},{"damage":0,"enemies":"4 Shapes","floor":41,"turns":4},{"damage":11,"enemies":"Maw","floor":44,"turns":9},{"damage":0,"enemies":"Sphere and 2 Shapes","floor":48,"turns":5},{"damage":33,"enemies":"Awakened One","floor":50,"turns":11}],"seed_played":"410436816430451308","potions_obtained":[{"floor":5,"key":"FearPotion"},{"floor":7,"key":"Energy Potion"},{"floor":8,"key":"PowerPotion"}],"is_trial":false,"path_per_floor":["M","$","?","?","M","E","M","?","T","$","R","M","R","M","R","B",null,"M","?","M","M","M","R","M","$","T","M","M","M","$","M","R","B",null,"M","M","$","M","M","?","M","R","T","M","?","R","?","M","R","B",null],"character_chosen":"DEFECT","items_purchased":["Creative AI","Bottled Tornado"],"campfire_rested":3,"item_purchase_floors":[10,37],"current_hp_per_floor":[64,64,64,64,70,36,39,33,33,33,33,35,56,62,62,53,67,65,81,55,57,48,72,64,64,64,69,75,61,61,67,67,73,79,81,72,72,67,56,46,52,52,52,47,47,71,71,71,71,44],"gold":109,"neow_bonus":"RANDOM_COLORLESS_2","is_prod":false,"is_daily":false,"chose_seed":false,"campfire_upgraded":5,"win_rate":0,"timestamp":1556118715,"path_taken":["M","$","?","?","?","E","M","?","T","$","R","M","R","M","R","BOSS","M","?","M","M","M","R","?","$","T","M","M","M","?","M","R","BOSS","M","?","$","M","M","?","M","R","T","M","?","R","?","?","R","BOSS"],"build_version":"2019-01-23","purchased_purges":2,"victory":true,"max_hp_per_floor":[71,71,71,71,71,71,71,71,71,71,71,71,71,71,71,71,71,71,81,81,81,81,81,81,81,81,81,81,81,81,81,81,81,81,81,81,81,81,81,81,81,81,81,81,81,81,81,81,81,81],"card_choices":[{"not_picked":["Gash","Barrage"],"picked":"Rebound","floor":1},{"not_picked":["Cold Snap","Go for the Eyes"],"picked":"Conserve Battery","floor":5},{"not_picked":["Hello World","Coolheaded"],"picked":"Seek","floor":6},{"not_picked":["Sweeping Beam","Turbo"],"picked":"Cold Snap","floor":7},{"not_picked":["Barrage","Gash"],"picked":"Reinforced Body","floor":8},{"not_picked":["Conserve Battery","Sweeping Beam"],"picked":"Melter","floor":12},{"not_picked":["Rebound","Streamline"],"picked":"Thunder Strike","floor":14},{"not_picked":["Rainbow","Creative AI"],"picked":"Reboot","floor":16},{"not_picked":["Gash","Compile Driver"],"picked":"Glacier","floor":18},{"not_picked":["Turbo","Chaos"],"picked":"Conserve Battery","floor":20},{"not_picked":["Rebound+1","Cold Snap"],"picked":"Conserve Battery","floor":21},{"not_picked":["Darkness","Rip and Tear"],"picked":"Redo","floor":22},{"not_picked":["Beam Cell","Coolheaded"],"picked":"White Noise+1","floor":24},{"not_picked":["Ball Lightning","Steam Power","Conserve Battery"],"picked":"SKIP","floor":27},{"not_picked":["Turbo","Barrage+1"],"picked":"Hologram","floor":28},{"not_picked":["Gash","Darkness"],"picked":"Chill+1","floor":29},{"not_picked":["Streamline","Gash"],"picked":"Storm+1","floor":31},{"not_picked":["Amplify","Creative AI"],"picked":"Core Surge","floor":33},{"not_picked":["Steam","Leap+1"],"picked":"Glacier","floor":35},{"not_picked":["Turbo","Cold Snap+1","Gash"],"picked":"SKIP","floor":36},{"not_picked":["Capacitor","Go for the Eyes","Stack"],"picked":"SKIP","floor":38},{"not_picked":["Hello World","Ball Lightning+1","Rebound"],"picked":"SKIP","floor":39},{"not_picked":["Leap","Compile Driver"],"picked":"Tempest","floor":41},{"not_picked":["Ball Lightning+1","Tempest"],"picked":"Coolheaded+1","floor":44},{"not_picked":["Rebound","Defragment"],"picked":"Thunder Strike","floor":48}],"player_experience":2796592,"relics_obtained":[{"floor":6,"key":"Incense Burner"},{"floor":8,"key":"Anchor"},{"floor":9,"key":"Ice Cream"},{"floor":26,"key":"Centennial Puzzle"},{"floor":43,"key":"The Courier"}],"event_choices":[{"damage_healed":0,"gold_gain":0,"player_choice":"Grow","damage_taken":0,"max_hp_gain":0,"max_hp_loss":0,"event_name":"Living Wall","floor":3,"gold_loss":0,"cards_upgraded":["Bandage Up"]},{"damage_healed":0,"gold_gain":0,"player_choice":"Rummage","damage_taken":0,"relics_obtained":["WarpedTongs"],"max_hp_gain":0,"max_hp_loss":0,"event_name":"Accursed Blacksmith","floor":4,"gold_loss":0,"cards_obtained":["Pain"]},{"damage_healed":0,"gold_gain":0,"player_choice":"Searched \u00271\u0027 times","damage_taken":0,"max_hp_gain":0,"max_hp_loss":0,"event_name":"Dead Adventurer","floor":8,"gold_loss":0},{"cards_removed":["Thunder Strike"],"damage_healed":6,"gold_gain":0,"player_choice":"Offered Rare","damage_taken":0,"max_hp_gain":10,"max_hp_loss":0,"event_name":"Bonfire Elementals","floor":19,"gold_loss":0},{"damage_healed":0,"gold_gain":0,"player_choice":"Embrace Madness","damage_taken":10,"max_hp_gain":0,"max_hp_loss":0,"event_name":"Winding Halls","floor":40,"gold_loss":0,"cards_obtained":["Madness","Madness"]},{"cards_removed":["Strike_B"],"damage_healed":0,"gold_gain":0,"player_choice":"Removed Attack","damage_taken":0,"max_hp_gain":0,"max_hp_loss":0,"event_name":"Falling","floor":45,"gold_loss":0},{"cards_removed":["Strike_B"],"damage_healed":0,"gold_gain":0,"player_choice":"Purged","damage_taken":0,"max_hp_gain":0,"max_hp_loss":0,"event_name":"Purifier","floor":47,"gold_loss":0}],"is_beta":false,"boss_relics":[{"not_picked":["Runic Pyramid","Black Star"],"picked":"Sozu"},{"not_picked":["Eternal Feather","Tiny House"],"picked":"Inserter"}],"items_purged_floors":[2,25],"is_endless":false,"potions_floor_spawned":[5,7,8,21,22,28,29,31,35,36,39],"ascension_level":14}