{"path_per_floor":["M","$","M","M","?","R","M","M","T","R","M","M","M","?","R","B",null,"M","$","?","M","M","R","?","?","T","E","M","R","M"],"character_chosen":"IRONCLAD","items_purchased":["Rampage","Evolve","Bag of Marbles"],"gold_per_floor":[118,46,65,79,79,79,90,101,101,101,111,123,140,140,140,243,243,198,10,10,10,10,10,10,10,10,10,10,10,10],"floor_reached":31,"campfire_rested":3,"playtime":5127,"current_hp_per_floor":[32,32,37,43,40,40,36,29,29,53,50,46,42,42,42,14,80,80,80,80,69,26,50,50,50,50,48,30,54,31],"items_purged":[],"gold":10,"play_id":"85d544ea-a887-4e5d-ba0e-206cc146451d","is_prod":false,"is_daily":false,"campfire_rituals":0,"campfire_upgraded":2,"is_hardmode":false,"path_taken":["M","?","M","M","?","R","M","M","T","R","M","M","M","?","R","BOSS","M","$","?","M","M","R","?","?","T","E","M","R","M","M"],"build_version":"2018-01-18-PROD4","purchased_purges":0,"victory":false,"master_deck":["Strike_R","Strike_R","Strike_R","Strike_R","Defend_R","Defend_R","Defend_R","Bash","Anger","Double Tap","Body Slam","Rampage","Power Through","Anger","Anger","Heavy Blade","Metallicize","Infernal Blade","Twin Strike","Fiend Fire","Anger","Evolve","Writhe","Heavy Blade","Rampage","Spot Weakness","True Grit","Dark Embrace"],"max_hp_per_floor":[80,80,80,80,80,80,80,80,80,80,80,80,80,80,80,80,80,80,80,80,80,80,80,80,80,80,80,80,80,80],"relics":["Burning Blood","Charon\u0027s Ashes","Peace Pipe","Mummified Hand","Ectoplasm","Bag of Marbles","Shovel","Ancient Tea Set","Kunai"],"campfire_meditates":0,"card_choices":[{"not_picked":["Dual Wield","Heavy Blade"],"picked":"Body Slam"},{"not_picked":["True Grit","Reckless Charge"],"picked":"Power Through"},{"not_picked":["True Grit","Warcry"],"picked":"Anger"},{"not_picked":["Flame Barrier","Thunderclap"],"picked":"Anger"},{"not_picked":["Uppercut","Clothesline"],"picked":"Heavy Blade"},{"not_picked":["Armaments","Dual Wield"],"picked":"Metallicize"},{"not_picked":["Warcry","Headbutt"],"picked":"Infernal Blade"},{"not_picked":["Burning Pact","Cleave"],"picked":"Twin Strike"},{"not_picked":["Bludgeon","Double Tap"],"picked":"Fiend Fire"},{"not_picked":["True Grit","Clothesline"],"picked":"Anger"},{"not_picked":["Armaments","Dropkick"],"picked":"Heavy Blade"},{"not_picked":["Bloodletting","Clothesline"],"picked":"Rampage"},{"not_picked":["Second Wind","Evolve"],"picked":"Spot Weakness"},{"not_picked":["Perfected Strike","Anger"],"picked":"True Grit"},{"not_picked":["Sword Boomerang","Clothesline"],"picked":"Dark Embrace"}],"player_experience":47237,"potions_floor_usage":[12,16,16,27,27,30],"damage_taken":[{"damage":14,"enemies":"Blue Slaver","floor":1,"turns":3},{"damage":1,"enemies":"Cultist","floor":3,"turns":3},{"damage":0,"enemies":"2 Louse","floor":4,"turns":2},{"damage":10,"enemies":"Exordium Wildlife","floor":7,"turns":4},{"damage":13,"enemies":"Red Slaver","floor":8,"turns":3},{"damage":9,"enemies":"2 Fungi Beasts","floor":11,"turns":3},{"damage":16,"enemies":"Exordium Wildlife","floor":12,"turns":3},{"damage":10,"enemies":"Lots of Slimes","floor":13,"turns":4},{"damage":34,"enemies":"Hexaghost","floor":16,"turns":9},{"damage":2,"enemies":"2 Thieves","floor":18,"turns":3},{"damage":17,"enemies":"Spheric Guardian","floor":21,"turns":4},{"damage":49,"enemies":"Snake Plant","floor":22,"turns":5},{"damage":20,"enemies":"Slavers","floor":27,"turns":5},{"damage":24,"enemies":"Sentry and Sphere","floor":28,"turns":6},{"damage":29,"enemies":"3 Cultists","floor":30,"turns":6},{"damage":38,"enemies":"Slaver and Parasite","floor":31,"turns":3}],"event_choices":[{"event_name":"Scrap Ooze","player_choice":"success","floor":5,"damage_taken":3},{"event_name":"Dead Adventurer","player_choice":"Searched \u00272\u0027 times","floor":14,"damage_taken":0},{"event_name":"The Mausoleum","player_choice":"Yes","floor":20,"damage_taken":0},{"event_name":"Addict","player_choice":"Ignored","floor":24,"damage_taken":0},{"event_name":"The Lab","player_choice":"Got Potions","floor":25,"damage_taken":0}],"boss_relics":[{"not_picked":["Question Card","Snecko Eye"],"picked":"Ectoplasm"}],"potions_floor_spawned":[1,8,12,16,21,27,28],"seed_played":"-7307243925485650353","killed_by":"Slaver and Parasite","is_trial":false}