{"gold_per_floor":[118,132,150,150,175,175,214,52,52,52,80,80,5,5,5,94,94,110,110,123,123,136,136,155,155,155,174,205,219,219],"floor_reached":30,"playtime":915,"items_purged":["Strike_G"],"score":488,"play_id":"fb50f15d-3998-4451-9068-5302a3e8974f","local_time":"20190510121253","is_ascension_mode":true,"campfire_choices":[{"data":"Neutralize","floor":6,"key":"SMITH"},{"data":"Noxious Fumes","floor":10,"key":"SMITH"},{"data":"Corpse Explosion","floor":12,"key":"SMITH"},{"data":"Terror","floor":15,"key":"SMITH"},{"floor":23,"key":"REST"},{"floor":25,"key":"REST"}],"neow_cost":"NONE","seed_source_timestamp":1634106537005226,"circlet_count":0,"master_deck":["AscendersBane","Defend_G","Defend_G","Defend_G","Defend_G","Defend_G","Strike_G","Strike_G","Strike_G","Survivor","Neutralize+1","Terror+1","Poisoned Stab","Backflip","Corpse Explosion+1","Noxious Fumes+1","PiercingWail","Adrenaline+1","Predator","Sucker Punch+1","Flying Knee","Flying Knee+1","Noxious Fumes"],"relics":["Ring of the Snake","Bronze Scales","Golden Idol","Anchor","Centennial Puzzle","Odd Mushroom","Runic Pyramid","Enchiridion","Molten Egg 2","Bottled Flame"],"potions_floor_usage":[7,11,28],"damage_taken":[{"damage":1,"enemies":"Small Slimes","floor":1,"turns":3},{"damage":1,"enemies":"Jaw Worm","floor":2,"turns":2},{"damage":0,"enemies":"2 Louse","floor":3,"turns":2},{"damage":8,"enemies":"Exordium Wildlife","floor":5,"turns":5},{"damage":6,"enemies":"Gremlin Nob","floor":7,"turns":3},{"damage":11,"enemies":"The Mushroom Lair","floor":11,"turns":3},{"damage":13,"enemies":"Hexaghost","floor":16,"turns":8},{"damage":4,"enemies":"Chosen","floor":18,"turns":5},{"damage":3,"enemies":"Spheric Guardian","floor":20,"turns":3},{"damage":5,"enemies":"Snecko","floor":22,"turns":4},{"damage":4,"enemies":"Centurion and Healer","floor":24,"turns":3},{"damage":23,"enemies":"Sentry and Sphere","floor":27,"turns":4},{"damage":12,"enemies":"Book of Stabbing","floor":28,"turns":5},{"damage":10,"enemies":"Snake Plant","floor":29,"turns":4},{"damage":11,"enemies":"Snecko","floor":30,"turns":3}],"seed_played":"-8320321933970199537","potions_obtained":[{"floor":3,"key":"Fire Potion"},{"floor":5,"key":"SpeedPotion"},{"floor":7,"key":"Regen Potion"},{"floor":20,"key":"Fire Potion"},{"floor":29,"key":"Explosive Potion"}],"is_trial":false,"path_per_floor":["M","M","M","?","M","R","E","$","T","R","?","R","?","$","R","B",null,"M","?","M","?","M","R","M","R","T","M","E","M","M"],"character_chosen":"THE_SILENT","items_purchased":["Noxious Fumes"],"campfire_rested":2,"item_purchase_floors":[8],"current_hp_per_floor":[58,57,57,57,49,49,43,43,43,43,44,44,44,44,44,31,53,49,28,25,25,20,38,34,52,52,29,17,7,0],"gold":219,"neow_bonus":"RANDOM_COMMON_RELIC","is_prod":false,"is_daily":false,"chose_seed":false,"campfire_upgraded":4,"win_rate":0,"timestamp":1557483173,"path_taken":["M","M","M","?","M","R","E","$","T","R","?","R","?","$","R","BOSS","M","?","M","?","M","R","M","R","T","?","E","M","?"],"build_version":"2019-05-07","purchased_purges":1,"victory":false,"max_hp_per_floor":[66,66,66,60,60,60,60,60,60,60,60,60,60,60,60,60,60,60,60,60,60,60,60,60,60,60,60,60,60,60],"card_choices":[{"not_picked":["Slice","Eviscerate"],"picked":"Terror","floor":1},{"not_picked":["Choke","Skewer"],"picked":"Poisoned Stab","floor":2},{"not_picked":["Dodge and Roll","Eviscerate"],"picked":"Backflip","floor":3},{"not_picked":["Deflect","Quick Slash","Underhanded Strike"],"picked":"SKIP","floor":5},{"not_picked":["Deadly Poison","Prepared"],"picked":"Corpse Explosion","floor":7},{"not_picked":["Dagger Spray","Eviscerate"],"picked":"PiercingWail","floor":11},{"not_picked":["Envenom","Bullet Time"],"picked":"Adrenaline","floor":16},{"not_picked":["Reflex","Poisoned Stab"],"picked":"Predator","floor":18},{"not_picked":["Blade Dance","Tactician+1","Dagger Throw"],"picked":"SKIP","floor":20},{"not_picked":["PiercingWail","Acrobatics"],"picked":"Sucker Punch+1","floor":22},{"not_picked":["Expertise","Cloak And Dagger"],"picked":"Flying Knee","floor":24},{"not_picked":["Dagger Throw+1","Distraction"],"picked":"Flying Knee+1","floor":27},{"not_picked":["Backflip","Slice+1","Quick Slash+1"],"picked":"SKIP","floor":28},{"not_picked":["Outmaneuver","Prepared"],"picked":"Noxious Fumes","floor":29}],"player_experience":1695284,"relics_obtained":[{"floor":7,"key":"Anchor"},{"floor":9,"key":"Centennial Puzzle"},{"floor":11,"key":"Odd Mushroom"},{"floor":19,"key":"Enchiridion"},{"floor":26,"key":"Molten Egg 2"},{"floor":28,"key":"Bottled Flame"}],"event_choices":[{"damage_healed":0,"gold_gain":0,"player_choice":"Lose Max HP","damage_taken":0,"relics_obtained":["Golden Idol"],"max_hp_gain":0,"max_hp_loss":6,"event_name":"Golden Idol","floor":4,"gold_loss":0},{"damage_healed":0,"gold_gain":0,"player_choice":"Fought Mushrooms","damage_taken":0,"max_hp_gain":0,"max_hp_loss":0,"event_name":"Mushrooms","floor":11,"gold_loss":0},{"cards_removed":["Strike_G"],"damage_healed":0,"gold_gain":0,"player_choice":"Card Removal","damage_taken":0,"max_hp_gain":0,"max_hp_loss":0,"event_name":"The Cleric","floor":13,"gold_loss":75},{"damage_healed":0,"gold_gain":0,"player_choice":"Obtained Book","damage_taken":21,"max_hp_gain":0,"max_hp_loss":0,"event_name":"Cursed Tome","floor":19,"gold_loss":0},{"damage_healed":0,"gold_gain":0,"player_choice":"Forge","damage_taken":0,"max_hp_gain":0,"max_hp_loss":0,"event_name":"Accursed Blacksmith","floor":21,"gold_loss":0,"cards_upgraded":["Adrenaline"]}],"is_beta":true,"boss_relics":[{"not_picked":["White Beast Statue","Orrery"],"picked":"Runic Pyramid"}],"items_purged_floors":[8],"is_endless":false,"potions_floor_spawned":[3,5,7,20,22,24,29],"killed_by":"Snecko","ascension_level":19}