{"gold_per_floor":[110,285,285,295,59,59,71,101,178,178,253,253,273,291,291,291],"floor_reached":16,"playtime":582,"items_purged":["Pain"],"score":140,"play_id":"11442d88-6c5a-4f81-8d05-2526b8583967","local_time":"20190313233815","is_ascension_mode":true,"campfire_choices":[{"data":"Dualcast","floor":6,"key":"SMITH"},{"data":"Fusion","floor":10,"key":"SMITH"},{"data":"Darkness","floor":12,"key":"SMITH"},{"floor":15,"key":"REST"}],"neow_cost":"NONE","seed_source_timestamp":16989519970099,"circlet_count":0,"master_deck":["Strike_B","Strike_B","Strike_B","Strike_B","Defend_B","Defend_B","Defend_B","Defend_B","Zap","Dualcast+1","Glacier","Doubt","Heatsinks","Blizzard","Dramatic Entrance","Darkness+1","Fusion+1","Coolheaded","Stack"],"relics":["Cracked Core","WarpedTongs","Ancient Tea Set","Mummified Hand"],"potions_floor_usage":[8,16],"damage_taken":[{"damage":4,"enemies":"2 Louse","floor":1,"turns":3},{"damage":11,"enemies":"Jaw Worm","floor":4,"turns":3},{"damage":0,"enemies":"Cultist","floor":7,"turns":4},{"damage":35,"enemies":"3 Sentries","floor":8,"turns":9},{"damage":0,"enemies":"2 Fungi Beasts","floor":13,"turns":3},{"damage":9,"enemies":"Red Slaver","floor":14,"turns":3},{"damage":51,"enemies":"Slime Boss","floor":16,"turns":10}],"seed_played":"-274201075560628406","potions_obtained":[{"floor":1,"key":"FocusPotion"},{"floor":4,"key":"GamblersBrew"},{"floor":7,"key":"Regen Potion"}],"is_trial":false,"path_per_floor":["M","?","?","M","$","R","M","E","T","R","?","R","M","M","R","B"],"character_chosen":"DEFECT","items_purchased":["Blizzard","Dramatic Entrance"],"campfire_rested":1,"item_purchase_floors":[5,5],"current_hp_per_floor":[71,71,71,60,60,60,60,40,40,40,32,32,32,23,47,0],"gold":291,"neow_bonus":"TEN_PERCENT_HP_BONUS","is_prod":false,"is_daily":false,"chose_seed":false,"campfire_upgraded":3,"win_rate":0,"timestamp":1552534695,"path_taken":["M","?","?","?","$","R","M","E","T","R","?","R","M","?","R","BOSS"],"build_version":"2019-01-23","purchased_purges":1,"victory":false,"max_hp_per_floor":[82,82,82,82,82,82,82,82,82,82,82,82,82,82,82,82],"card_choices":[{"not_picked":["Chill","Hologram"],"picked":"Glacier","floor":1},{"not_picked":["Go for the Eyes","Turbo"],"picked":"Heatsinks","floor":4},{"not_picked":["Rebound","Stack"],"picked":"Darkness","floor":7},{"not_picked":["Ball Lightning","Streamline"],"picked":"Fusion","floor":8},{"not_picked":["Hologram","Beam Cell"],"picked":"Coolheaded","floor":13},{"not_picked":["Steam","Rebound"],"picked":"Stack","floor":14}],"player_experience":2412869,"relics_obtained":[{"floor":8,"key":"Ancient Tea Set"},{"floor":9,"key":"Mummified Hand"}],"event_choices":[{"damage_healed":0,"gold_gain":175,"player_choice":"AGREE","damage_taken":0,"max_hp_gain":0,"max_hp_loss":0,"event_name":"Liars Game","floor":2,"gold_loss":0,"cards_obtained":["Doubt"]},{"damage_healed":0,"gold_gain":0,"player_choice":"Rummage","damage_taken":0,"relics_obtained":["WarpedTongs"],"max_hp_gain":0,"max_hp_loss":0,"event_name":"Accursed Blacksmith","floor":3,"gold_loss":0,"cards_obtained":["Pain"]},{"damage_healed":0,"gold_gain":75,"player_choice":"Touch","damage_taken":8,"max_hp_gain":0,"max_hp_loss":0,"event_name":"FaceTrader","floor":11,"gold_loss":0}],"is_beta":false,"boss_relics":[],"items_purged_floors":[5],"is_endless":false,"potions_floor_spawned":[1,4,7],"killed_by":"Slime Boss","ascension_level":8}