{"gold_per_floor":[110,122,139,139,109,135,135,135,189,201,236,202,202,212,212,315,315,333,333,333,333,351,381,76,86,86,185,185,205,239,0,0,97,97,114,127,140,160,160,160,160,260,260,277,277,302,75,92,92,92],"floor_reached":50,"playtime":4221,"items_purged":[],"score":570,"play_id":"fdcd8aa2-56ad-42c3-99c4-ea7be4eb0fff","local_time":"20190417134444","is_ascension_mode":false,"campfire_choices":[{"data":"Rage","floor":8.0,"key":"SMITH"},{"floor":15.0,"key":"REST"},{"floor":28.0,"key":"REST"},{"floor":32.0,"key":"REST"},{"data":"Demon Form","floor":40.0,"key":"SMITH"},{"floor":49.0,"key":"REST"}],"neow_cost":"","seed_source_timestamp":0,"circlet_count":0,"master_deck":["Strike_R","Strike_R+1","Strike_R+1","Defend_R","Defend_R","Defend_R","Defend_R","Shockwave","Feel No Pain","Fire Breathing","Rage+1","Metallicize","Fire Breathing","Anger","Demon Form+1","Fire Breathing+1","Sever Soul","Seeing Red+1","Rampage","Rampage","Infernal Blade","Flex","Impervious","Armaments+1","Reaper+1","Anger","Warcry","Pummel","Blind","Writhe","Metallicize+1","Battle Trance+1","Dark Embrace","Seeing Red+1","Anger","Headbutt+1","Dropkick"],"special_seed":0,"relics":["Burning Blood","Orichalcum","Bronze Scales","Vajra","Bag of Marbles","Shuriken","Runic Pyramid","Whetstone","Pen Nib","Potion Belt","Meat on the Bone","Dream Catcher","Astrolabe","Mango","Regal Pillow","Bag of Preparation","Strange Spoon"],"potions_floor_usage":[],"damage_taken":[{"damage":5.0,"enemies":"Cultist","floor":1.0,"turns":4.0},{"damage":3.0,"enemies":"2 Louse","floor":2.0,"turns":3.0},{"damage":7.0,"enemies":"Small Slimes","floor":3.0,"turns":4.0},{"damage":10.0,"enemies":"Looter","floor":5.0,"turns":4.0},{"damage":26.0,"enemies":"Gremlin Nob","floor":6.0,"turns":4.0},{"damage":15.0,"enemies":"2 Fungi Beasts","floor":10.0,"turns":4.0},{"damage":16.0,"enemies":"Lagavulin","floor":11.0,"turns":7.0},{"damage":11.0,"enemies":"Large Slime","floor":14.0,"turns":6.0},{"damage":24.0,"enemies":"The Guardian","floor":16.0,"turns":10.0},{"damage":18.0,"enemies":"Spheric Guardian","floor":18.0,"turns":4.0},{"damage":7.0,"enemies":"Shell Parasite","floor":22.0,"turns":5.0},{"damage":37.0,"enemies":"Gremlin Leader","floor":23.0,"turns":4.0},{"damage":22.0,"enemies":"Shelled Parasite and Fungi","floor":25.0,"turns":5.0},{"damage":20.0,"enemies":"Centurion and Healer","floor":29.0,"turns":5.0},{"damage":48.0,"enemies":"Book of Stabbing","floor":30.0,"turns":6.0},{"damage":10.0,"enemies":"Champ","floor":33.0,"turns":8.0},{"damage":25.0,"enemies":"3 Darklings","floor":35.0,"turns":6.0},{"damage":38.0,"enemies":"3 Shapes","floor":36.0,"turns":6.0},{"damage":27.0,"enemies":"Spire Growth","floor":37.0,"turns":5.0},{"damage":31.0,"enemies":"Writhing Mass","floor":38.0,"turns":7.0},{"damage":22.0,"enemies":"Mind Bloom Boss Battle","floor":42.0,"turns":7.0},{"damage":54.0,"enemies":"Transient","floor":44.0,"turns":5.0},{"damage":30.0,"enemies":"Giant Head","floor":46.0,"turns":9.0},{"damage":43.0,"enemies":"Spire Growth","floor":48.0,"turns":6.0},{"damage":83,"enemies":"Awakened One","floor":50,"turns":4}],"seed_played":"7135381364037427296","potions_obtained":[{"floor":2.0,"key":"Poison Potion"},{"floor":3.0,"key":"Poison Potion"},{"floor":11.0,"key":"Swift Potion"},{"floor":14.0,"key":"GamblersBrew"},{"floor":16.0,"key":"Strength Potion"},{"floor":21.0,"key":"FairyPotion"},{"floor":21.0,"key":"PowerPotion"},{"floor":25.0,"key":"FearPotion"},{"floor":30.0,"key":"SkillPotion"},{"floor":35.0,"key":"Dexterity Potion"},{"floor":36.0,"key":"Fire Potion"},{"floor":38.0,"key":"SkillPotion"},{"floor":44.0,"key":"Block Potion"}],"is_trial":false,"path_per_floor":["M","M","M","?","M","E","?","R","T","M","E","?","?","M","R","B",null,"M","?","?","?","M","E","$","M","T","?","R","M","E","?","R","B",null,"M","M","M","M","?","R","?","?","T","M","?","E","$","M","R","B"],"character_chosen":"IRONCLAD","items_purchased":["Pen Nib","Potion Belt","Anger","Strange Spoon"],"campfire_rested":4,"item_purchase_floors":[24,24,47,47],"current_hp_per_floor":[80,80,79,72,68,48,48,48,48,39,29,29,26,21,45,27,80,68,68,68,68,67,36,36,20,20,20,44,42,26,26,50,58,80,74,61,49,47,47,47,67,83,83,47,47,42,42,27,70,0],"gold":92,"neow_bonus":"","is_prod":false,"is_daily":false,"chose_seed":false,"campfire_upgraded":2,"win_rate":0.0,"timestamp":1555533884,"path_taken":["M","M","?","?","M","E","?","R","T","M","E","?","?","M","R","BOSS","M","?","?","?","M","E","$","?","T","?","R","M","E","?","R","BOSS","M","M","M","M","?","R","?","?","T","M","?","E","$","?","R","BOSS"],"build_version":"2019-01-23","purchased_purges":0,"victory":false,"max_hp_per_floor":[80,80,80,80,80,80,80,80,80,80,80,80,80,80,80,80,80,80,80,80,80,80,80,80,80,80,80,80,80,80,80,80,80,80,80,80,80,80,80,80,80,94,94,94,94,94,94,94,94,94],"card_choices":[{"not_picked":["Cleave","Clash"],"picked":"Shockwave","floor":1.0},{"not_picked":["Armaments","True Grit"],"picked":"Feel No Pain","floor":2.0},{"not_picked":["Clash","Iron Wave"],"picked":"Offering","floor":3.0},{"not_picked":["Disarm","Shockwave"],"picked":"Fire Breathing","floor":5.0},{"not_picked":["Uppercut","Headbutt"],"picked":"Rage","floor":6.0},{"not_picked":["Perfected Strike","Combust"],"picked":"Metallicize","floor":10.0},{"not_picked":["Searing Blow","Iron Wave"],"picked":"Fire Breathing","floor":11.0},{"not_picked":["Headbutt","Intimidate"],"picked":"Anger","floor":14.0},{"not_picked":["Berserk","Dark Embrace"],"picked":"Demon Form","floor":16.0},{"not_picked":["Warcry","Body Slam+1"],"picked":"Fire Breathing+1","floor":18.0},{"not_picked":["Clash+1","Clothesline"],"picked":"Seeing Red+1","floor":22.0},{"not_picked":["Brutality","Warcry"],"picked":"Rampage","floor":23.0},{"not_picked":["Hemokinesis","Clash+1"],"picked":"Rampage","floor":25.0},{"not_picked":["Cleave","Body Slam","Headbutt"],"picked":"SKIP","floor":29.0},{"not_picked":["Armaments","Sword Boomerang"],"picked":"Infernal Blade","floor":30.0},{"not_picked":["True Grit","Corruption+1"],"picked":"Flex","floor":32.0},{"not_picked":["Offering","Bludgeon"],"picked":"Impervious","floor":33.0},{"not_picked":["Armaments","True Grit","Rupture+1"],"picked":"SKIP","floor":35.0},{"not_picked":["Rampage","Shockwave"],"picked":"Anger","floor":36.0},{"not_picked":["Cleave","Body Slam+1"],"picked":"Warcry","floor":37.0},{"not_picked":["Clash","Clothesline+1"],"picked":"Pummel","floor":38.0},{"not_picked":["HandOfGreed","Flash of Steel"],"picked":"Blind","floor":39.0},{"not_picked":["Flex","Iron Wave+1"],"picked":"Metallicize+1","floor":42.0},{"not_picked":["Shockwave+1","True Grit+1"],"picked":"Battle Trance+1","floor":44.0},{"not_picked":["Reckless Charge+1","Armaments"],"picked":"Seeing Red+1","floor":46.0},{"not_picked":["Sword Boomerang","Thunderclap+1"],"picked":"Headbutt+1","floor":48.0},{"not_picked":["Body Slam","Pummel"],"picked":"Dropkick","floor":49.0}],"player_experience":0,"relics_obtained":[{"floor":6.0,"key":"Orichalcum"},{"floor":9.0,"key":"Vajra"},{"floor":11.0,"key":"Bag of Marbles"},{"floor":23.0,"key":"Whetstone"},{"floor":26.0,"key":"Meat on the Bone"},{"floor":30.0,"key":"Dream Catcher"},{"floor":42.0,"key":"Mango"},{"floor":43.0,"key":"Regal Pillow"},{"floor":46.0,"key":"Bag of Preparation"}],"event_choices":[{"cards_removed":["Bash"],"damage_healed":0.0,"max_hp_gain":0.0,"max_hp_loss":0.0,"gold_gain":0.0,"event_name":"Golden Wing","player_choice":"Card Removal","floor":4.0,"gold_loss":0.0,"damage_taken":7.0},{"damage_healed":0.0,"max_hp_gain":0.0,"max_hp_loss":0.0,"gold_gain":0.0,"event_name":"Big Fish","player_choice":"Box","floor":7.0,"gold_loss":0.0,"damage_taken":0.0,"relics_obtained":["Bronze Scales"],"cards_obtained":["Regret"]},{"damage_healed":0.0,"max_hp_gain":0.0,"max_hp_loss":0.0,"gold_gain":0.0,"event_name":"World of Goop","player_choice":"Left Gold","floor":12.0,"gold_loss":34.0,"damage_taken":0.0},{"damage_healed":0.0,"max_hp_gain":0.0,"max_hp_loss":0.0,"gold_gain":0.0,"event_name":"Scrap Ooze","player_choice":"Success","floor":13.0,"gold_loss":0.0,"damage_taken":3.0,"relics_obtained":["Shuriken"]},{"damage_healed":0.0,"max_hp_gain":0.0,"max_hp_loss":0.0,"gold_gain":0.0,"event_name":"The Library","player_choice":"Read","floor":19.0,"gold_loss":0.0,"damage_taken":0.0,"cards_obtained":["Sever Soul"]},{"cards_removed":["Regret"],"damage_healed":0.0,"max_hp_gain":0.0,"max_hp_loss":0.0,"gold_gain":0.0,"event_name":"Back to Basics","player_choice":"Elegance","floor":20.0,"gold_loss":0.0,"damage_taken":0.0},{"damage_healed":0.0,"max_hp_gain":0.0,"max_hp_loss":0.0,"gold_gain":0.0,"event_name":"Lab","player_choice":"Got Potions","floor":21.0,"gold_loss":0.0,"damage_taken":0.0},{"damage_healed":0.0,"max_hp_gain":0.0,"max_hp_loss":0.0,"gold_gain":99.0,"event_name":"Nest","player_choice":"Stole From Cult","floor":27.0,"gold_loss":0.0,"damage_taken":0.0},{"damage_healed":0.0,"max_hp_gain":0.0,"max_hp_loss":0.0,"gold_gain":0.0,"event_name":"Masked Bandits","player_choice":"Paid Fearfully","floor":31.0,"gold_loss":239.0,"damage_taken":0.0},{"damage_healed":0.0,"max_hp_gain":0.0,"max_hp_loss":0.0,"gold_gain":0.0,"event_name":"SensoryStone","player_choice":"Memory 1","floor":39.0,"gold_loss":0.0,"damage_taken":0.0},{"damage_healed":20.0,"max_hp_gain":0.0,"max_hp_loss":0.0,"gold_gain":0.0,"event_name":"Winding Halls","player_choice":"Writhe","floor":41.0,"gold_loss":0.0,"damage_taken":0.0,"cards_obtained":["Writhe"]},{"damage_healed":0.0,"max_hp_gain":0.0,"max_hp_loss":0.0,"gold_gain":0.0,"event_name":"MindBloom","player_choice":"Fight","floor":42.0,"gold_loss":0.0,"damage_taken":0.0},{"damage_healed":0.0,"max_hp_gain":0.0,"max_hp_loss":0.0,"gold_gain":0.0,"cards_transformed":["Combust"],"event_name":"Transmorgrifier","player_choice":"Transformed","floor":45.0,"gold_loss":0.0,"damage_taken":0.0,"cards_obtained":["Dark Embrace"]}],"is_beta":false,"boss_relics":[{"not_picked":["Eternal Feather","Orrery"],"picked":"Runic Pyramid"},{"not_picked":["Tiny House","White Beast Statue"],"picked":"Astrolabe"}],"items_purged_floors":[],"is_endless":false,"potions_floor_spawned":[2,3,11,14,16,22,25,30,35,36,38,44],"killed_by":"Awakened One","ascension_level":0}