{"gold_per_floor":[112,287,287,287,303,318,334,355,401,401,421,421,455,455,455,583,583,608,633,384,384,424,424,447,447],"floor_reached":25,"playtime":934,"items_purged":[],"score":297,"play_id":"a5209a4d-1549-48d7-b085-c577ab8d5ed4","local_time":"20190102035335","is_ascension_mode":true,"campfire_choices":[{"data":"Armaments","floor":10,"key":"SMITH"},{"data":"Spot Weakness","floor":12,"key":"SMITH"},{"floor":15,"key":"REST"},{"floor":23,"key":"REST"}],"neow_cost":"NONE","seed_source_timestamp":191317886217600,"circlet_count":0,"master_deck":["Bash","Corruption","Infernal Blade","Clash","Spot Weakness+1","Armaments+1","Blood for Blood","Feed","Entrench","Flame Barrier","Rupture","Wild Strike","Body Slam","Pommel Strike","Flex","Anger","Reaper","Anger+1","Clothesline+1","HandOfGreed","Combust","Infernal Blade","Warcry+1"],"relics":["Burning Blood","Golden Idol","Lantern","Sundial","Anchor","Pandora\u0027s Box","MutagenicStrength"],"potions_floor_usage":[25,25,25],"damage_taken":[{"damage":3,"enemies":"Jaw Worm","floor":1,"turns":5},{"damage":8,"enemies":"2 Louse","floor":5,"turns":4},{"damage":0,"enemies":"Cultist","floor":6,"turns":3},{"damage":13,"enemies":"Exordium Wildlife","floor":7,"turns":3},{"damage":8,"enemies":"Large Slime","floor":8,"turns":4},{"damage":3,"enemies":"Blue Slaver","floor":11,"turns":3},{"damage":33,"enemies":"Gremlin Nob","floor":13,"turns":4},{"damage":34,"enemies":"Hexaghost","floor":16,"turns":9},{"damage":42,"enemies":"Shell Parasite","floor":18,"turns":5},{"damage":33,"enemies":"Chosen","floor":19,"turns":5},{"damage":17,"enemies":"Centurion and Healer","floor":22,"turns":4},{"damage":33,"enemies":"3 Cultists","floor":24,"turns":5},{"damage":33,"enemies":"Slavers","floor":25,"turns":3}],"seed_played":"-834524203158519914","potions_obtained":[{"floor":1,"key":"FearPotion"},{"floor":5,"key":"FearPotion"},{"floor":6,"key":"Dexterity Potion"}],"is_trial":false,"path_per_floor":["M","?","?","?","M","M","M","M","T","R","M","R","E","?","R","B",null,"M","M","$","?","M","R","M","E"],"character_chosen":"IRONCLAD","items_purchased":["HandOfGreed","Combust"],"campfire_rested":2,"item_purchase_floors":[20,20],"current_hp_per_floor":[83,83,61,61,59,65,58,56,56,56,59,59,32,20,46,18,71,43,20,20,20,9,35,27,0],"gold":447,"neow_bonus":"TEN_PERCENT_HP_BONUS","is_prod":false,"is_daily":false,"chose_seed":false,"campfire_upgraded":2,"win_rate":0,"timestamp":1546419215,"path_taken":["M","?","?","?","?","M","M","M","T","R","M","R","E","?","R","BOSS","M","M","$","?","M","R","M","E"],"build_version":"2018-12-20","purchased_purges":0,"victory":false,"max_hp_per_floor":[88,88,88,88,88,88,88,88,88,88,88,88,88,88,88,88,88,88,88,88,88,88,88,91,94],"card_choices":[{"not_picked":["Pommel Strike","Warcry"],"picked":"Corruption","floor":1},{"not_picked":["Iron Wave","Warcry"],"picked":"Infernal Blade","floor":5},{"not_picked":["Dual Wield","Thunderclap"],"picked":"Clash","floor":6},{"not_picked":["Anger","Twin Strike"],"picked":"Spot Weakness","floor":7},{"not_picked":["Searing Blow","Anger"],"picked":"Armaments","floor":8},{"not_picked":["True Grit","Shockwave","Clothesline"],"picked":"SKIP","floor":11},{"not_picked":["Warcry","Shockwave"],"picked":"Blood for Blood","floor":13},{"not_picked":["Juggernaut","Berserk"],"picked":"Feed","floor":16},{"not_picked":["Twin Strike","Armaments"],"picked":"Anger+1","floor":18},{"not_picked":["Flex","Thunderclap"],"picked":"Clothesline+1","floor":19},{"not_picked":["Iron Wave","Cleave"],"picked":"Infernal Blade","floor":22},{"not_picked":["Reckless Charge","Sword Boomerang+1"],"picked":"Warcry+1","floor":24}],"player_experience":1644256,"relics_obtained":[{"floor":9,"key":"Lantern"},{"floor":13,"key":"Sundial"}],"event_choices":[{"damage_healed":0,"gold_gain":175,"player_choice":"AGREE","damage_taken":0,"max_hp_gain":0,"max_hp_loss":0,"event_name":"Liars Game","floor":2,"gold_loss":0,"cards_obtained":["Doubt"]},{"damage_healed":0,"gold_gain":0,"player_choice":"Take Damage","damage_taken":22,"relics_obtained":["Golden Idol"],"max_hp_gain":0,"max_hp_loss":0,"event_name":"Golden Idol","floor":3,"gold_loss":0},{"cards_removed":["Doubt"],"damage_healed":0,"gold_gain":0,"player_choice":"Removed Curses","damage_taken":0,"max_hp_gain":0,"max_hp_loss":0,"event_name":"Fountain of Cleansing","floor":4,"gold_loss":0},{"damage_healed":0,"gold_gain":0,"player_choice":"Success","damage_taken":12,"relics_obtained":["Anchor"],"max_hp_gain":0,"max_hp_loss":0,"event_name":"Scrap Ooze","floor":14,"gold_loss":0},{"damage_healed":0,"gold_gain":0,"player_choice":"Inject Mutagens","damage_taken":0,"relics_obtained":["MutagenicStrength"],"max_hp_gain":0,"max_hp_loss":0,"event_name":"Drug Dealer","floor":21,"gold_loss":0}],"is_beta":false,"boss_relics":[{"not_picked":["Runic Cube","Empty Cage"],"picked":"Pandora\u0027s Box"}],"items_purged_floors":[],"is_endless":false,"potions_floor_spawned":[1,5,6,8,18,19],"killed_by":"Slavers","ascension_level":9}