{"path_per_floor":["M","?","M","M","M","R","E","R","T","E","?","M","R","M","R","B",null,"M","M","M","M","M","R","$","E","T","R","E","M","?","M","R"],"character_chosen":"IRONCLAD","items_purchased":["Gremlin Horn","Combust"],"gold_per_floor":[112,112,126,139,149,149,181,181,181,211,211,222,222,240,240,339,339,339,339,339,339,339,339,12,12,12,12,12,12,12,12,12],"floor_reached":33,"campfire_rested":0,"playtime":2323,"current_hp_per_floor":[80,80,72,75,75,75,74,74,74,54,61,54,54,58,58,23,87,87,75,58,57,42,42,42,32,32,32,29,30,30,38,38],"items_purged":[],"gold":12,"play_id":"4c1d77ad-87e8-404b-b65f-b6facc8ca165","is_prod":false,"is_daily":false,"is_ascension_mode":false,"campfire_upgraded":7,"path_taken":["M","?","M","M","M","R","E","R","T","E","?","M","R","M","R","BOSS","M","?","M","M","M","R","$","E","T","R","E","M","?","M","R","BOSS"],"build_version":"2018-01-25-PROD3","purchased_purges":0,"victory":false,"master_deck":["Strike_R","Strike_R","Strike_R","Strike_R","Strike_R","Defend_R","Defend_R","Defend_R","Bash+1","Immolate","Wild Strike","Shockwave+1","Rupture+1","Blood for Blood","Clash","Brutality+1","Whirlwind+1","Regret","Pommel Strike+1","Brutality+1","Disarm","Hemokinesis+1","Dual Wield","Headbutt","Combust","Sword Boomerang","Writhe"],"max_hp_per_floor":[80,80,80,80,80,80,80,80,80,80,87,87,87,87,87,87,87,87,87,87,87,87,87,87,87,87,87,87,87,87,87,87],"relics":["Burning Blood","Meat on the Bone","Girya","Toolbox","Strawberry","Ectoplasm","Gremlin Horn","Orichalcum","Art of War","Ornamental Fan","Bag of Marbles"],"card_choices":[{"not_picked":["Rage","Second Wind"],"picked":"Wild Strike"},{"not_picked":["Body Slam","Shockwave"],"picked":"Rupture"},{"not_picked":["Bloodletting","Anger"],"picked":"Blood for Blood"},{"not_picked":["Cleave","Armaments"],"picked":"Clash"},{"not_picked":["Armaments","Blood for Blood"],"picked":"Brutality"},{"not_picked":["Twin Strike","Havoc"],"picked":"Whirlwind"},{"not_picked":["Thunderclap","Uppercut"],"picked":"Pommel Strike"},{"not_picked":["Bludgeon","Immolate"],"picked":"Brutality"},{"not_picked":["Cleave","Body Slam"],"picked":"Disarm"},{"not_picked":["Body Slam","Sever Soul"],"picked":"Hemokinesis"},{"not_picked":["Intimidate","Hemokinesis"],"picked":"Dual Wield"},{"not_picked":["Twin Strike","Clothesline"],"picked":"Headbutt"},{"not_picked":["Clash","Pommel Strike"],"picked":"Sword Boomerang"}],"player_experience":251187,"potions_floor_usage":[7,7,12,22,22,29,33],"damage_taken":[{"damage":6,"enemies":"Cultist","floor":1,"turns":3},{"damage":14,"enemies":"Blue Slaver","floor":3,"turns":3},{"damage":3,"enemies":"Small Slimes","floor":4,"turns":3},{"damage":6,"enemies":"3 Louse","floor":5,"turns":4},{"damage":7,"enemies":"Lagavulin","floor":7,"turns":4},{"damage":38,"enemies":"Gremlin Nob","floor":10,"turns":5},{"damage":13,"enemies":"Looter","floor":12,"turns":2},{"damage":2,"enemies":"Large Slime","floor":14,"turns":3},{"damage":53,"enemies":"The Guardian","floor":16,"turns":7},{"damage":2,"enemies":"Chosen","floor":18,"turns":3},{"damage":18,"enemies":"Shell Parasite","floor":19,"turns":4},{"damage":23,"enemies":"Snake Plant","floor":20,"turns":3},{"damage":19,"enemies":"Centurion and Healer","floor":21,"turns":3},{"damage":33,"enemies":"Slaver and Parasite","floor":22,"turns":4},{"damage":28,"enemies":"Book of Stabbing","floor":25,"turns":3},{"damage":21,"enemies":"Slavers","floor":28,"turns":4},{"damage":17,"enemies":"Snake Plant","floor":29,"turns":4},{"damage":10,"enemies":"Centurion and Healer","floor":31,"turns":4},{"damage":38,"enemies":"Champ","floor":33,"turns":7}],"event_choices":[{"event_name":"Transmorgrifier","player_choice":"Transform","floor":2,"damage_taken":0},{"event_name":"Big Fish","player_choice":"Box","floor":11,"damage_taken":0},{"event_name":"The Mausoleum","player_choice":"Yes","floor":30,"damage_taken":0}],"boss_relics":[{"not_picked":["Pandora\u0027s Box","Runic Dome"],"picked":"Ectoplasm"}],"potions_floor_spawned":[4,5,10,14,16,18,21,22,31],"seed_played":"-3402121726845317805","killed_by":"Champ","ascension_level":0,"is_trial":false}