{"gold_per_floor":[113,113,126,146,157,157,169,119,119,130,144,144,62,82,82,160,160,179,179,192,222,222,222,222,222,222,222,321,536,536,301,301,379,379,397,497,497],"floor_reached":37,"playtime":12092,"items_purged":[],"score":589,"play_id":"e3e539cf-6222-46bf-af79-2e2c1c8e4b17","local_time":"20190404215915","is_ascension_mode":true,"campfire_choices":[{"data":"Gash","floor":6.0,"key":"SMITH"},{"floor":12.0,"key":"REST"},{"data":"White Noise","floor":15.0,"key":"SMITH"},{"floor":23,"key":"REST"},{"floor":25,"key":"REST"},{"data":"Echo Form","floor":27,"key":"SMITH"},{"data":"Creative AI","floor":30,"key":"SMITH"},{"floor":32,"key":"REST"}],"neow_cost":"TEN_PERCENT_HP_LOSS","seed_source_timestamp":0,"circlet_count":0,"master_deck":["AscendersBane","Strike_B","Strike_B","Defend_B","Defend_B","Defend_B","Zap","Dualcast","Hello World","Sweeping Beam","Gash+1","Go for the Eyes+1","Creative AI+1","Stack","Reinforced Body","White Noise+1","FTL+1","Echo Form+1","Compile Driver+1","Gash+1","Scrape+1","Flash of Steel+1","Echo Form","Streamline+1","Heatsinks+1"],"special_seed":0,"relics":["Cracked Core","Molten Egg 2","Torii","Nuclear Battery","Red Mask","Vajra","Old Coin","Pen Nib","Du-Vu Doll"],"potions_floor_usage":[21,33],"damage_taken":[{"damage":15.0,"enemies":"Small Slimes","floor":1.0,"turns":3.0},{"damage":3.0,"enemies":"2 Louse","floor":3.0,"turns":2.0},{"damage":12.0,"enemies":"Jaw Worm","floor":4.0,"turns":3.0},{"damage":4.0,"enemies":"Looter","floor":5.0,"turns":3.0},{"damage":1.0,"enemies":"2 Fungi Beasts","floor":7.0,"turns":3.0},{"damage":9.0,"enemies":"Exordium Wildlife","floor":10.0,"turns":3.0},{"damage":2.0,"enemies":"Blue Slaver","floor":11.0,"turns":3.0},{"damage":7.0,"enemies":"Looter","floor":14.0,"turns":3.0},{"damage":14.0,"enemies":"Slime Boss","floor":16.0,"turns":8.0},{"damage":30.0,"enemies":"Spheric Guardian","floor":18.0,"turns":4.0},{"damage":0.0,"enemies":"Chosen","floor":20.0,"turns":7.0},{"damage":39,"enemies":"Masked Bandits","floor":21,"turns":5},{"damage":54,"enemies":"Champ","floor":33,"turns":12},{"damage":1,"enemies":"3 Shapes","floor":35,"turns":4},{"damage":28,"enemies":"Mind Bloom Boss Battle","floor":36,"turns":8},{"damage":31,"enemies":"3 Darklings","floor":37,"turns":2}],"seed_played":"1960045100827749778","potions_obtained":[{"floor":5.0,"key":"Dexterity Potion"},{"floor":10.0,"key":"SpeedPotion"},{"floor":11.0,"key":"LiquidBronze"},{"floor":21,"key":"SkillPotion"},{"floor":36,"key":"SteroidPotion"}],"is_trial":false,"path_per_floor":["M","?","M","M","M","R","M","?","T","M","M","R","$","M","R","B",null,"M","?","M","?","?","R","$","R","T","R","?","?","R","$","R","B",null,"M","?","M"],"character_chosen":"DEFECT","items_purchased":["FTL+1","Flash of Steel+1","Pen Nib"],"campfire_rested":4,"item_purchase_floors":[13,31,31],"current_hp_per_floor":[53,50,47,35,31,31,30,30,30,21,19,39,39,32,32,18,56,26,48,48,9,9,29,29,49,49,49,49,49,49,49,68,14,55,54,26,0],"gold":497,"neow_bonus":"TRANSFORM_TWO_CARDS","is_prod":false,"is_daily":false,"chose_seed":false,"campfire_upgraded":4,"win_rate":0,"timestamp":1554429555,"path_taken":["M","?","M","M","M","R","M","?","T","M","M","R","$","M","R","BOSS","M","?","M","?","?","R","$","R","T","R","?","?","R","$","R","BOSS","M","?","M"],"build_version":"2019-01-23","purchased_purges":0,"victory":false,"max_hp_per_floor":[68,68,68,68,68,68,68,68,68,68,68,68,68,68,68,68,68,68,68,68,68,68,68,68,68,68,68,68,68,68,68,68,68,68,68,68,68],"card_choices":[{"not_picked":["Conserve Battery","Sweeping Beam"],"picked":"Gash","floor":1.0},{"not_picked":["Cold Snap+1","Compile Driver+1"],"picked":"Go for the Eyes+1","floor":3.0},{"not_picked":["Compile Driver+1","Hologram"],"picked":"Creative AI","floor":4.0},{"not_picked":["Turbo","Storm","Doom and Gloom+1"],"picked":"SKIP","floor":5.0},{"not_picked":["Redo","Barrage+1"],"picked":"Stack","floor":7.0},{"not_picked":["Thunder Strike+1","Leap"],"picked":"Reinforced Body","floor":10.0},{"not_picked":["Compile Driver+1","Consume"],"picked":"White Noise","floor":11.0},{"not_picked":["Cold Snap+1","Steam Power","Redo"],"picked":"SKIP","floor":14.0},{"not_picked":["Creative AI","Amplify"],"picked":"Echo Form","floor":16.0},{"not_picked":["Stack","Go for the Eyes+1"],"picked":"Compile Driver+1","floor":18.0},{"not_picked":["Redo+1","Hologram"],"picked":"Gash+1","floor":20},{"not_picked":["Steam","Rip and Tear+1"],"picked":"Scrape+1","floor":21},{"not_picked":["Biased Cognition","Hyperbeam+1"],"picked":"Echo Form","floor":33},{"not_picked":["Stack","Barrage+1"],"picked":"Streamline+1","floor":35},{"not_picked":["Rebound+1","Ball Lightning+1"],"picked":"Heatsinks+1","floor":36}],"player_experience":2583411,"relics_obtained":[{"floor":9.0,"key":"Torii"},{"floor":21,"key":"Red Mask"},{"floor":26,"key":"Vajra"},{"floor":36,"key":"Du-Vu Doll"}],"event_choices":[{"damage_healed":0.0,"max_hp_gain":0.0,"max_hp_loss":0.0,"gold_gain":0.0,"event_name":"Scrap Ooze","player_choice":"Success","floor":2.0,"gold_loss":0.0,"damage_taken":3.0,"relics_obtained":["Molten Egg 2"]},{"cards_removed":["Strike_B"],"damage_healed":0.0,"max_hp_gain":0.0,"max_hp_loss":0.0,"gold_gain":0.0,"event_name":"The Cleric","player_choice":"Card Removal","floor":8.0,"gold_loss":50.0,"damage_taken":0.0},{"damage_healed":22.0,"max_hp_gain":0.0,"max_hp_loss":0.0,"gold_gain":0.0,"event_name":"The Library","player_choice":"Heal","floor":19.0,"gold_loss":0.0,"damage_taken":0.0},{"damage_healed":0,"gold_gain":0,"player_choice":"Fought Bandits","damage_taken":0,"max_hp_gain":0,"max_hp_loss":0,"event_name":"Masked Bandits","floor":21,"gold_loss":0},{"damage_healed":0,"gold_gain":0,"player_choice":"Ignored","damage_taken":0,"max_hp_gain":0,"max_hp_loss":0,"event_name":"Cursed Tome","floor":22,"gold_loss":0},{"damage_healed":0,"gold_gain":99,"player_choice":"Stole From Cult","damage_taken":0,"max_hp_gain":0,"max_hp_loss":0,"event_name":"Nest","floor":28,"gold_loss":0},{"damage_healed":0,"gold_gain":0,"player_choice":"Obtained Relic","damage_taken":0,"relics_obtained":["Old Coin"],"max_hp_gain":0,"max_hp_loss":0,"event_name":"Addict","floor":29,"gold_loss":85},{"damage_healed":0,"gold_gain":0,"player_choice":"Fight","damage_taken":0,"max_hp_gain":0,"max_hp_loss":0,"event_name":"MindBloom","floor":36,"gold_loss":0}],"is_beta":false,"boss_relics":[{"not_picked":["FrozenCore","Snecko Eye"],"picked":"Nuclear Battery"},{"not_picked":["Orrery","Velvet Choker","Fusion Hammer"]}],"items_purged_floors":[],"is_endless":false,"potions_floor_spawned":[5,10,11,16,20,21,36],"killed_by":"3 Darklings","ascension_level":13}