{"gold_per_floor":[114,114,129,129,142,142,173,63,143,170,184,184],"floor_reached":12,"playtime":345,"items_purged":["Strike_B"],"score":136,"play_id":"be9b6d04-60d1-4da7-835e-01c314466f68","local_time":"20190428220730","is_ascension_mode":true,"campfire_choices":[{"data":"Dualcast","floor":6,"key":"SMITH"}],"neow_cost":"NONE","seed_source_timestamp":633554365738826,"circlet_count":0,"master_deck":["AscendersBane","Strike_B","Strike_B","Defend_B","Defend_B","Defend_B","Defend_B","Zap+1","Dualcast+1","Ball Lightning","Compile Driver","Doom and Gloom","Undo","Leap","Go for the Eyes"],"relics":["Cracked Core","GremlinMask","Boot","Kunai","Orichalcum"],"potions_floor_usage":[7,7],"damage_taken":[{"damage":4,"enemies":"Jaw Worm","floor":1,"turns":5},{"damage":0,"enemies":"Cultist","floor":3,"turns":2},{"damage":0,"enemies":"Small Slimes","floor":5,"turns":3},{"damage":6,"enemies":"Gremlin Nob","floor":7,"turns":3},{"damage":17,"enemies":"Lagavulin","floor":10,"turns":5},{"damage":8,"enemies":"Red Slaver","floor":11,"turns":2},{"damage":37,"enemies":"Gremlin Gang","floor":12,"turns":3}],"seed_played":"-7626819264635730647","potions_obtained":[{"floor":3,"key":"GamblersBrew"},{"floor":5,"key":"Block Potion"},{"floor":11,"key":"SteroidPotion"}],"is_trial":false,"path_per_floor":["M","?","M","?","M","R","E","$","T","E","M","M"],"character_chosen":"DEFECT","items_purchased":["Undo"],"campfire_rested":0,"item_purchase_floors":[8],"current_hp_per_floor":[64,64,64,64,64,64,58,58,58,41,33,0],"gold":184,"neow_bonus":"UPGRADE_CARD","is_prod":false,"is_daily":false,"chose_seed":false,"campfire_upgraded":1,"win_rate":0,"timestamp":1556482050,"path_taken":["M","?","?","?","?","R","E","$","T","E","?","?"],"build_version":"2019-04-23","purchased_purges":1,"victory":false,"max_hp_per_floor":[75,75,75,75,75,75,75,75,75,75,75,75],"card_choices":[{"not_picked":["Conserve Battery","Go for the Eyes"],"picked":"Ball Lightning","floor":1},{"not_picked":["Hello World","Rebound","Rainbow"],"picked":"SKIP","floor":3},{"not_picked":["Undo","Chill"],"picked":"Compile Driver","floor":5},{"not_picked":["Ball Lightning","Consume"],"picked":"Doom and Gloom","floor":7},{"not_picked":["Fusion","Go for the Eyes"],"picked":"Leap","floor":10},{"not_picked":["Consume","Gash"],"picked":"Go for the Eyes","floor":11}],"player_experience":1302888,"relics_obtained":[{"floor":7,"key":"Boot"},{"floor":9,"key":"Kunai"},{"floor":10,"key":"Orichalcum"}],"event_choices":[{"cards_removed":["Strike_B"],"damage_healed":0,"gold_gain":0,"player_choice":"Offered Basic","damage_taken":0,"max_hp_gain":0,"max_hp_loss":0,"event_name":"Bonfire Elementals","floor":2,"gold_loss":0},{"damage_healed":0,"gold_gain":0,"player_choice":"Trade","damage_taken":0,"relics_obtained":["GremlinMask"],"max_hp_gain":0,"max_hp_loss":0,"event_name":"FaceTrader","floor":4,"gold_loss":0}],"is_beta":true,"boss_relics":[],"items_purged_floors":[8],"is_endless":false,"potions_floor_spawned":[3,5,11],"killed_by":"Gremlin Gang","ascension_level":11}