{"gold_per_floor":[119,137,114,128,141,141,37,68,68,68,68,121,121],"floor_reached":13,"playtime":412,"items_purged":[],"score":141,"play_id":"c3541016-2c2d-4d5c-8c46-da5481055807","local_time":"20190414233243","is_ascension_mode":true,"campfire_choices":[{"data":"Dualcast","floor":6,"key":"SMITH"},{"floor":11,"key":"REST"}],"neow_cost":"NONE","seed_source_timestamp":176777944608900,"circlet_count":0,"master_deck":["AscendersBane","Strike_B","Strike_B","Strike_B","Defend_B","Defend_B","Defend_B","Defend_B","Zap","Dualcast+1","Conserve Battery","Storm","Barrage","Force Field","Steam","Self Repair","Glacier","Darkness"],"relics":["Cracked Core","Omamori","Question Card","Pen Nib"],"potions_floor_usage":[5],"damage_taken":[{"damage":1,"enemies":"Cultist","floor":1,"turns":3},{"damage":7,"enemies":"Jaw Worm","floor":2,"turns":3},{"damage":4,"enemies":"2 Louse","floor":4,"turns":3},{"damage":4,"enemies":"2 Fungi Beasts","floor":5,"turns":5},{"damage":19,"enemies":"Lagavulin","floor":8,"turns":12},{"damage":59,"enemies":"Gremlin Nob","floor":13,"turns":5}],"seed_played":"-6987215679369270447","potions_obtained":[{"floor":4,"key":"AttackPotion"},{"floor":8,"key":"LiquidBronze"}],"is_trial":false,"path_per_floor":["M","M","$","M","M","R","$","E","T","?","R","T","E"],"character_chosen":"DEFECT","items_purchased":["Barrage","Self Repair","Glacier"],"campfire_rested":1,"item_purchase_floors":[3,7,7],"current_hp_per_floor":[70,63,63,59,55,55,55,43,43,36,59,59,0],"gold":121,"neow_bonus":"TEN_PERCENT_HP_BONUS","is_prod":false,"is_daily":false,"chose_seed":false,"campfire_upgraded":1,"win_rate":0,"timestamp":1555299163,"path_taken":["M","M","$","M","M","R","$","E","T","?","R","?","E"],"build_version":"2019-01-23","purchased_purges":0,"victory":false,"max_hp_per_floor":[78,78,78,78,78,78,78,78,78,78,78,78,78],"card_choices":[{"not_picked":["Aggregate","Coolheaded"],"picked":"Conserve Battery","floor":1},{"not_picked":["Stack","Leap"],"picked":"Storm","floor":2},{"not_picked":["Turbo","Compile Driver"],"picked":"Force Field","floor":4},{"not_picked":["Compile Driver","Turbo"],"picked":"Steam","floor":5},{"not_picked":["Steam","Beam Cell"],"picked":"Darkness","floor":8}],"player_experience":2755316,"relics_obtained":[{"floor":8,"key":"Omamori"},{"floor":9,"key":"Question Card"},{"floor":12,"key":"Pen Nib"}],"event_choices":[{"cards_removed":["Strike_B"],"damage_healed":0,"gold_gain":0,"player_choice":"Card Removal","damage_taken":7,"max_hp_gain":0,"max_hp_loss":0,"event_name":"Golden Wing","floor":10,"gold_loss":0}],"is_beta":false,"boss_relics":[],"items_purged_floors":[],"is_endless":false,"potions_floor_spawned":[4,8],"killed_by":"Gremlin Nob","ascension_level":14}