{"gold_per_floor":[113,130,142,156,156,156,200,200,224,242,242,260,294,317,317,413,413,428,428,448,116,135,135,150,150],"floor_reached":25,"playtime":3077,"items_purged":["Strike_B"],"score":358,"play_id":"28040d06-82ee-46aa-ad2b-fc8e9d8c4e86","local_time":"20190429190334","is_ascension_mode":true,"campfire_choices":[{"data":"Darkness","floor":6,"key":"SMITH"},{"floor":11,"key":"REST"},{"data":"Fusion","floor":15,"key":"SMITH"},{"data":"Conserve Battery","floor":23,"key":"SMITH"}],"neow_cost":"PERCENT_DAMAGE","seed_source_timestamp":706185239935681,"circlet_count":0,"master_deck":["AscendersBane","Strike_B","Defend_B+1","Defend_B","Defend_B+1","Defend_B","Zap","Dualcast","Skim","FTL","Compile Driver","Sweeping Beam","Conserve Battery+1","Darkness+1","Genetic Algorithm","Fusion+1","Steam","Loop","Core Surge","Tempest+1","Glacier"],"relics":["Cracked Core","Golden Idol","Bag of Preparation","War Paint","Omamori","Pen Nib","Velvet Choker","Kunai"],"potions_floor_usage":[16,25,25],"damage_taken":[{"damage":0,"enemies":"Cultist","floor":1,"turns":3},{"damage":0,"enemies":"2 Louse","floor":2,"turns":2},{"damage":2,"enemies":"Jaw Worm","floor":3,"turns":3},{"damage":6,"enemies":"Exordium Thugs","floor":4,"turns":4},{"damage":18,"enemies":"3 Sentries","floor":7,"turns":5},{"damage":0,"enemies":"Blue Slaver","floor":10,"turns":4},{"damage":4,"enemies":"Exordium Wildlife","floor":12,"turns":4},{"damage":5,"enemies":"Lagavulin","floor":13,"turns":6},{"damage":14,"enemies":"Lots of Slimes","floor":14,"turns":4},{"damage":3,"enemies":"Hexaghost","floor":16,"turns":8},{"damage":7,"enemies":"2 Thieves","floor":18,"turns":3},{"damage":10,"enemies":"Shell Parasite","floor":20,"turns":5},{"damage":3,"enemies":"Shelled Parasite and Fungi","floor":22,"turns":6},{"damage":12,"enemies":"Snecko","floor":24,"turns":4},{"damage":32,"enemies":"Slavers","floor":25,"turns":5}],"seed_played":"-5759360917405944674","potions_obtained":[{"floor":2,"key":"Dexterity Potion"},{"floor":4,"key":"SteroidPotion"},{"floor":10,"key":"Block Potion"},{"floor":24,"key":"Poison Potion"}],"is_trial":false,"path_per_floor":["M","M","M","M","?","R","E","?","T","M","R","M","E","M","R","B",null,"M","?","M","$","M","R","M","E"],"character_chosen":"DEFECT","items_purchased":["Kunai"],"campfire_rested":1,"item_purchase_floors":[21],"current_hp_per_floor":[50,50,48,42,42,42,24,17,17,17,37,33,28,14,14,11,55,48,48,38,38,35,35,23,0],"gold":150,"neow_bonus":"TRANSFORM_TWO_CARDS","is_prod":false,"is_daily":false,"chose_seed":false,"campfire_upgraded":3,"win_rate":0,"timestamp":1556557414,"path_taken":["M","M","M","M","?","R","E","?","T","M","R","?","E","M","R","BOSS","M","?","M","$","M","R","M","E"],"build_version":"2019-04-23","purchased_purges":1,"victory":false,"max_hp_per_floor":[75,75,75,75,69,69,69,69,69,69,69,69,69,69,69,69,69,69,69,69,69,69,69,69,69],"card_choices":[{"not_picked":["Aggregate","Cold Snap"],"picked":"Compile Driver","floor":1},{"not_picked":["Streamline","Storm"],"picked":"Sweeping Beam","floor":2},{"not_picked":["Streamline","Go for the Eyes"],"picked":"Conserve Battery","floor":3},{"not_picked":["Rebound","Stack"],"picked":"Darkness","floor":4},{"not_picked":["Streamline","Storm"],"picked":"Genetic Algorithm","floor":7},{"not_picked":["Leap","All For One","Beam Cell"],"picked":"SKIP","floor":10},{"not_picked":["Scrape","Streamline"],"picked":"Fusion","floor":12},{"not_picked":["Rebound","Sweeping Beam"],"picked":"Steam","floor":13},{"not_picked":["Streamline","Beam Cell"],"picked":"Loop","floor":14},{"not_picked":["Seek","All For One"],"picked":"Core Surge","floor":16},{"not_picked":["Conserve Battery","Streamline"],"picked":"Tempest+1","floor":18},{"not_picked":["Steam Power","Ball Lightning"],"picked":"Glacier","floor":20},{"not_picked":["Stack","Darkness","Force Field"],"picked":"SKIP","floor":22},{"not_picked":["Hologram","Steam","Rebound"],"picked":"SKIP","floor":24}],"player_experience":1327335,"relics_obtained":[{"floor":7,"key":"Bag of Preparation"},{"floor":9,"key":"Omamori"},{"floor":13,"key":"Pen Nib"}],"event_choices":[{"damage_healed":0,"gold_gain":0,"player_choice":"Lose Max HP","damage_taken":0,"relics_obtained":["Golden Idol"],"max_hp_gain":0,"max_hp_loss":6,"event_name":"Golden Idol","floor":5,"gold_loss":0},{"damage_healed":0,"gold_gain":0,"player_choice":"Success","damage_taken":7,"relics_obtained":["War Paint"],"max_hp_gain":0,"max_hp_loss":0,"event_name":"Scrap Ooze","floor":8,"gold_loss":0},{"damage_healed":0,"gold_gain":0,"player_choice":"Ignored","damage_taken":0,"max_hp_gain":0,"max_hp_loss":0,"event_name":"Vampires","floor":19,"gold_loss":0}],"is_beta":true,"boss_relics":[{"not_picked":["Orrery","Eternal Feather"],"picked":"Velvet Choker"}],"items_purged_floors":[21],"is_endless":false,"potions_floor_spawned":[2,4,10,12,24],"killed_by":"Slavers","ascension_level":13}