{"gold_per_floor":[117,117,117,134,84,113,113,147,147,166,166,177,206,225,225,326,326,344,363,134,134,152,184,184,214,214,214,214],"floor_reached":28,"playtime":5498,"items_purged":["Strike_B"],"score":391,"play_id":"ef2b5116-fc8a-496e-9657-3964f727a0eb","local_time":"20190425125734","is_ascension_mode":true,"campfire_choices":[{"data":"Beam Cell","floor":7,"key":"SMITH"},{"floor":11,"key":"REST"},{"floor":15,"key":"REST"},{"floor":24,"key":"REST"}],"neow_cost":"NONE","seed_source_timestamp":336183201254789,"circlet_count":0,"master_deck":["Strike_B+1","Strike_B","Defend_B","Defend_B+1","Defend_B+1","Defend_B","Zap+1","Dualcast","BootSequence","Streamline+1","Beam Cell+1","Redo","Coolheaded","Cold Snap","Go for the Eyes","Hologram","All For One","Sweeping Beam","BootSequence","Defragment","Compile Driver"],"relics":["Cracked Core","NeowsBlessing","Turnip","Ancient Tea Set","Du-Vu Doll","Whetstone","Eternal Feather","Bronze Scales","Dead Branch","Blood Vial","Peace Pipe","MutagenicStrength"],"potions_floor_usage":[23,23,23],"damage_taken":[{"damage":0,"enemies":"Small Slimes","floor":1,"turns":1},{"damage":0,"enemies":"2 Louse","floor":4,"turns":1},{"damage":0,"enemies":"Gremlin Nob","floor":6,"turns":1},{"damage":29,"enemies":"3 Sentries","floor":8,"turns":8},{"damage":0,"enemies":"Jaw Worm","floor":10,"turns":2},{"damage":0,"enemies":"3 Louse","floor":12,"turns":3},{"damage":21,"enemies":"Lagavulin","floor":13,"turns":6},{"damage":0,"enemies":"Red Slaver","floor":14,"turns":2},{"damage":13,"enemies":"Slime Boss","floor":16,"turns":7},{"damage":11,"enemies":"3 Byrds","floor":18,"turns":5},{"damage":2,"enemies":"Chosen","floor":19,"turns":3},{"damage":23,"enemies":"Snake Plant","floor":22,"turns":4},{"damage":23,"enemies":"Book of Stabbing","floor":23,"turns":5},{"damage":38,"enemies":"Gremlin Leader","floor":25,"turns":7},{"damage":6,"enemies":"Sentry and Sphere","floor":28,"turns":5}],"seed_played":"-8819124365105013889","potions_obtained":[{"floor":4,"key":"Fire Potion"},{"floor":10,"key":"Fire Potion"},{"floor":12,"key":"SteroidPotion"},{"floor":19,"key":"SkillPotion"},{"floor":23,"key":"SpeedPotion"}],"is_trial":false,"path_per_floor":["M","?","?","M","?","E","R","E","T","M","R","M","E","M","R","B",null,"M","M","$","?","M","E","R","E","T","?","M"],"character_chosen":"DEFECT","items_purchased":["Bronze Scales"],"campfire_rested":3,"item_purchase_floors":[20],"current_hp_per_floor":[68,68,53,53,53,53,53,24,24,24,46,46,25,25,47,34,65,54,52,52,52,29,6,40,2,2,2,0],"gold":214,"neow_bonus":"THREE_ENEMY_KILL","is_prod":false,"is_daily":false,"chose_seed":false,"campfire_upgraded":1,"win_rate":0,"timestamp":1556189854,"path_taken":["M","?","?","M","?","E","R","E","T","M","R","?","E","M","R","BOSS","M","M","$","?","?","E","R","E","T","?","M"],"build_version":"2019-04-23","purchased_purges":1,"victory":false,"max_hp_per_floor":[75,75,75,75,75,75,75,75,75,75,75,75,75,75,75,75,75,75,75,75,75,75,75,75,75,75,75,75],"card_choices":[{"not_picked":["Beam Cell","Rebound"],"picked":"BootSequence","floor":1},{"not_picked":["White Noise","Rip and Tear"],"picked":"Streamline","floor":4},{"not_picked":["Blizzard","Force Field"],"picked":"Beam Cell","floor":6},{"not_picked":["Double Energy","Fusion"],"picked":"Redo","floor":8},{"not_picked":["Redo","Gash"],"picked":"Coolheaded","floor":10},{"not_picked":["Creative AI","Conserve Battery"],"picked":"Cold Snap","floor":12},{"not_picked":["Streamline","Redo"],"picked":"Go for the Eyes","floor":13},{"not_picked":["Cold Snap","Rebound"],"picked":"Hologram","floor":14},{"not_picked":["Hyperbeam","Rainbow"],"picked":"All For One","floor":16},{"not_picked":["Streamline","Rebound+1","Go for the Eyes"],"picked":"SKIP","floor":18},{"not_picked":["Leap","Stack"],"picked":"Sweeping Beam","floor":19},{"not_picked":["Chill+1","Stack"],"picked":"Defragment","floor":22},{"not_picked":["Cold Snap","Meteor Strike","Blizzard"],"picked":"SKIP","floor":23},{"not_picked":["Seek","Stack+1"],"picked":"Compile Driver","floor":25}],"player_experience":1207962,"relics_obtained":[{"floor":6,"key":"Turnip"},{"floor":8,"key":"Ancient Tea Set"},{"floor":9,"key":"Du-Vu Doll"},{"floor":13,"key":"Whetstone"},{"floor":23,"key":"Dead Branch"},{"floor":25,"key":"Blood Vial"},{"floor":26,"key":"Peace Pipe"}],"event_choices":[{"damage_healed":0,"gold_gain":0,"player_choice":"Grow","damage_taken":0,"max_hp_gain":0,"max_hp_loss":0,"event_name":"Living Wall","floor":2,"gold_loss":0,"cards_upgraded":["Zap"]},{"damage_healed":0,"gold_gain":0,"player_choice":"Entered Light","damage_taken":15,"max_hp_gain":0,"max_hp_loss":0,"event_name":"Shining Light","floor":3,"gold_loss":0,"cards_upgraded":["Defend_B","Defend_B"]},{"cards_removed":["Strike_B"],"damage_healed":0,"gold_gain":0,"player_choice":"Card Removal","damage_taken":0,"max_hp_gain":0,"max_hp_loss":0,"event_name":"The Cleric","floor":5,"gold_loss":50},{"damage_healed":0,"gold_gain":0,"player_choice":"Copied","damage_taken":0,"max_hp_gain":0,"max_hp_loss":0,"event_name":"Duplicator","floor":21,"gold_loss":0,"cards_obtained":["BootSequence"]},{"damage_healed":0,"gold_gain":0,"player_choice":"Inject Mutagens","damage_taken":0,"relics_obtained":["MutagenicStrength"],"max_hp_gain":0,"max_hp_loss":0,"event_name":"Drug Dealer","floor":27,"gold_loss":0}],"is_beta":true,"boss_relics":[{"not_picked":["White Beast Statue","Pandora\u0027s Box"],"picked":"Eternal Feather"}],"items_purged_floors":[20],"is_endless":false,"potions_floor_spawned":[4,10,12,19,23],"killed_by":"Sentry and Sphere","ascension_level":6}