{"gold_per_floor":[114,30,48,59,75,75,110,110,110,70,70,70,98,126,126,126],"floor_reached":16,"playtime":755,"items_purged":[],"score":205,"play_id":"33132229-5336-4a41-82d9-235dd805ef9a","local_time":"20190508190622","is_ascension_mode":true,"campfire_choices":[{"data":"Footwork","floor":6,"key":"SMITH"},{"data":"Burst","floor":8,"key":"SMITH"},{"floor":12,"key":"REST"},{"floor":15,"key":"REST"}],"neow_cost":"NONE","seed_source_timestamp":1486277386199347,"circlet_count":0,"master_deck":["AscendersBane","Defend_G","Defend_G","Defend_G","Defend_G","Defend_G","Strike_G","Strike_G","Strike_G","Strike_G","Strike_G","Survivor+1","Neutralize","Venomology","Heel Hook","Footwork+1","Predator","Leg Sweep+1","Cloak And Dagger","Burst+1","Blade Dance","Die Die Die","PiercingWail"],"relics":["Ring of the Snake","War Paint","Orichalcum","Shuriken","Odd Mushroom"],"potions_floor_usage":[4,5,7,7,13,13,14,16],"damage_taken":[{"damage":11,"enemies":"Cultist","floor":1,"turns":6},{"damage":1,"enemies":"Jaw Worm","floor":3,"turns":7},{"damage":0,"enemies":"2 Louse","floor":4,"turns":2},{"damage":2,"enemies":"Blue Slaver","floor":5,"turns":4},{"damage":30,"enemies":"Gremlin Nob","floor":7,"turns":4},{"damage":0,"enemies":"Looter","floor":10,"turns":4},{"damage":18,"enemies":"3 Sentries","floor":13,"turns":9},{"damage":0,"enemies":"The Mushroom Lair","floor":14,"turns":5},{"damage":55,"enemies":"Slime Boss","floor":16,"turns":8}],"seed_played":"1421516586568101247","potions_obtained":[{"floor":4,"key":"Poison Potion"},{"floor":13,"key":"Fire Potion"},{"floor":14,"key":"SneckoOil"}],"is_trial":false,"path_per_floor":["M","$","M","M","M","R","E","R","T","M","?","R","E","?","R","B"],"character_chosen":"THE_SILENT","items_purchased":["Footwork"],"campfire_rested":2,"item_purchase_floors":[2],"current_hp_per_floor":[48,48,47,47,45,45,15,15,15,15,15,34,16,16,35,0],"gold":126,"neow_bonus":"ONE_RANDOM_RARE_CARD","is_prod":false,"is_daily":false,"chose_seed":false,"campfire_upgraded":2,"win_rate":0,"timestamp":1557335182,"path_taken":["M","?","?","M","M","R","E","R","T","M","?","R","E","?","R","BOSS"],"build_version":"2019-05-07","purchased_purges":0,"victory":false,"max_hp_per_floor":[66,66,66,66,66,66,66,66,66,66,66,66,66,66,66,66],"card_choices":[{"not_picked":["Backflip","Flying Knee"],"picked":"Heel Hook","floor":1},{"not_picked":["Backflip","Dagger Throw"],"picked":"Predator","floor":3},{"not_picked":["Flying Knee","Blur"],"picked":"Leg Sweep","floor":4},{"not_picked":["Outmaneuver","Storm of Steel"],"picked":"Cloak And Dagger","floor":5},{"not_picked":["Distraction","Envenom"],"picked":"Burst","floor":7},{"not_picked":["Dagger Spray","Finisher"],"picked":"Blade Dance","floor":10},{"not_picked":["Backflip","Dagger Throw"],"picked":"Die Die Die","floor":13},{"not_picked":["Dagger Throw","Poisoned Stab"],"picked":"PiercingWail","floor":14}],"player_experience":1601925,"relics_obtained":[{"floor":7,"key":"War Paint"},{"floor":9,"key":"Orichalcum"},{"floor":13,"key":"Shuriken"},{"floor":14,"key":"Odd Mushroom"}],"event_choices":[{"damage_healed":0,"gold_gain":0,"player_choice":"Ignored","damage_taken":0,"max_hp_gain":0,"max_hp_loss":0,"event_name":"Shining Light","floor":11,"gold_loss":0},{"damage_healed":0,"gold_gain":0,"player_choice":"Fought Mushrooms","damage_taken":0,"max_hp_gain":0,"max_hp_loss":0,"event_name":"Mushrooms","floor":14,"gold_loss":0}],"is_beta":true,"boss_relics":[],"items_purged_floors":[],"is_endless":false,"potions_floor_spawned":[4,13,14],"killed_by":"Slime Boss","ascension_level":18}