{"gold_per_floor":[109,109,2,16,16,16,55,55,80,121,145,170,193,213,213,333,333,348,348,74,199,214,214],"floor_reached":23,"playtime":1890,"items_purged":["Strike_B"],"score":316,"play_id":"5f913597-6804-4ce5-9ae8-14c1d54f85e7","local_time":"20190425175128","is_ascension_mode":true,"campfire_choices":[{"data":"Zap","floor":6,"key":"SMITH"},{"data":"Doom and Gloom","floor":8,"key":"SMITH"},{"floor":15,"key":"REST"}],"neow_cost":"NONE","seed_source_timestamp":357447102436704,"circlet_count":0,"master_deck":["Strike_B","Strike_B","Defend_B","Defend_B","Defend_B+1","Defend_B","Zap+1","Dualcast","Sweeping Beam","Doom and Gloom+1","FTL","White Noise+1","Steam","Echo Form","Barrage","Go for the Eyes","Self Repair","Biased Cognition","Ball Lightning","Compile Driver"],"relics":["Cracked Core","NeowsBlessing","Golden Idol","Bottled Flame","War Paint","Juzu Bracelet","Velvet Choker","PreservedInsect","Bird Faced Urn","The Courier"],"potions_floor_usage":[10,16,21],"damage_taken":[{"damage":0,"enemies":"2 Louse","floor":1,"turns":1},{"damage":0,"enemies":"Cultist","floor":4,"turns":1},{"damage":0,"enemies":"Lagavulin","floor":7,"turns":1},{"damage":30,"enemies":"Gremlin Nob","floor":10,"turns":4},{"damage":4,"enemies":"Small Slimes","floor":11,"turns":2},{"damage":0,"enemies":"3 Louse","floor":12,"turns":1},{"damage":8,"enemies":"Blue Slaver","floor":13,"turns":3},{"damage":0,"enemies":"Gremlin Gang","floor":14,"turns":2},{"damage":34,"enemies":"Slime Boss","floor":16,"turns":6},{"damage":0,"enemies":"3 Byrds","floor":18,"turns":2},{"damage":27,"enemies":"Colosseum Slavers","floor":21,"turns":3},{"damage":16,"enemies":"Colosseum Nobs","floor":21,"turns":4},{"damage":23,"enemies":"Shell Parasite","floor":22,"turns":4},{"damage":26,"enemies":"Book of Stabbing","floor":23,"turns":2}],"seed_played":"-3855085467837394842","potions_obtained":[{"floor":1,"key":"PowerPotion"},{"floor":10,"key":"Ancient Potion"},{"floor":11,"key":"Explosive Potion"},{"floor":13,"key":"EssenceOfSteel"},{"floor":18,"key":"Block Potion"}],"is_trial":false,"path_per_floor":["M","?","$","M","?","R","E","R","T","E","M","M","M","M","R","B",null,"M","?","$","?","M","E"],"character_chosen":"DEFECT","items_purchased":["Doom and Gloom","FTL","PreservedInsect","Ball Lightning"],"campfire_rested":1,"item_purchase_floors":[3,3,20,20],"current_hp_per_floor":[68,68,68,68,50,50,50,50,50,20,16,16,8,15,37,3,57,64,64,64,21,4,0],"gold":214,"neow_bonus":"THREE_ENEMY_KILL","is_prod":false,"is_daily":false,"chose_seed":false,"campfire_upgraded":2,"win_rate":0,"timestamp":1556207488,"path_taken":["M","?","$","?","?","R","E","R","T","E","M","M","M","M","R","BOSS","M","?","$","?","M","E"],"build_version":"2019-04-23","purchased_purges":1,"victory":false,"max_hp_per_floor":[75,75,75,75,75,75,75,75,75,75,75,75,75,75,75,75,75,75,75,75,75,75,75],"card_choices":[{"not_picked":["Tempest","Steam"],"picked":"Sweeping Beam","floor":1},{"not_picked":["Chaos","Sweeping Beam"],"picked":"White Noise","floor":4},{"not_picked":["Blizzard","Gash"],"picked":"Steam","floor":7},{"not_picked":["Compile Driver","Barrage"],"picked":"Echo Form","floor":10},{"not_picked":["Leap","Gash"],"picked":"Barrage","floor":11},{"not_picked":["Force Field","Creative AI"],"picked":"Go for the Eyes","floor":12},{"not_picked":["Steam","Sweeping Beam"],"picked":"Self Repair","floor":13},{"not_picked":["Heatsinks","Tempest","Consume"],"picked":"SKIP","floor":14},{"not_picked":["Thunder Strike","Amplify"],"picked":"Biased Cognition","floor":16},{"not_picked":["Reprogram+1","Beam Cell","Leap"],"picked":"SKIP","floor":18},{"not_picked":["Sweeping Beam","Recycle+1"],"picked":"Compile Driver","floor":21},{"not_picked":["Gash","Reprogram","Ball Lightning"],"picked":"SKIP","floor":22}],"player_experience":1228234,"relics_obtained":[{"floor":7,"key":"Bottled Flame"},{"floor":9,"key":"War Paint"},{"floor":10,"key":"Juzu Bracelet"},{"floor":21,"key":"Bird Faced Urn"},{"floor":21,"key":"The Courier"}],"event_choices":[{"cards_removed":["Strike_B"],"damage_healed":0,"gold_gain":0,"player_choice":"Card Removal","damage_taken":0,"max_hp_gain":0,"max_hp_loss":0,"event_name":"Wheel of Change","floor":2,"gold_loss":0},{"damage_healed":0,"gold_gain":0,"player_choice":"Take Damage","damage_taken":18,"relics_obtained":["Golden Idol"],"max_hp_gain":0,"max_hp_loss":0,"event_name":"Golden Idol","floor":5,"gold_loss":0},{"damage_healed":0,"gold_gain":0,"player_choice":"Ignored","damage_taken":0,"max_hp_gain":0,"max_hp_loss":0,"event_name":"Ghosts","floor":19,"gold_loss":0},{"damage_healed":0,"gold_gain":0,"player_choice":"Fight","damage_taken":0,"max_hp_gain":0,"max_hp_loss":0,"event_name":"Colosseum","floor":21,"gold_loss":0},{"damage_healed":0,"gold_gain":0,"player_choice":"Fought Nobs","damage_taken":0,"max_hp_gain":0,"max_hp_loss":0,"event_name":"Colosseum","floor":21,"gold_loss":0}],"is_beta":true,"boss_relics":[{"not_picked":["Eternal Feather","Ectoplasm"],"picked":"Velvet Choker"}],"items_purged_floors":[20],"is_endless":false,"potions_floor_spawned":[1,10,11,13,14,18,21],"killed_by":"Book of Stabbing","ascension_level":8}