{"gold_per_floor":[212,228,45,60,60,93,106,106,130,164,16,28,28,42,42,119,119,137,150,150,165,165,182,32,32,80,80,96,18,18,31,31,106,106,124,124,140,151,197,197,197],"floor_reached":41,"playtime":1727,"items_purged":["Strike_B","Pain"],"score":709,"play_id":"f6f3fea7-bd87-43e8-843a-f89c0d3a24bb","local_time":"20190430174520","is_ascension_mode":true,"campfire_choices":[{"floor":8,"key":"REST"},{"data":"Self Repair","floor":13,"key":"SMITH"},{"data":"Multi-Cast","floor":15,"key":"SMITH"},{"data":"Capacitor","floor":25,"key":"SMITH"},{"data":"Defragment","floor":27,"key":"SMITH"},{"data":"Go for the Eyes","floor":30,"key":"SMITH"},{"floor":32,"key":"REST"},{"floor":40,"key":"REST"}],"neow_cost":"NONE","seed_source_timestamp":789241776204093,"circlet_count":0,"master_deck":["AscendersBane","Strike_B","Strike_B+1","Strike_B+1","Defend_B","Defend_B","Defend_B","Defend_B","Zap","Dualcast","Sunder","Sweeping Beam+1","Defragment+1","Doom and Gloom+1","Glacier","Ball Lightning","Self Repair+1","Glacier","Multi-Cast+1","Conserve Battery","Ball Lightning","RitualDagger","Capacitor+1","Conserve Battery","Sweeping Beam","Go for the Eyes+1","Loop","Electrodynamics","Biased Cognition","Consume","Parasite","Compile Driver","Steam"],"relics":["Cracked Core","Anchor","Whetstone","Boot","Blood Vial","Velvet Choker","WarpedTongs","Strawberry","Sozu","Torii"],"potions_floor_usage":[6,16,16,23,33,38],"damage_taken":[{"damage":3,"enemies":"Small Slimes","floor":1,"turns":4},{"damage":0,"enemies":"2 Louse","floor":2,"turns":1},{"damage":6,"enemies":"Cultist","floor":4,"turns":3},{"damage":20,"enemies":"Lagavulin","floor":6,"turns":5},{"damage":0,"enemies":"Red Slaver","floor":7,"turns":3},{"damage":26,"enemies":"Gremlin Nob","floor":10,"turns":4},{"damage":2,"enemies":"Exordium Wildlife","floor":12,"turns":3},{"damage":0,"enemies":"Lots of Slimes","floor":14,"turns":1},{"damage":20,"enemies":"Hexaghost","floor":16,"turns":8},{"damage":5,"enemies":"Shell Parasite","floor":18,"turns":9},{"damage":2,"enemies":"Spheric Guardian","floor":19,"turns":5},{"damage":27,"enemies":"Snecko","floor":21,"turns":9},{"damage":21,"enemies":"Snake Plant","floor":23,"turns":4},{"damage":16,"enemies":"Shelled Parasite and Fungi","floor":28,"turns":8},{"damage":23,"enemies":"3 Cultists","floor":31,"turns":5},{"damage":21,"enemies":"Collector","floor":33,"turns":11},{"damage":0,"enemies":"Orb Walker","floor":35,"turns":4},{"damage":11,"enemies":"3 Shapes","floor":37,"turns":6},{"damage":11,"enemies":"Writhing Mass","floor":38,"turns":5},{"damage":65,"enemies":"2 Orb Walkers","floor":39,"turns":5},{"damage":39,"enemies":"Nemesis","floor":41,"turns":3}],"seed_played":"-951439306287384404","potions_obtained":[{"floor":1,"key":"Weak Potion"},{"floor":6,"key":"PowerPotion"},{"floor":10,"key":"Energy Potion"},{"floor":16,"key":"Swift Potion"},{"floor":19,"key":"SkillPotion"},{"floor":31,"key":"Dexterity Potion"}],"is_trial":false,"path_per_floor":["M","M","$","M","?","E","M","R","T","E","$","M","R","M","R","B",null,"M","M","?","M","?","M","$","R","T","R","M","$","R","M","R","B",null,"M","?","M","M","?","R","E"],"character_chosen":"DEFECT","items_purchased":["Defragment","Doom and Gloom","Blood Vial","Sweeping Beam","Loop"],"campfire_rested":3,"item_purchase_floors":[3,3,11,24,29],"current_hp_per_floor":[61,61,61,55,34,14,14,35,35,16,16,23,23,25,25,17,58,65,71,65,50,50,41,41,41,48,48,44,44,44,33,56,47,70,72,72,73,73,9,31,0],"gold":197,"neow_bonus":"HUNDRED_GOLD","is_prod":false,"is_daily":false,"chose_seed":false,"campfire_upgraded":5,"win_rate":0,"timestamp":1556639120,"path_taken":["M","M","$","M","?","E","M","R","T","E","$","M","R","M","R","BOSS","M","M","?","M","?","?","?","R","T","R","M","$","R","M","R","BOSS","M","?","M","M","?","R","E"],"build_version":"2019-04-23","purchased_purges":2,"victory":false,"max_hp_per_floor":[71,71,71,71,71,71,71,71,71,71,71,71,71,71,71,71,71,71,71,71,71,71,71,71,71,78,78,78,78,78,78,78,78,78,78,74,74,74,74,74,74],"card_choices":[{"not_picked":["Capacitor","Streamline"],"picked":"Sunder","floor":1},{"not_picked":["Go for the Eyes","Reprogram"],"picked":"Sweeping Beam","floor":2},{"not_picked":["Reprogram","Cold Snap"],"picked":"Glacier","floor":4},{"not_picked":["Barrage","Aggregate"],"picked":"Ball Lightning","floor":6},{"not_picked":["Undo","Glacier"],"picked":"Self Repair","floor":7},{"not_picked":["Static Discharge","Rebound","Barrage"],"picked":"SKIP","floor":10},{"not_picked":["Leap","Scrape"],"picked":"Glacier","floor":12},{"not_picked":["Blizzard","Streamline"],"picked":"Multi-Cast","floor":14},{"not_picked":["Static Discharge","Coolheaded+1"],"picked":"Conserve Battery","floor":18},{"not_picked":["Rebound","Recycle"],"picked":"Ball Lightning","floor":19},{"not_picked":["Ball Lightning","Sunder"],"picked":"Capacitor","floor":21},{"not_picked":["Cold Snap","Tempest"],"picked":"Conserve Battery","floor":23},{"not_picked":["Rebound+1","Sweeping Beam"],"picked":"Go for the Eyes","floor":28},{"not_picked":["Coolheaded","Blizzard+1"],"picked":"Electrodynamics","floor":31},{"not_picked":["Rainbow","Hyperbeam"],"picked":"Biased Cognition","floor":33},{"not_picked":["Storm","Hologram","Rebound"],"picked":"SKIP","floor":35},{"not_picked":["Compile Driver+1","Doom and Gloom"],"picked":"Consume","floor":37},{"not_picked":["Genetic Algorithm","Skim+1"],"picked":"Compile Driver","floor":38},{"not_picked":["Consume","Hologram"],"picked":"Steam","floor":39}],"player_experience":1363093,"relics_obtained":[{"floor":6,"key":"Anchor"},{"floor":9,"key":"Whetstone"},{"floor":10,"key":"Boot"},{"floor":26,"key":"Strawberry"},{"floor":39,"key":"Torii"}],"event_choices":[{"damage_healed":0,"gold_gain":0,"player_choice":"Entered Light","damage_taken":21,"max_hp_gain":0,"max_hp_loss":0,"event_name":"Shining Light","floor":5,"gold_loss":0,"cards_upgraded":["Strike_B","Strike_B"]},{"damage_healed":0,"gold_gain":0,"player_choice":"Joined the Cult","damage_taken":6,"max_hp_gain":0,"max_hp_loss":0,"event_name":"Nest","floor":20,"gold_loss":0,"cards_obtained":["RitualDagger"]},{"damage_healed":0,"gold_gain":0,"player_choice":"Rummage","damage_taken":0,"relics_obtained":["WarpedTongs"],"max_hp_gain":0,"max_hp_loss":0,"event_name":"Accursed Blacksmith","floor":22,"gold_loss":0,"cards_obtained":["Pain"]},{"damage_healed":0,"gold_gain":0,"player_choice":"Max HP","damage_taken":0,"max_hp_gain":0,"max_hp_loss":4,"event_name":"Winding Halls","floor":36,"gold_loss":0},{"damage_healed":0,"gold_gain":0,"player_choice":"Fight","damage_taken":0,"max_hp_gain":0,"max_hp_loss":0,"event_name":"Mysterious Sphere","floor":39,"gold_loss":0}],"is_beta":true,"boss_relics":[{"not_picked":["Runic Dome","Empty Cage"],"picked":"Velvet Choker"},{"not_picked":["FrozenCore","Calling Bell"],"picked":"Sozu"}],"items_purged_floors":[3,24],"is_endless":false,"potions_floor_spawned":[1,6,10,12,16,19,21,31,35,39],"killed_by":"Nemesis","ascension_level":15}