{"gold_per_floor":[118,118,118,118,134,164,164,179,179,179,207,207,220,230,230,230],"floor_reached":16,"playtime":652,"items_purged":[],"score":135,"play_id":"02582d0d-70c7-4544-92b3-4b67c7a4deca","local_time":"20180805011907","is_ascension_mode":false,"campfire_choices":[{"data":"Reinforced Body","floor":7,"key":"SMITH"},{"data":"Steam","floor":10,"key":"SMITH"},{"floor":15,"key":"REST"}],"neow_cost":"NONE","seed_source_timestamp":39464408779034,"circlet_count":0,"master_deck":["Strike_B","Strike_B","Strike_B","Defend_B","Defend_B","Defend_B","Defend_B","Zap","Dualcast","Electrodynamics+1","Reinforced Body+1","Steam+1","Skim","Leap"],"relics":["Cracked Core","Molten Egg 2","Regal Pillow","Bag of Marbles","The Courier","Letter Opener"],"potions_floor_usage":[16,16,16],"damage_taken":[{"damage":3,"enemies":"Small Slimes","floor":1,"turns":2},{"damage":1,"enemies":"Cultist","floor":5,"turns":3},{"damage":0,"enemies":"3 Sentries","floor":6,"turns":2},{"damage":0,"enemies":"2 Louse","floor":8,"turns":1},{"damage":34,"enemies":"Gremlin Nob","floor":11,"turns":4},{"damage":0,"enemies":"Blue Slaver","floor":13,"turns":2},{"damage":0,"enemies":"3 Louse","floor":14,"turns":3},{"damage":66,"enemies":"Hexaghost","floor":16,"turns":16}],"seed_played":"-2152256361981516697","potions_obtained":[{"floor":11,"key":"Dexterity Potion"},{"floor":13,"key":"Dexterity Potion"},{"floor":14,"key":"Ancient Potion"}],"is_trial":false,"path_per_floor":["M","?","?","?","M","E","R","M","T","R","E","T","M","M","R"],"character_chosen":"DEFECT","items_purchased":[],"campfire_rested":1,"item_purchase_floors":[],"current_hp_per_floor":[72,72,69,62,61,61,61,61,61,61,27,27,27,27,64,0],"gold":230,"neow_bonus":"ONE_RANDOM_RARE_CARD","is_prod":false,"is_daily":false,"chose_seed":false,"campfire_upgraded":2,"win_rate":0,"timestamp":1533446347,"path_taken":["M","?","?","?","M","E","R","M","T","R","E","?","M","?","R","BOSS"],"build_version":"2018-08-02","purchased_purges":0,"victory":false,"max_hp_per_floor":[75,75,75,75,75,75,75,75,75,75,75,75,75,75,75,75],"card_choices":[{"not_picked":["Go for the Eyes","Sweeping Beam"],"picked":"Reinforced Body","floor":1},{"not_picked":["BootSequence","Compile Driver+1"],"picked":"Steam","floor":5},{"not_picked":["Streamline+1","Barrage+1"],"picked":"Skim","floor":6},{"not_picked":["Barrage+1","Stack","Glacier"],"picked":"SKIP","floor":8},{"not_picked":["Core Surge+1","Cold Snap+1","Beam Cell+1"],"picked":"SKIP","floor":11},{"not_picked":["Redo","Beam Cell+1","Turbo"],"picked":"SKIP","floor":13},{"not_picked":["Steam Power","Barrage+1"],"picked":"Leap","floor":14}],"player_experience":562399,"relics_obtained":[{"floor":6,"key":"Regal Pillow"},{"floor":9,"key":"Bag of Marbles"},{"floor":11,"key":"The Courier"},{"floor":12,"key":"Letter Opener"}],"event_choices":[{"event_name":"Upgrade Shrine","player_choice":"Upgraded","floor":2,"damage_taken":0},{"event_name":"Scrap Ooze","player_choice":"success","floor":3,"damage_taken":3},{"event_name":"Golden Wing","player_choice":"Card Removal","floor":4,"damage_taken":0}],"is_beta":false,"boss_relics":[],"items_purged_floors":[],"is_endless":false,"potions_floor_spawned":[11,13,14],"killed_by":"Hexaghost","ascension_level":0}