{"gold_per_floor":[214,214,64,81,95,95,130,130,198,232,248,7,34,44,44,120,120,60,60,60,60,60,60,60,60,60,60,60,60,60,60,60,60],"floor_reached":33,"playtime":46058,"items_purged":["Strike_R"],"score":668,"play_id":"454520cc-d4b6-4f79-b396-e677a73d3b34","local_time":"20190516105052","is_ascension_mode":true,"campfire_choices":[{"data":"Armaments","floor":6,"key":"SMITH"},{"data":"Inflame","floor":8,"key":"SMITH"},{"data":"Bash","floor":15,"key":"SMITH"},{"floor":23,"key":"REST"},{"data":"Heavy Blade","floor":25,"key":"SMITH"},{"floor":32,"key":"REST"}],"neow_cost":"NONE","seed_source_timestamp":2105326641365019,"circlet_count":0,"master_deck":["AscendersBane","Strike_R","Strike_R","Strike_R","Strike_R","Defend_R","Defend_R","Defend_R","Defend_R","Bash+1","Shrug It Off","Armaments+1","True Grit","Combust","Clothesline","Inflame+1","Anger","Heavy Blade+1","Battle Trance","Pummel","Metallicize","Heavy Blade","Limit Break+1","Flex+1","Disarm+1","Cleave","Shrug It Off+1","Headbutt","J.A.X.+1","Seeing Red+1","Flex+1","Immolate"],"relics":["Burning Blood","NlothsMask","Red Skull","Happy Flower","Toxic Egg 2","Ectoplasm","PreservedInsect","Pen Nib","Blood Vial"],"potions_floor_usage":[13,16,16,21,24,29,31,33],"damage_taken":[{"damage":3,"enemies":"2 Louse","floor":1,"turns":3},{"damage":7,"enemies":"Cultist","floor":4,"turns":5},{"damage":0,"enemies":"Jaw Worm","floor":5,"turns":6},{"damage":35,"enemies":"3 Sentries","floor":7,"turns":7},{"damage":27,"enemies":"Lagavulin","floor":10,"turns":8},{"damage":2,"enemies":"2 Fungi Beasts","floor":11,"turns":3},{"damage":15,"enemies":"Gremlin Nob","floor":13,"turns":4},{"damage":0,"enemies":"Large Slime","floor":14,"turns":4},{"damage":21,"enemies":"Hexaghost","floor":16,"turns":6},{"damage":19,"enemies":"2 Thieves","floor":18,"turns":4},{"damage":4,"enemies":"Shell Parasite","floor":20,"turns":4},{"damage":22,"enemies":"3 Cultists","floor":21,"turns":4},{"damage":10,"enemies":"Centurion and Healer","floor":22,"turns":4},{"damage":13,"enemies":"Snake Plant","floor":24,"turns":4},{"damage":26,"enemies":"Gremlin Leader","floor":28,"turns":4},{"damage":4,"enemies":"Chosen and Byrds","floor":29,"turns":2},{"damage":7,"enemies":"Book of Stabbing","floor":30,"turns":5},{"damage":18,"enemies":"Snecko","floor":31,"turns":5},{"damage":66,"enemies":"Collector","floor":33,"turns":7}],"seed_played":"4722647458890294925","potions_obtained":[{"floor":4,"key":"EssenceOfSteel"},{"floor":10,"key":"EssenceOfSteel"},{"floor":13,"key":"AttackPotion"},{"floor":18,"key":"Strength Potion"},{"floor":22,"key":"Ancient Potion"},{"floor":28,"key":"FearPotion"},{"floor":30,"key":"SpeedPotion"},{"floor":31,"key":"Regen Potion"}],"is_trial":false,"path_per_floor":["M","?","$","M","M","R","E","R","T","E","M","$","E","M","R","B",null,"M","?","M","M","M","R","M","R","T","?","E","M","E","M","R","B"],"character_chosen":"IRONCLAD","items_purchased":["Armaments","True Grit","Battle Trance","Pummel","Metallicize"],"campfire_rested":2,"item_purchase_floors":[3,3,12,12,12],"current_hp_per_floor":[71,71,71,70,75,75,46,46,46,25,29,29,20,26,26,11,59,46,46,48,32,28,50,43,43,43,43,23,25,24,14,36,0],"gold":60,"neow_bonus":"HUNDRED_GOLD","is_prod":false,"is_daily":false,"chose_seed":false,"campfire_upgraded":4,"win_rate":0,"timestamp":1557996652,"path_taken":["M","?","$","?","M","R","E","R","T","E","?","?","E","?","R","BOSS","M","?","?","M","M","R","M","R","T","?","E","M","E","M","R","BOSS"],"build_version":"2019-05-07","purchased_purges":1,"victory":false,"max_hp_per_floor":[75,75,75,75,75,75,75,75,75,75,75,75,75,75,75,75,75,75,75,75,75,75,75,75,75,75,75,75,75,75,75,75,75],"card_choices":[{"not_picked":["Sword Boomerang","Thunderclap"],"picked":"Shrug It Off","floor":1},{"not_picked":["Wild Strike","Fire Breathing"],"picked":"Combust","floor":4},{"not_picked":["True Grit","Pummel"],"picked":"Clothesline","floor":5},{"not_picked":["Power Through","Pommel Strike"],"picked":"Inflame","floor":7},{"not_picked":["Rage","Flex"],"picked":"Anger","floor":10},{"not_picked":["Perfected Strike","Second Wind"],"picked":"Heavy Blade","floor":11},{"not_picked":["Berserk","Cleave"],"picked":"Heavy Blade","floor":13},{"not_picked":["Havoc+1","Anger","Hemokinesis"],"picked":"SKIP","floor":14},{"not_picked":["Demon Form","Berserk"],"picked":"Limit Break+1","floor":16},{"not_picked":["Armaments+1","Heavy Blade"],"picked":"Flex+1","floor":18},{"not_picked":["Armaments+1","Sever Soul"],"picked":"Disarm+1","floor":20},{"not_picked":["Havoc+1","Rage+1"],"picked":"Cleave","floor":21},{"not_picked":["Clash","Infernal Blade+1"],"picked":"Shrug It Off+1","floor":22},{"not_picked":["Shrug It Off+1","Warcry+1"],"picked":"Headbutt","floor":24},{"not_picked":["Clash","Sword Boomerang","Fire Breathing"],"picked":"SKIP","floor":28},{"not_picked":["Sword Boomerang","Flex+1"],"picked":"Seeing Red+1","floor":29},{"not_picked":["Anger+1","Body Slam"],"picked":"Flex+1","floor":30},{"not_picked":["Clothesline","Warcry+1"],"picked":"Immolate","floor":31}],"player_experience":1921509,"relics_obtained":[{"floor":7,"key":"Red Skull"},{"floor":10,"key":"Happy Flower"},{"floor":13,"key":"Toxic Egg 2"},{"floor":26,"key":"PreservedInsect"},{"floor":28,"key":"Pen Nib"},{"floor":30,"key":"Blood Vial"}],"event_choices":[{"damage_healed":0,"gold_gain":0,"player_choice":"Trade","damage_taken":0,"relics_obtained":["NlothsMask"],"max_hp_gain":0,"max_hp_loss":0,"event_name":"FaceTrader","floor":2,"gold_loss":0},{"damage_healed":0,"gold_gain":50,"player_choice":"Pray","damage_taken":0,"max_hp_gain":0,"max_hp_loss":0,"event_name":"Golden Shrine","floor":19,"gold_loss":0},{"damage_healed":0,"gold_gain":0,"player_choice":"Obtain J.A.X.","damage_taken":0,"max_hp_gain":0,"max_hp_loss":0,"event_name":"Drug Dealer","floor":27,"gold_loss":0,"cards_obtained":["J.A.X."]}],"is_beta":true,"boss_relics":[{"not_picked":["Lizard Tail","Pandora\u0027s Box"],"picked":"Ectoplasm"}],"items_purged_floors":[3],"is_endless":false,"potions_floor_spawned":[4,10,13,14,18,22,28,30,31],"killed_by":"Collector","ascension_level":20}