{"gold_per_floor":[115,115,115,127,138,138,154,174,197,197,197,232,232,251,251,325,325,344,344,344,364,364],"floor_reached":22,"playtime":1025,"items_purged":[],"score":307,"play_id":"f28bbf57-501c-4c49-a918-0b5fd28f7551","local_time":"20190407192039","is_ascension_mode":true,"campfire_choices":[{"data":"Dualcast","floor":6.0,"key":"SMITH"},{"floor":15,"key":"REST"}],"neow_cost":"TEN_PERCENT_HP_LOSS","seed_source_timestamp":0,"circlet_count":0,"master_deck":["AscendersBane","Strike_B","Strike_B","Defend_B","Defend_B","Defend_B","Defend_B","Zap","Dualcast+1","Go for the Eyes+1","Glacier","Blizzard+1","White Noise","Static Discharge","Melter","Lockon","Buffer","Coolheaded","Stack"],"special_seed":0,"relics":["Cracked Core","Lantern","WarpedTongs","Whetstone","Blood Vial","Eternal Feather","Gremlin Horn"],"potions_floor_usage":[21,21],"damage_taken":[{"damage":3.0,"enemies":"2 Louse","floor":1.0,"turns":3.0},{"damage":5.0,"enemies":"Small Slimes","floor":4.0,"turns":4.0},{"damage":6.0,"enemies":"Cultist","floor":5.0,"turns":3.0},{"damage":12.0,"enemies":"Exordium Wildlife","floor":7.0,"turns":5.0},{"damage":4.0,"enemies":"Large Slime","floor":8.0,"turns":4.0},{"damage":7.0,"enemies":"3 Sentries","floor":12.0,"turns":8.0},{"damage":6,"enemies":"3 Louse","floor":14,"turns":3},{"damage":28,"enemies":"Hexaghost","floor":16,"turns":9},{"damage":43,"enemies":"2 Thieves","floor":18,"turns":5},{"damage":5,"enemies":"3 Byrds","floor":21,"turns":5},{"damage":18,"enemies":"Centurion and Healer","floor":22,"turns":5}],"seed_played":"-577299292406323597","potions_obtained":[{"floor":4.0,"key":"EssenceOfSteel"},{"floor":5.0,"key":"Strength Potion"}],"is_trial":false,"path_per_floor":["M","?","?","M","M","R","M","M","T","?","?","E","$","M","R","B",null,"M","?","?","M","M"],"character_chosen":"DEFECT","items_purchased":[],"campfire_rested":1,"item_purchase_floors":[],"current_hp_per_floor":[65,53,53,48,42,42,30,26,26,26,26,19,19,15,35,9,53,12,12,12,9,0],"gold":364,"neow_bonus":"REMOVE_TWO","is_prod":false,"is_daily":false,"chose_seed":false,"campfire_upgraded":1,"win_rate":0,"timestamp":1554679239,"path_taken":["M","?","?","?","M","R","M","M","T","?","?","E","$","M","R","BOSS","M","?","?","M","?"],"build_version":"2019-01-23","purchased_purges":0,"victory":false,"max_hp_per_floor":[68,68,68,68,68,68,68,68,68,68,68,68,68,68,68,68,68,68,68,68,68,68],"card_choices":[{"not_picked":["Redo","Undo"],"picked":"Go for the Eyes","floor":1.0},{"not_picked":["Tempest","Chill"],"picked":"Glacier","floor":4.0},{"not_picked":["Redo","Sweeping Beam"],"picked":"Blizzard","floor":5.0},{"not_picked":["Reprogram","Compile Driver"],"picked":"White Noise","floor":7.0},{"not_picked":["Steam","Leap"],"picked":"Static Discharge","floor":8.0},{"not_picked":["Darkness","Heatsinks"],"picked":"Melter","floor":12.0},{"not_picked":["Rip and Tear","Redo"],"picked":"Lockon","floor":14},{"not_picked":["All For One","Fission"],"picked":"Buffer","floor":16},{"not_picked":["Turbo+1","Consume"],"picked":"Coolheaded","floor":18},{"not_picked":["Consume","Go for the Eyes"],"picked":"Stack","floor":21}],"player_experience":2601727,"relics_obtained":[{"floor":9.0,"key":"Whetstone"},{"floor":12.0,"key":"Blood Vial"}],"event_choices":[{"damage_healed":0.0,"max_hp_gain":0.0,"max_hp_loss":0.0,"gold_gain":0.0,"event_name":"Scrap Ooze","player_choice":"Success","floor":2.0,"gold_loss":0.0,"damage_taken":12.0,"relics_obtained":["Lantern"]},{"damage_healed":0.0,"max_hp_gain":0.0,"max_hp_loss":0.0,"gold_gain":0.0,"event_name":"Accursed Blacksmith","player_choice":"Rummage","floor":3.0,"gold_loss":0.0,"damage_taken":0.0,"relics_obtained":["WarpedTongs"],"cards_obtained":["Pain"]},{"cards_removed":["Pain"],"damage_healed":0.0,"max_hp_gain":0.0,"max_hp_loss":0.0,"gold_gain":0.0,"event_name":"Living Wall","player_choice":"Forget","floor":10.0,"gold_loss":0.0,"damage_taken":0.0},{"damage_healed":0.0,"max_hp_gain":0.0,"max_hp_loss":0.0,"gold_gain":0.0,"event_name":"Dead Adventurer","player_choice":"Searched \u00270\u0027 times","floor":11.0,"gold_loss":0.0,"damage_taken":0.0},{"damage_healed":0,"gold_gain":0,"player_choice":"Opened","damage_taken":0,"relics_obtained":["Gremlin Horn"],"max_hp_gain":0,"max_hp_loss":0,"event_name":"The Mausoleum","floor":19,"gold_loss":0,"cards_obtained":["Writhe"]},{"cards_removed":["Writhe"],"damage_healed":0,"gold_gain":0,"player_choice":"Purged","damage_taken":0,"max_hp_gain":0,"max_hp_loss":0,"event_name":"Purifier","floor":20,"gold_loss":0}],"is_beta":false,"boss_relics":[{"not_picked":["White Beast Statue","Empty Cage"],"picked":"Eternal Feather"}],"items_purged_floors":[],"is_endless":false,"potions_floor_spawned":[4,5,12,14,18],"killed_by":"Centurion and Healer","ascension_level":13}