{"gold_per_floor":[109,125,47,122,122,122,162,175,230,230,271,271,271,271,271,399,399,423,548,114,39,60,60,96,111,111,145,145,244,264,295,295,424,424,444,468,321,342,442,442,462,495,519,559,572,590,610,56,56,56],"floor_reached":51,"playtime":4408,"items_purged":["Strike_B","Defend_B"],"score":1142,"play_id":"dce225bd-e973-49e1-8e36-05cf170ac1f4","local_time":"20190425202450","is_ascension_mode":true,"campfire_choices":[{"data":"Chill","floor":6,"key":"SMITH"},{"data":"Sweeping Beam","floor":10,"key":"SMITH"},{"data":"Go for the Eyes","floor":12,"key":"SMITH"},{"floor":15,"key":"REST"},{"floor":23,"key":"REST"},{"floor":28,"key":"REST"},{"floor":32,"key":"REST"},{"floor":40,"key":"REST"},{"floor":49,"key":"REST"}],"neow_cost":"NONE","seed_source_timestamp":364105070789209,"circlet_count":0,"master_deck":["Strike_B+1","Defend_B","Defend_B+1","Defend_B+1","Zap+1","Dualcast","Ball Lightning","Chill+1","Capacitor","Compile Driver","Sweeping Beam+1","Go for the Eyes+1","Go for the Eyes+1","Redo+1","Consume+1","Loop","Barrage+1","Coolheaded+1","Cold Snap","Self Repair+1","Heatsinks+1","Storm+1","Echo Form+1","Glacier+1","Conserve Battery+1","Seek+1","Undo+1","Panache+1","Finesse+1"],"relics":["Cracked Core","Golden Idol","Bag of Preparation","Lantern","Mummified Hand","Fusion Hammer","Ice Cream","Toxic Egg 2","Runic Capacitor","Frozen Egg 2","Question Card","Whetstone","Dream Catcher","Inserter","Anchor","Oddly Smooth Stone","Letter Opener","Unceasing Top"],"potions_floor_usage":[19,33,50],"damage_taken":[{"damage":0,"enemies":"Cultist","floor":1,"turns":4},{"damage":2,"enemies":"2 Louse","floor":2,"turns":2},{"damage":8,"enemies":"Lagavulin","floor":7,"turns":6},{"damage":5,"enemies":"Jaw Worm","floor":8,"turns":3},{"damage":4,"enemies":"3 Sentries","floor":11,"turns":6},{"damage":16,"enemies":"Slime Boss","floor":16,"turns":6},{"damage":0,"enemies":"Chosen","floor":18,"turns":4},{"damage":7,"enemies":"Colosseum Slavers","floor":19,"turns":3},{"damage":2,"enemies":"Colosseum Nobs","floor":19,"turns":4},{"damage":0,"enemies":"3 Byrds","floor":22,"turns":3},{"damage":5,"enemies":"Book of Stabbing","floor":24,"turns":4},{"damage":0,"enemies":"3 Cultists","floor":25,"turns":4},{"damage":16,"enemies":"Slavers","floor":27,"turns":5},{"damage":0,"enemies":"Snake Plant","floor":30,"turns":3},{"damage":9,"enemies":"Book of Stabbing","floor":31,"turns":5},{"damage":10,"enemies":"Automaton","floor":33,"turns":6},{"damage":0,"enemies":"Orb Walker","floor":35,"turns":2},{"damage":6,"enemies":"3 Shapes","floor":36,"turns":3},{"damage":29,"enemies":"Writhing Mass","floor":38,"turns":4},{"damage":18,"enemies":"3 Darklings","floor":41,"turns":4},{"damage":1,"enemies":"Giant Head","floor":42,"turns":6},{"damage":0,"enemies":"Nemesis","floor":44,"turns":5},{"damage":0,"enemies":"Maw","floor":45,"turns":5},{"damage":23,"enemies":"Sphere and 2 Shapes","floor":46,"turns":4},{"damage":0,"enemies":"Transient","floor":47,"turns":5},{"damage":0,"enemies":"Awakened One","floor":50,"turns":10}],"seed_played":"2673424489535747167","potions_obtained":[{"floor":8,"key":"EntropicBrew"},{"floor":11,"key":"Ancient Potion"},{"floor":16,"key":"FearPotion"},{"floor":22,"key":"AttackPotion"},{"floor":36,"key":"SkillPotion"},{"floor":46,"key":"FairyPotion"}],"is_trial":false,"path_per_floor":["M","M","$","?","?","R","E","M","T","R","E","R","?","?","R","B",null,"M","?","$","?","M","R","E","M","T","E","R","?","M","E","R","B",null,"M","M","$","M","?","R","M","E","T","E","M","M","M","$","R","B",null],"character_chosen":"DEFECT","items_purchased":["Capacitor","Runic Capacitor","Consume+1","Loop","Barrage","Conserve Battery+1","Unceasing Top","Panache+1","Finesse+1"],"campfire_rested":6,"item_purchase_floors":[3,20,20,20,20,37,48,48,48],"current_hp_per_floor":[68,66,66,55,55,55,47,42,42,42,38,38,31,17,37,21,57,57,48,48,48,48,68,63,63,63,47,67,67,69,69,69,69,69,69,69,69,50,50,69,69,69,69,69,69,56,66,66,69,69],"gold":56,"neow_bonus":"UPGRADE_CARD","is_prod":false,"is_daily":false,"chose_seed":false,"campfire_upgraded":3,"win_rate":0,"timestamp":1556216690,"path_taken":["M","?","$","?","?","R","E","M","T","R","E","R","?","?","R","BOSS","M","?","$","?","M","R","E","M","T","E","R","?","M","E","R","BOSS","M","M","$","M","?","R","M","E","T","E","M","M","M","$","R","BOSS"],"build_version":"2019-04-23","purchased_purges":2,"victory":true,"max_hp_per_floor":[75,75,75,75,69,69,69,69,69,69,69,69,69,69,69,69,69,69,69,69,69,69,69,69,69,69,69,69,69,69,69,69,69,69,69,69,69,69,69,69,69,69,69,69,69,69,69,69,69,69],"card_choices":[{"not_picked":["Compile Driver","Redo"],"picked":"Ball Lightning","floor":1},{"not_picked":["Redo","Beam Cell"],"picked":"Chill","floor":2},{"not_picked":["FTL","Conserve Battery"],"picked":"Compile Driver","floor":7},{"not_picked":["Storm","Gash"],"picked":"Sweeping Beam","floor":8},{"not_picked":["Sweeping Beam","Tempest"],"picked":"Go for the Eyes","floor":11},{"not_picked":["Tempest","Sweeping Beam"],"picked":"Go for the Eyes+1","floor":18},{"not_picked":["Go for the Eyes","Compile Driver"],"picked":"Redo+1","floor":19},{"not_picked":["Ball Lightning","Rebound"],"picked":"Coolheaded+1","floor":22},{"not_picked":["All For One","Stack+1","Leap+1"],"picked":"SKIP","floor":24},{"not_picked":["Redo+1","Beam Cell"],"picked":"Cold Snap","floor":25},{"not_picked":["Melter+1","Compile Driver","Multi-Cast+1"],"picked":"Self Repair+1","floor":27},{"not_picked":["Streamline","Barrage+1","Stack+1","Leap+1"],"picked":"SKIP","floor":30},{"not_picked":["Scrape","Turbo+1","Thunder Strike"],"picked":"Heatsinks+1","floor":31},{"not_picked":["Barrage","Static Discharge+1","Consume+1"],"picked":"Storm+1","floor":32},{"not_picked":["Rainbow+1","Meteor Strike","Thunder Strike"],"picked":"Echo Form+1","floor":33},{"not_picked":["Stack+1","Redo+1","Force Field+1"],"picked":"Glacier+1","floor":35},{"not_picked":["Steam Power+1","Aggregate+1","Turbo+1","Redo+1"],"picked":"SKIP","floor":36},{"not_picked":["Melter+1","Go for the Eyes","Barrage","Compile Driver+1"],"picked":"SKIP","floor":38},{"not_picked":["Gash","Lockon","Sunder"],"picked":"Seek+1","floor":40},{"not_picked":["Ball Lightning","Genetic Algorithm+1","Beam Cell+1","Steam+1"],"picked":"SKIP","floor":41},{"not_picked":["Scrape","Gash+1","Rip and Tear","Go for the Eyes+1"],"picked":"SKIP","floor":42},{"not_picked":["Coolheaded+1","Steam+1","Barrage"],"picked":"Undo+1","floor":44},{"not_picked":["Buffer+1","Coolheaded+1","Darkness+1","BootSequence+1"],"picked":"SKIP","floor":45},{"not_picked":["Hologram+1","Streamline","Sunder+1","Defragment+1"],"picked":"SKIP","floor":46},{"not_picked":["Turbo+1","Chill+1","Conserve Battery+1","Doom and Gloom+1"],"picked":"SKIP","floor":47}],"player_experience":1233678,"relics_obtained":[{"floor":7,"key":"Bag of Preparation"},{"floor":9,"key":"Lantern"},{"floor":11,"key":"Mummified Hand"},{"floor":19,"key":"Ice Cream"},{"floor":19,"key":"Toxic Egg 2"},{"floor":24,"key":"Frozen Egg 2"},{"floor":26,"key":"Question Card"},{"floor":27,"key":"Whetstone"},{"floor":31,"key":"Dream Catcher"},{"floor":42,"key":"Anchor"},{"floor":43,"key":"Oddly Smooth Stone"},{"floor":44,"key":"Letter Opener"}],"event_choices":[{"damage_healed":0,"gold_gain":75,"player_choice":"Gather Gold","damage_taken":11,"max_hp_gain":0,"max_hp_loss":0,"event_name":"World of Goop","floor":4,"gold_loss":0},{"damage_healed":0,"gold_gain":0,"player_choice":"Lose Max HP","damage_taken":0,"relics_obtained":["Golden Idol"],"max_hp_gain":0,"max_hp_loss":6,"event_name":"Golden Idol","floor":5,"gold_loss":0},{"cards_removed":["Strike_B"],"damage_healed":0,"gold_gain":0,"player_choice":"Card Removal","damage_taken":7,"max_hp_gain":0,"max_hp_loss":0,"event_name":"Golden Wing","floor":13,"gold_loss":0},{"damage_healed":0,"gold_gain":0,"player_choice":"Entered Light","damage_taken":14,"max_hp_gain":0,"max_hp_loss":0,"event_name":"Shining Light","floor":14,"gold_loss":0,"cards_upgraded":["Defend_B","Defend_B"]},{"damage_healed":0,"gold_gain":0,"player_choice":"Fight","damage_taken":0,"max_hp_gain":0,"max_hp_loss":0,"event_name":"Colosseum","floor":19,"gold_loss":0},{"damage_healed":0,"gold_gain":0,"player_choice":"Fought Nobs","damage_taken":0,"max_hp_gain":0,"max_hp_loss":0,"event_name":"Colosseum","floor":19,"gold_loss":0},{"cards_removed":["Strike_B"],"damage_healed":0,"gold_gain":0,"player_choice":"Gave Gold","damage_taken":0,"max_hp_gain":0,"max_hp_loss":0,"event_name":"Beggar","floor":21,"gold_loss":75},{"damage_healed":0,"gold_gain":99,"player_choice":"Stole From Cult","damage_taken":0,"max_hp_gain":0,"max_hp_loss":0,"event_name":"Nest","floor":29,"gold_loss":0},{"damage_healed":0,"gold_gain":100,"player_choice":"Pray","damage_taken":0,"max_hp_gain":0,"max_hp_loss":0,"event_name":"Golden Shrine","floor":39,"gold_loss":0}],"is_beta":true,"boss_relics":[{"not_picked":["Ectoplasm","Runic Dome"],"picked":"Fusion Hammer"},{"not_picked":["Sozu","Runic Pyramid"],"picked":"Inserter"}],"items_purged_floors":[20,37],"is_endless":false,"potions_floor_spawned":[8,11,16,19,22,25,27,30,36,44,46,47],"ascension_level":8}