{"gold_per_floor":[112,13,13,32,32,32,57,57,57,79,79,104,115,41,41,144,144,154,73,73,86,102,136,136,149,220,220,220,234,244,272,272,372,372,385,397,397,28,44,44,76,76,76,76,88,88,49,80,80,80],"floor_reached":50,"playtime":3269,"items_purged":["Strike_B"],"score":1013,"play_id":"93bf775d-ddd2-4190-949f-d13e60dc1f4b","local_time":"20190429104526","is_ascension_mode":true,"campfire_choices":[{"data":"Zap","floor":6.0,"key":"SMITH"},{"data":"Self Repair","floor":8.0,"key":"SMITH"},{"floor":15.0,"key":"REST"},{"floor":27.0,"key":"REST"},{"floor":32.0,"key":"REST"},{"data":"Core Surge","floor":40,"key":"SMITH"},{"data":"Capacitor","floor":42,"key":"SMITH"},{"data":"Sweeping Beam","floor":44,"key":"SMITH"},{"data":"Barrage","floor":46,"key":"SMITH"},{"data":"Go for the Eyes","floor":49,"key":"SMITH"}],"neow_cost":"NONE","seed_source_timestamp":0,"circlet_count":0,"master_deck":["AscendersBane","Strike_B","Strike_B+1","Strike_B","Defend_B","Defend_B","Defend_B+1","Defend_B","Zap+1","Dualcast","Steam","Self Repair+1","Ball Lightning","Compile Driver","Sweeping Beam+1","White Noise+1","Zap+1","Capacitor+1","Core Surge+1","Leap+1","Compile Driver","Streamline","Fission+1","Genetic Algorithm+1","Bandage Up+1","Coolheaded+1","Barrage+1","Go for the Eyes+1","Bandage Up+1","Zap+1","Coolheaded+1","Reinforced Body+1","Biased Cognition+1","Echo Form+1","Redo+1","Blizzard+1","BootSequence+1","Core Surge","Loop+1","Chill+1","Fusion+1"],"special_seed":0,"relics":["Cracked Core","GremlinMask","Bag of Marbles","Toxic Egg 2","Odd Mushroom","Art of War","Nuclear Battery","Blood Vial","Frozen Egg 2","Nloth\u0027s Gift","Regal Pillow","Coffee Dripper","Bottled Flame","Orichalcum","Meat on the Bone","Singing Bowl"],"potions_floor_usage":[41,50],"damage_taken":[{"damage":0.0,"enemies":"Cultist","floor":1.0,"turns":1.0},{"damage":0.0,"enemies":"2 Louse","floor":4.0,"turns":1.0},{"damage":0.0,"enemies":"Gremlin Nob","floor":7.0,"turns":1.0},{"damage":14.0,"enemies":"The Mushroom Lair","floor":10.0,"turns":3.0},{"damage":26.0,"enemies":"3 Sentries","floor":12.0,"turns":5.0},{"damage":12.0,"enemies":"Small Slimes","floor":13.0,"turns":2.0},{"damage":0.0,"enemies":"Slime Boss","floor":16.0,"turns":7.0},{"damage":0.0,"enemies":"Spheric Guardian","floor":18.0,"turns":3.0},{"damage":20.0,"enemies":"3 Byrds","floor":21.0,"turns":4.0},{"damage":17.0,"enemies":"Centurion and Healer","floor":22.0,"turns":8.0},{"damage":58.0,"enemies":"Book of Stabbing","floor":23.0,"turns":7.0},{"damage":20.0,"enemies":"Snake Plant","floor":25.0,"turns":5.0},{"damage":14.0,"enemies":"Cultist and Chosen","floor":29.0,"turns":5.0},{"damage":28.0,"enemies":"Sentry and Sphere","floor":30.0,"turns":4.0},{"damage":51.0,"enemies":"Gremlin Leader","floor":31.0,"turns":8.0},{"damage":3.0,"enemies":"Champ","floor":33.0,"turns":11.0},{"damage":45,"enemies":"3 Darklings","floor":35,"turns":6},{"damage":0,"enemies":"3 Shapes","floor":36,"turns":9},{"damage":51,"enemies":"Jaw Worm Horde","floor":39,"turns":5},{"damage":16,"enemies":"Reptomancer","floor":41,"turns":7},{"damage":16,"enemies":"Maw","floor":45,"turns":7},{"damage":39,"enemies":"Giant Head","floor":48,"turns":9},{"damage":70,"enemies":"Awakened One","floor":50,"turns":6}],"seed_played":"-750542430949205611","potions_obtained":[{"floor":1.0,"key":"Fire Potion"},{"floor":4.0,"key":"GamblersBrew"},{"floor":13.0,"key":"FearPotion"},{"floor":21.0,"key":"Energy Potion"},{"floor":22.0,"key":"Fire Potion"},{"floor":30.0,"key":"Energy Potion"},{"floor":31.0,"key":"Poison Potion"},{"floor":36,"key":"Regen Potion"}],"is_trial":false,"path_per_floor":["M","$","?","M","?","R","E","R","T","?","?","E","M","$","R","B",null,"M","$","?","M","M","E","?","M","T","R","?","M","M","E","R","B",null,"M","M","?","$","M","R","E","R","T","R","M","R","$","E","R","B"],"character_chosen":"DEFECT","items_purchased":["Self Repair","Ball Lightning","Compile Driver","Streamline","Bandage Up+1","Bottled Flame","BootSequence+1","Fusion+1"],"campfire_rested":3,"item_purchase_floors":[2,2,14,14,19,38,38,47],"current_hp_per_floor":[68,68,68,75,60,60,60,60,60,56,56,30,28,28,50,60,71,71,71,71,65,64,32,32,36,36,58,58,68,57,30,67,75,75,42,75,75,75,40,40,73,73,73,73,75,75,75,60,60,0],"gold":80,"neow_bonus":"THREE_ENEMY_KILL","is_prod":false,"is_daily":false,"chose_seed":false,"campfire_upgraded":7,"win_rate":0,"timestamp":1556527526,"path_taken":["M","?","?","?","?","R","E","R","T","?","?","E","?","?","R","BOSS","M","$","?","M","M","E","?","?","T","R","?","M","?","E","R","BOSS","M","M","?","?","?","R","E","R","T","R","?","R","$","E","R","BOSS"],"build_version":"2019-04-23","purchased_purges":1,"victory":false,"max_hp_per_floor":[75,75,75,75,75,75,75,75,75,75,75,75,75,75,75,75,75,75,75,75,75,75,75,75,75,75,75,75,75,75,75,75,75,75,75,75,75,75,75,75,75,75,75,75,75,75,75,77,77,77],"card_choices":[{"not_picked":["Storm","Reprogram"],"picked":"Steam","floor":1.0},{"not_picked":["Conserve Battery","Self Repair"],"picked":"Compile Driver","floor":4.0},{"not_picked":["Storm","Rebound"],"picked":"Sweeping Beam","floor":7.0},{"not_picked":["Sweeping Beam","Cold Snap"],"picked":"White Noise+1","floor":10.0},{"not_picked":["Aggregate+1","Consume+1"],"picked":"Core Surge","floor":12.0},{"not_picked":["Sweeping Beam","Rebound"],"picked":"Leap+1","floor":13.0},{"not_picked":["Machine Learning","Amplify+1"],"picked":"Fission+1","floor":16.0},{"not_picked":["Ball Lightning","Hologram+1"],"picked":"Genetic Algorithm+1","floor":18.0},{"not_picked":["Hologram+1","Cold Snap+1"],"picked":"Coolheaded+1","floor":21.0},{"not_picked":["Meteor Strike","Self Repair"],"picked":"Barrage","floor":22.0},{"not_picked":["Leap+1","Rebound"],"picked":"Go for the Eyes","floor":23.0},{"not_picked":["Undo+1","Compile Driver+1"],"picked":"Coolheaded+1","floor":25.0},{"not_picked":["Cold Snap","Turbo+1","Storm+1"],"picked":"SKIP","floor":29.0},{"not_picked":["Stack+1","Streamline"],"picked":"Reinforced Body+1","floor":30.0},{"not_picked":["Streamline+1","Cold Snap"],"picked":"Biased Cognition+1","floor":31.0},{"not_picked":["Machine Learning+1","Thunder Strike"],"picked":"Echo Form+1","floor":33.0},{"not_picked":["Leap+1","Ball Lightning+1"],"picked":"Redo+1","floor":35},{"not_picked":["Coolheaded+1","Compile Driver+1"],"picked":"Blizzard+1","floor":36},{"not_picked":["Melter","Sweeping Beam"],"picked":"Core Surge","floor":39},{"not_picked":["Thunder Strike","Steam+1"],"picked":"Loop+1","floor":41},{"not_picked":["Beam Cell","Sweeping Beam"],"picked":"Chill+1","floor":45},{"not_picked":["Consume+1","Self Repair+1","Streamline+1"],"picked":"Singing Bowl","floor":48}],"player_experience":1303233,"relics_obtained":[{"floor":7.0,"key":"Bag of Marbles"},{"floor":9.0,"key":"Toxic Egg 2"},{"floor":10.0,"key":"Odd Mushroom"},{"floor":12.0,"key":"Art of War"},{"floor":23.0,"key":"Blood Vial"},{"floor":26.0,"key":"Frozen Egg 2"},{"floor":31.0,"key":"Regal Pillow"},{"floor":41,"key":"Orichalcum"},{"floor":43,"key":"Meat on the Bone"},{"floor":48,"key":"Singing Bowl"}],"event_choices":[{"damage_healed":0.0,"max_hp_gain":0.0,"max_hp_loss":0.0,"gold_gain":0.0,"event_name":"FaceTrader","player_choice":"Trade","floor":3.0,"gold_loss":0.0,"damage_taken":0.0,"relics_obtained":["GremlinMask"]},{"damage_healed":0.0,"max_hp_gain":0.0,"max_hp_loss":0.0,"gold_gain":0.0,"event_name":"Shining Light","player_choice":"Entered Light","floor":5.0,"gold_loss":0.0,"damage_taken":15.0,"cards_upgraded":["Strike_B","Defend_B"]},{"damage_healed":0.0,"max_hp_gain":0.0,"max_hp_loss":0.0,"gold_gain":0.0,"event_name":"Mushrooms","player_choice":"Fought Mushrooms","floor":10.0,"gold_loss":0.0,"damage_taken":0.0},{"damage_healed":0.0,"max_hp_gain":0.0,"max_hp_loss":0.0,"gold_gain":0.0,"event_name":"Match and Keep!","player_choice":"2 cards matched","floor":11.0,"gold_loss":0.0,"damage_taken":0.0,"cards_obtained":["Zap","Capacitor"]},{"damage_healed":0.0,"max_hp_gain":0.0,"max_hp_loss":0.0,"gold_gain":0.0,"event_name":"Vampires","player_choice":"Ignored","floor":20.0,"gold_loss":0.0,"damage_taken":0.0},{"damage_healed":0.0,"max_hp_gain":0.0,"max_hp_loss":0.0,"gold_gain":0.0,"event_name":"Match and Keep!","player_choice":"2 cards matched","floor":24.0,"gold_loss":0.0,"damage_taken":0.0,"cards_obtained":["Bandage Up","Zap"]},{"damage_healed":0.0,"max_hp_gain":0.0,"max_hp_loss":0.0,"gold_gain":0.0,"event_name":"N\u0027loth","player_choice":"Traded Relic","floor":28.0,"relics_lost":["NeowsBlessing"],"gold_loss":0.0,"damage_taken":0.0,"relics_obtained":["Nloth\u0027s Gift"]},{"damage_healed":0,"gold_gain":0,"player_choice":"Ignored","damage_taken":0,"max_hp_gain":0,"max_hp_loss":0,"event_name":"SecretPortal","floor":37,"gold_loss":0}],"is_beta":true,"boss_relics":[{"not_picked":["Philosopher\u0027s Stone","Pandora\u0027s Box"],"picked":"Nuclear Battery"},{"not_picked":["Sozu","Cursed Key"],"picked":"Coffee Dripper"}],"items_purged_floors":[38],"is_endless":false,"potions_floor_spawned":[1,4,13,21,22,30,31,33,36],"killed_by":"Awakened One","ascension_level":11}