{"gold_per_floor":[112,14,14,31,8,8,18,18,41,68,88,88,105,131,131,232,232,248,261,261],"floor_reached":20,"playtime":964,"items_purged":["Strike_R"],"score":280,"play_id":"310eae62-2725-4d15-9bbc-cc51fb225abb","local_time":"20180926014109","is_ascension_mode":true,"campfire_choices":[{"data":"Armaments","floor":6,"key":"SMITH"},{"data":"Spot Weakness","floor":8,"key":"SMITH"},{"data":"Heavy Blade","floor":12,"key":"SMITH"},{"floor":15,"key":"REST"}],"neow_cost":"NONE","seed_source_timestamp":610992349141766,"circlet_count":0,"master_deck":["Strike_R","Strike_R","Strike_R","Defend_R","Defend_R","Defend_R","Defend_R","Bash","Inflame","Heavy Blade+1","Berserk","Spot Weakness+1","Armaments+1","Flex","Fire Breathing","Clothesline","Bludgeon"],"relics":["Snecko Eye","Vajra","Boot","Odd Mushroom","Eternal Feather"],"potions_floor_usage":[10,19,19,20],"damage_taken":[{"damage":0,"enemies":"Cultist","floor":1,"turns":3},{"damage":7,"enemies":"2 Louse","floor":4,"turns":3},{"damage":2,"enemies":"Jaw Worm","floor":7,"turns":3},{"damage":13,"enemies":"Lagavulin","floor":10,"turns":5},{"damage":5,"enemies":"Gremlin Gang","floor":11,"turns":4},{"damage":7,"enemies":"Exordium Wildlife","floor":13,"turns":3},{"damage":22,"enemies":"The Mushroom Lair","floor":14,"turns":4},{"damage":0,"enemies":"Slime Boss","floor":16,"turns":5},{"damage":52,"enemies":"3 Byrds","floor":18,"turns":6},{"damage":18,"enemies":"Shell Parasite","floor":19,"turns":4},{"damage":9,"enemies":"Cultist and Chosen","floor":20,"turns":4}],"seed_played":"2344918699315872888","potions_obtained":[{"floor":7,"key":"Dexterity Potion"},{"floor":10,"key":"Dexterity Potion"},{"floor":13,"key":"Regen Potion"},{"floor":14,"key":"Explosive Potion"}],"is_trial":false,"path_per_floor":["M","$","?","M","$","R","M","R","T","E","M","R","M","?","R","B",null,"M","M"],"character_chosen":"IRONCLAD","items_purchased":["Heavy Blade","Armaments"],"campfire_rested":1,"item_purchase_floors":[2,5],"current_hp_per_floor":[80,80,80,73,73,73,71,71,71,58,53,53,46,24,48,48,72,20,7,0],"gold":261,"neow_bonus":"BOSS_RELIC","is_prod":false,"is_daily":false,"chose_seed":false,"campfire_upgraded":3,"win_rate":0,"timestamp":1537940469,"path_taken":["M","$","?","?","?","R","?","R","T","E","M","R","M","?","R","BOSS","M","M","M"],"build_version":"2018-09-20","purchased_purges":1,"victory":false,"max_hp_per_floor":[80,80,80,80,80,80,80,80,80,80,80,80,80,80,80,80,80,80,80,80],"card_choices":[{"not_picked":["Iron Wave","Wild Strike"],"picked":"Inflame","floor":1},{"not_picked":["Metallicize","Iron Wave"],"picked":"Spot Weakness","floor":4},{"not_picked":["Pommel Strike","Clothesline","Feel No Pain"],"picked":"SKIP","floor":7},{"not_picked":["Body Slam","Feel No Pain","Power Through"],"picked":"SKIP","floor":10},{"not_picked":["Pummel","Thunderclap"],"picked":"Flex","floor":11},{"not_picked":["Rage","Clash"],"picked":"Fire Breathing","floor":13},{"not_picked":["Headbutt","Armaments"],"picked":"Clothesline","floor":14},{"not_picked":["Double Tap","Impervious"],"picked":"Bludgeon","floor":16},{"not_picked":["Wild Strike","Clash+1","Twin Strike+1"],"picked":"SKIP","floor":18},{"not_picked":["Rampage","Searing Blow","Anger"],"picked":"SKIP","floor":19}],"player_experience":917509,"relics_obtained":[{"floor":9,"key":"Vajra"},{"floor":10,"key":"Boot"},{"floor":14,"key":"Odd Mushroom"}],"event_choices":[{"event_name":"Living Wall","player_choice":"Change","floor":3,"damage_taken":0},{"event_name":"Mushrooms","player_choice":"Fought Mushrooms","floor":14,"damage_taken":0}],"is_beta":false,"boss_relics":[{"not_picked":["Philosopher\u0027s Stone","Calling Bell"],"picked":"Eternal Feather"}],"items_purged_floors":[2],"is_endless":false,"potions_floor_spawned":[7,10,13,14],"killed_by":"Cultist and Chosen","ascension_level":5}