{"gold_per_floor":[118,43,63,63,73,73,28,56,56,74,249,249,266,11,11,106,106,119,119,19,30,30,30,49,68,68,68],"floor_reached":27,"playtime":7562,"items_purged":["Writhe","Regret"],"score":320,"play_id":"ce0f2f97-671e-4bbf-80d6-dfbf39afbe0f","local_time":"20190105030533","is_ascension_mode":true,"campfire_choices":[{"data":"Apotheosis","floor":6,"key":"SMITH"},{"floor":15,"key":"REST"},{"data":"Feed","floor":23,"key":"SMITH"}],"neow_cost":"CURSE","seed_source_timestamp":440997897123700,"circlet_count":0,"master_deck":["AscendersBane","Strike_R","Strike_R","Strike_R","Strike_R","Defend_R","Defend_R","Defend_R","Defend_R","Bash","Apotheosis+1","Swift Strike","Shrug It Off","Twin Strike","Metallicize","Flex","Pommel Strike","Spot Weakness+1","Doubt","Flame Barrier+1","Feed+1","Decay","Spot Weakness+1","Battle Trance+1"],"relics":["Burning Blood","Toxic Egg 2","Boot","Question Card","Blue Candle","Eternal Feather","Pocketwatch","Oddly Smooth Stone"],"potions_floor_usage":[16,24,25,27,27,27,27],"damage_taken":[{"damage":8,"enemies":"Cultist","floor":1,"turns":4},{"damage":17,"enemies":"Jaw Worm","floor":3,"turns":4},{"damage":19,"enemies":"Small Slimes","floor":5,"turns":3},{"damage":8,"enemies":"Lagavulin","floor":8,"turns":7},{"damage":6,"enemies":"Looter","floor":10,"turns":3},{"damage":11,"enemies":"3 Louse","floor":13,"turns":4},{"damage":47,"enemies":"Hexaghost","floor":16,"turns":9},{"damage":17,"enemies":"3 Byrds","floor":18,"turns":5},{"damage":21,"enemies":"Spheric Guardian","floor":21,"turns":7},{"damage":27,"enemies":"Snake Plant","floor":24,"turns":6},{"damage":28,"enemies":"Shelled Parasite and Fungi","floor":25,"turns":3},{"damage":17,"enemies":"Cultist and Chosen","floor":27,"turns":4}],"seed_played":"3499099871685826480","potions_obtained":[{"floor":5,"key":"Energy Potion"},{"floor":8,"key":"EntropicBrew"},{"floor":10,"key":"SteroidPotion"},{"floor":18,"key":"Weak Potion"},{"floor":24,"key":"PowerPotion"},{"floor":25,"key":"PowerPotion"}],"is_trial":false,"path_per_floor":["M","$","M","?","M","R","$","E","T","M","?","?","M","$","R","B",null,"M","?","$","M","?","R","M","M","T","M"],"character_chosen":"IRONCLAD","items_purchased":["Flex","Blue Candle"],"campfire_rested":1,"item_purchase_floors":[7,14],"current_hp_per_floor":[70,70,59,59,46,46,46,44,44,44,44,44,39,39,63,22,66,55,55,55,40,40,52,31,13,13,0],"gold":68,"neow_bonus":"RANDOM_COLORLESS_2","is_prod":false,"is_daily":false,"chose_seed":false,"campfire_upgraded":2,"win_rate":0,"timestamp":1546675533,"path_taken":["M","$","M","?","M","R","?","E","T","M","?","?","M","?","R","BOSS","M","?","$","M","?","R","M","M","T","M"],"build_version":"2019-01-03v4","purchased_purges":2,"victory":false,"max_hp_per_floor":[80,80,80,80,80,80,80,80,80,80,80,80,80,80,80,80,80,80,80,80,80,80,80,80,84,84,84],"card_choices":[{"not_picked":["True Grit","Whirlwind"],"picked":"Shrug It Off","floor":1},{"not_picked":["Perfected Strike","Sever Soul","True Grit"],"picked":"SKIP","floor":3},{"not_picked":["True Grit","Shrug It Off"],"picked":"Metallicize","floor":5},{"not_picked":["True Grit","Searing Blow"],"picked":"Pommel Strike","floor":8},{"not_picked":["Perfected Strike","Dropkick"],"picked":"Spot Weakness+1","floor":10},{"not_picked":["Flex+1","Dual Wield+1","Iron Wave"],"picked":"Flame Barrier+1","floor":13},{"not_picked":["Barricade","Exhume+1","Berserk"],"picked":"Feed","floor":16},{"not_picked":["Thunderclap","Cleave","Twin Strike","Armaments+1"],"picked":"SKIP","floor":18},{"not_picked":["Iron Wave","Flex+1","Perfected Strike"],"picked":"Spot Weakness+1","floor":21},{"not_picked":["Havoc+1","Body Slam","Pommel Strike"],"picked":"Battle Trance+1","floor":24},{"not_picked":["Perfected Strike+1","Body Slam","Cleave+1","Searing Blow+1"],"picked":"SKIP","floor":25}],"player_experience":1687405,"relics_obtained":[{"floor":8,"key":"Toxic Egg 2"},{"floor":9,"key":"Boot"},{"floor":26,"key":"Oddly Smooth Stone"}],"event_choices":[{"damage_healed":0,"gold_gain":0,"cards_transformed":["Strike_R"],"player_choice":"Transformed","damage_taken":0,"max_hp_gain":0,"max_hp_loss":0,"event_name":"Transmorgrifier","floor":4,"gold_loss":0,"cards_obtained":["Twin Strike"]},{"damage_healed":0,"gold_gain":175,"player_choice":"AGREE","damage_taken":0,"max_hp_gain":0,"max_hp_loss":0,"event_name":"Liars Game","floor":11,"gold_loss":0,"cards_obtained":["Doubt"]},{"damage_healed":0,"gold_gain":0,"player_choice":"Box","damage_taken":0,"relics_obtained":["Question Card"],"max_hp_gain":0,"max_hp_loss":0,"event_name":"Big Fish","floor":12,"gold_loss":0,"cards_obtained":["Regret"]},{"damage_healed":0,"gold_gain":0,"player_choice":"Smashed Altar","damage_taken":0,"max_hp_gain":0,"max_hp_loss":0,"event_name":"Forgotten Altar","floor":19,"gold_loss":0,"cards_obtained":["Decay"]},{"damage_healed":0,"gold_gain":0,"player_choice":"Opened","damage_taken":0,"relics_obtained":["Pocketwatch"],"max_hp_gain":0,"max_hp_loss":0,"event_name":"The Mausoleum","floor":22,"gold_loss":0}],"is_beta":false,"boss_relics":[{"not_picked":["White Beast Statue","Tiny House"],"picked":"Eternal Feather"}],"items_purged_floors":[2,20],"is_endless":false,"potions_floor_spawned":[5,8,10,18,24,25],"killed_by":"Cultist and Chosen","ascension_level":10}