{"gold_per_floor":[111,111,8,27,27,27,60,60,60,60,80,99,99,117,117,188,188,200,200,200,125,142,142,171,87,87,87,103,103,103],"floor_reached":30,"playtime":1085,"items_purged":[],"score":492,"play_id":"2c837834-adb7-4db6-af93-6ed2cf124814","local_time":"20190507133658","is_ascension_mode":true,"campfire_choices":[{"data":"Blade Dance","floor":6,"key":"SMITH"},{"data":"Blade Dance","floor":13,"key":"SMITH"},{"data":"Cloak And Dagger","floor":15,"key":"SMITH"},{"data":"J.A.X.","floor":23,"key":"SMITH"},{"data":"Cloak And Dagger","floor":27,"key":"SMITH"},{"data":"PiercingWail","floor":29,"key":"SMITH"}],"neow_cost":"NONE","seed_source_timestamp":1379782022056020,"circlet_count":0,"master_deck":["AscendersBane","Defend_G","Defend_G","Defend_G","Defend_G","Survivor+1","Neutralize+1","Blade Dance+1","Dodge and Roll","Infinite Blades","Flying Knee","Blade Dance+1","PiercingWail+1","Caltrops+1","Cloak And Dagger+1","Envenom+1","Cloak And Dagger+1","J.A.X.+1","Bite","Bite","Bite","Bite","Bite","Cloak And Dagger+1","Footwork+1","Injury","Escape Plan"],"relics":["Ring of the Snake","Frozen Egg 2","Meat on the Bone","Cursed Key","Darkstone Periapt","PreservedInsect"],"potions_floor_usage":[7,16,24],"damage_taken":[{"damage":11,"enemies":"Cultist","floor":1,"turns":6},{"damage":1,"enemies":"Jaw Worm","floor":4,"turns":4},{"damage":25,"enemies":"3 Sentries","floor":7,"turns":9},{"damage":10,"enemies":"Small Slimes","floor":11,"turns":4},{"damage":0,"enemies":"2 Fungi Beasts","floor":12,"turns":4},{"damage":4,"enemies":"Large Slime","floor":14,"turns":4},{"damage":22,"enemies":"Slime Boss","floor":16,"turns":10},{"damage":18,"enemies":"Spheric Guardian","floor":18,"turns":5},{"damage":19,"enemies":"Shell Parasite","floor":22,"turns":5},{"damage":40,"enemies":"Slavers","floor":24,"turns":6},{"damage":38,"enemies":"Centurion and Healer","floor":28,"turns":9},{"damage":54,"enemies":"Cultist and Chosen","floor":30,"turns":7}],"seed_played":"-4936152038555731291","potions_obtained":[{"floor":0,"key":"Block Potion"},{"floor":0,"key":"SteroidPotion"},{"floor":7,"key":"Poison Potion"},{"floor":16,"key":"Regen Potion"},{"floor":22,"key":"LiquidBronze"},{"floor":24,"key":"Energy Potion"}],"is_trial":false,"path_per_floor":["M","?","$","M","?","R","E","?","T","?","M","M","R","M","R","B",null,"M","?","?","?","M","R","E","$","T","R","M","R","M"],"character_chosen":"THE_SILENT","items_purchased":["Dodge and Roll","Infinite Blades","Footwork+1"],"campfire_rested":0,"item_purchase_floors":[3,3,25],"current_hp_per_floor":[48,48,48,47,47,47,22,2,2,24,26,38,38,34,34,24,56,38,38,38,38,29,29,30,30,36,36,32,32,0],"gold":103,"neow_bonus":"THREE_SMALL_POTIONS","is_prod":false,"is_daily":false,"chose_seed":false,"campfire_upgraded":6,"win_rate":0,"timestamp":1557229018,"path_taken":["M","?","$","M","?","R","E","?","T","?","M","M","R","M","R","BOSS","M","?","?","?","M","R","E","$","T","R","M","R","M"],"build_version":"2019-04-23","purchased_purges":0,"victory":false,"max_hp_per_floor":[66,66,66,66,66,66,66,66,66,66,66,66,66,66,66,66,66,66,66,46,46,46,46,46,46,52,52,52,52,52],"card_choices":[{"not_picked":["Acrobatics","Calculated Gamble"],"picked":"Blade Dance","floor":1},{"not_picked":["Acrobatics","Endless Agony"],"picked":"Flying Knee","floor":4},{"not_picked":["Calculated Gamble","Heel Hook"],"picked":"Blade Dance","floor":7},{"not_picked":["Bane","Poisoned Stab"],"picked":"PiercingWail","floor":11},{"not_picked":["Doppelganger","Underhanded Strike"],"picked":"Caltrops+1","floor":12},{"not_picked":["Dodge and Roll","Calculated Gamble"],"picked":"Cloak And Dagger","floor":14},{"not_picked":["Wraith Form v2+1","Malaise"],"picked":"Envenom+1","floor":16},{"not_picked":["Deadly Poison","Poisoned Stab"],"picked":"Cloak And Dagger+1","floor":18},{"not_picked":["Dagger Throw","Bane","Calculated Gamble"],"picked":"SKIP","floor":22},{"not_picked":["Flying Knee","Dodge and Roll"],"picked":"Cloak And Dagger","floor":24},{"not_picked":["Die Die Die","Dagger Spray"],"picked":"Escape Plan","floor":28}],"player_experience":1556778,"relics_obtained":[{"floor":7,"key":"Frozen Egg 2"},{"floor":9,"key":"Meat on the Bone"},{"floor":24,"key":"Darkstone Periapt"},{"floor":26,"key":"PreservedInsect"}],"event_choices":[{"damage_healed":0,"gold_gain":0,"player_choice":"Grow","damage_taken":0,"max_hp_gain":0,"max_hp_loss":0,"event_name":"Living Wall","floor":2,"gold_loss":0,"cards_upgraded":["Neutralize"]},{"damage_healed":0,"gold_gain":0,"player_choice":"Leave","damage_taken":0,"max_hp_gain":0,"max_hp_loss":0,"event_name":"The Cleric","floor":5,"gold_loss":0},{"damage_healed":0,"gold_gain":0,"player_choice":"Entered Light","damage_taken":20,"max_hp_gain":0,"max_hp_loss":0,"event_name":"Shining Light","floor":8,"gold_loss":0,"cards_upgraded":["Defend_G","Survivor"]},{"damage_healed":22,"gold_gain":0,"player_choice":"Banana","damage_taken":0,"max_hp_gain":0,"max_hp_loss":0,"event_name":"Big Fish","floor":10,"gold_loss":0},{"damage_healed":0,"gold_gain":0,"player_choice":"Obtain J.A.X.","damage_taken":0,"max_hp_gain":0,"max_hp_loss":0,"event_name":"Drug Dealer","floor":19,"gold_loss":0,"cards_obtained":["J.A.X."]},{"damage_healed":0,"gold_gain":0,"player_choice":"Became a vampire","damage_taken":0,"max_hp_gain":0,"max_hp_loss":20,"event_name":"Vampires","floor":20,"gold_loss":0,"cards_obtained":["Bite","Bite","Bite","Bite","Bite"]},{"cards_removed":["Defend_G"],"damage_healed":0,"gold_gain":0,"player_choice":"Gave Gold","damage_taken":0,"max_hp_gain":0,"max_hp_loss":0,"event_name":"Beggar","floor":21,"gold_loss":75}],"is_beta":true,"boss_relics":[{"not_picked":["Lizard Tail","Busted Crown"],"picked":"Cursed Key"}],"items_purged_floors":[],"is_endless":false,"potions_floor_spawned":[7,11,12,16,22,24,28],"killed_by":"Cultist and Chosen","ascension_level":18}