{"gold_per_floor":[360,360,33,33,47,47,79,79,79,97,122,142,142,142,142,142],"floor_reached":16,"playtime":1636,"items_purged":["Strike_R"],"score":98,"play_id":"ecc48280-c85b-4429-989a-be4715e02021","local_time":"20180806233233","is_ascension_mode":false,"campfire_choices":[{"data":"Metallicize","floor":6,"key":"SMITH"},{"data":"Rage","floor":8,"key":"SMITH"},{"data":"Pommel Strike","floor":13,"key":"SMITH"},{"data":"Bash","floor":15,"key":"SMITH"}],"neow_cost":"CURSE","seed_source_timestamp":143240995489400,"circlet_count":0,"master_deck":["Strike_R","Strike_R","Strike_R","Strike_R+1","Defend_R","Defend_R","Defend_R","Defend_R","Bash+1","Heavy Blade+1","Regret","Metallicize+1","Rage+1","Pommel Strike+1"],"relics":["Burning Blood","Mummified Hand","Pantograph","Whetstone","Nunchaku","Odd Mushroom"],"potions_floor_usage":[12,12,12,16,16,16],"damage_taken":[{"damage":10,"enemies":"Jaw Worm","floor":1,"turns":4},{"damage":6,"enemies":"Small Slimes","floor":5,"turns":5},{"damage":28,"enemies":"3 Sentries","floor":7,"turns":12},{"damage":0,"enemies":"Cultist","floor":10,"turns":2},{"damage":17,"floor":11,"turns":6},{"damage":3,"enemies":"Large Slime","floor":12,"turns":4},{"damage":75,"enemies":"Hexaghost","floor":16,"turns":11}],"seed_played":"-7784738792059321203","potions_obtained":[{"floor":5,"key":"Poison Potion"},{"floor":10,"key":"Explosive Potion"},{"floor":11,"key":"SteroidPotion"},{"floor":14,"key":"Explosive Potion"},{"floor":14,"key":"EssenceOfSteel"},{"floor":14,"key":"Dexterity Potion"}],"is_trial":false,"path_per_floor":["M","?","$","?","M","R","E","R","T","M","?","M","R","?","R"],"character_chosen":"IRONCLAD","items_purchased":["Mummified Hand"],"campfire_rested":0,"item_purchase_floors":[3],"current_hp_per_floor":[76,69,69,69,69,69,47,47,47,53,42,45,45,45,45,0],"gold":142,"neow_bonus":"TWO_FIFTY_GOLD","is_prod":false,"is_daily":false,"chose_seed":false,"campfire_upgraded":4,"win_rate":0,"timestamp":1533612753,"path_taken":["M","?","$","?","M","R","E","R","T","?","?","M","R","?","R","BOSS"],"build_version":"2018-08-02","purchased_purges":1,"victory":false,"max_hp_per_floor":[80,80,80,80,80,80,80,80,80,80,80,80,80,80,80,80],"card_choices":[{"not_picked":["Clash","Combust"],"picked":"Heavy Blade","floor":1},{"not_picked":["Anger","Clash"],"picked":"Metallicize","floor":5},{"not_picked":["Shrug It Off","Thunderclap"],"picked":"Rage","floor":7},{"not_picked":["Dual Wield","Seeing Red","Iron Wave"],"picked":"SKIP","floor":10},{"not_picked":["Clash","Blood for Blood"],"picked":"Pommel Strike","floor":12}],"player_experience":591232,"relics_obtained":[{"floor":7,"key":"Whetstone"},{"floor":9,"key":"Nunchaku"},{"floor":11,"key":"Odd Mushroom"}],"event_choices":[{"event_name":"Golden Wing","player_choice":"Card Removal","floor":2,"damage_taken":0},{"event_name":"Big Fish","player_choice":"Box","floor":4,"damage_taken":0},{"event_name":"Mushrooms","player_choice":"Fought Mushrooms","floor":11,"damage_taken":0},{"event_name":"The Lab","player_choice":"Got Potions","floor":14,"damage_taken":0}],"is_beta":false,"boss_relics":[],"items_purged_floors":[3],"is_endless":false,"potions_floor_spawned":[5,10,11],"killed_by":"Hexaghost","ascension_level":0}