{"gold_per_floor":[114,125,145,157,173,204,204,204,204,233,244,262,20,35,35,131,161,174,188,188,188,208,238,238,39,94,125,125,145,156,170,170,269,269,281,332,342,342,355,355,388,388,388,388,414,59,77,87,87,87],"floor_reached":50,"playtime":4348,"items_purged":[],"score":633,"play_id":"32b8eb43-b6c2-4efd-b311-65e702a11f23","local_time":"20180628234039","is_ascension_mode":false,"campfire_choices":[{"data":"Body Slam","floor":7.0,"key":"SMITH"},{"data":"Evolve","floor":15.0,"key":"SMITH"},{"floor":24,"key":"REST"},{"data":"Reckless Charge","floor":32,"key":"SMITH"},{"data":"1","floor":40,"key":"LIFT"},{"floor":42,"key":"REST"},{"data":"2","floor":44,"key":"LIFT"},{"data":"3","floor":49,"key":"LIFT"}],"neow_cost":"","seed_source_timestamp":0,"circlet_count":0,"master_deck":["Strike_R+1","Strike_R+1","Strike_R+1","Strike_R+1","Strike_R+1","Defend_R+1","Defend_R+1","Defend_R+1","Defend_R+1","Bash","Body Slam+1","Iron Wave+1","Reckless Charge+1","Pommel Strike","Entrench+1","Shrug It Off+1","Evolve+1","Clash+1","Wild Strike+1","Transmutation+1","Wild Strike+1","Immolate+1","Seeing Red+1","Carnage+1","Flex+1","Dramatic Entrance+1","Sever Soul+1","Clash+1","Sever Soul+1","Shrug It Off+1","Body Slam+1","Thunderclap+1","Exhume+1","Entrench+1","Warcry+1","Dual Wield+1","Deep Breath+1"],"special_seed":0,"relics":["Burning Blood","Thread and Needle","Incense Burner","Toxic Egg 2","Molten Egg 2","Tiny House","Potion Belt","Bag of Marbles","Paper Frog","Busted Crown","Girya","Bottled Tornado","War Paint","Prayer Wheel","Toolbox"],"potions_floor_usage":[16,18,23,33,33,36,39,41,48,50,50,50,50,50,50,50,50],"damage_taken":[{"damage":1.0,"enemies":"Jaw Worm","floor":1.0,"turns":4.0},{"damage":0.0,"enemies":"2 Louse","floor":2.0,"turns":3.0},{"damage":0.0,"enemies":"Small Slimes","floor":3.0,"turns":3.0},{"damage":5.0,"enemies":"Blue Slaver","floor":4.0,"turns":4.0},{"damage":3.0,"enemies":"Lots of Slimes","floor":5.0,"turns":4.0},{"damage":6.0,"enemies":"Gremlin Nob","floor":6.0,"turns":4.0},{"damage":12.0,"enemies":"Lagavulin","floor":10.0,"turns":7.0},{"damage":0.0,"enemies":"Looter","floor":11.0,"turns":3.0},{"damage":2.0,"enemies":"2 Fungi Beasts","floor":12.0,"turns":3.0},{"damage":0.0,"enemies":"Gremlin Gang","floor":14.0,"turns":3.0},{"damage":44,"enemies":"Slime Boss","floor":16,"turns":11},{"damage":0,"enemies":"Chosen","floor":18,"turns":3},{"damage":36,"enemies":"3 Byrds","floor":19,"turns":5},{"damage":16,"enemies":"Sentry and Sphere","floor":22,"turns":6},{"damage":6,"enemies":"Book of Stabbing","floor":23,"turns":7},{"damage":0,"enemies":"Slavers","floor":27,"turns":1},{"damage":11,"enemies":"Slaver and Parasite","floor":29,"turns":4},{"damage":0,"enemies":"Snecko","floor":30,"turns":3},{"damage":4,"enemies":"3 Cultists","floor":31,"turns":4},{"damage":78,"enemies":"Champ","floor":33,"turns":15},{"damage":5,"enemies":"3 Shapes","floor":35,"turns":3},{"damage":0,"floor":36,"turns":2},{"damage":0,"enemies":"3 Darklings","floor":37,"turns":1},{"damage":26,"enemies":"Maw","floor":39,"turns":7},{"damage":24,"enemies":"Nemesis","floor":41,"turns":7},{"damage":16,"enemies":"2 Orb Walkers","floor":45,"turns":4},{"damage":2,"enemies":"4 Shapes","floor":47,"turns":2},{"damage":3,"enemies":"3 Darklings","floor":48,"turns":3},{"damage":91,"enemies":"Time Eater","floor":50,"turns":9}],"seed_played":"4579602189894600256","potions_obtained":[{"floor":1.0,"key":"Swift Potion"},{"floor":2.0,"key":"BloodPotion"},{"floor":14.0,"key":"SkillPotion"},{"floor":16,"key":"SteroidPotion"},{"floor":17,"key":"Fruit Juice"},{"floor":19,"key":"EssenceOfSteel"},{"floor":27,"key":"EssenceOfSteel"},{"floor":30,"key":"Explosive Potion"},{"floor":31,"key":"Explosive Potion"},{"floor":35,"key":"SteroidPotion"},{"floor":36,"key":"Fruit Juice"},{"floor":45,"key":"EntropicBrew"},{"floor":47,"key":"PowerPotion"}],"is_trial":false,"path_per_floor":["M","M","M","M","M","E","R","?","T","E","M","M","$","M","R","B",null,"M","M","?","?","M","E","R","$","T","E","?","M","M","M","R","B",null,"M","?","M","?","M","R","E","R","T","R","E","$","M","M","R"],"character_chosen":"IRONCLAD","items_purchased":["Transmutation+1","Wild Strike+1","Dramatic Entrance+1","Sever Soul+1","Clash+1","Toolbox","Deep Breath+1"],"campfire_rested":2,"item_purchase_floors":[],"current_hp_per_floor":[80,80,80,80,80,80,80,64,64,58,64,76,76,80,80,42,85,90,60,60,60,50,50,77,77,77,83,83,78,84,86,86,14,90,90,90,90,90,75,75,57,85,85,85,75,75,79,82,82,0],"gold":87,"neow_bonus":"","is_prod":false,"is_daily":false,"chose_seed":false,"campfire_upgraded":3,"win_rate":0.0,"timestamp":1530243639,"path_taken":["M","M","M","M","M","E","R","?","T","E","M","M","$","M","R","BOSS","M","M","?","?","M","E","R","$","T","E","?","?","M","M","R","BOSS","M","?","M","?","M","R","E","R","T","R","E","$","M","M","R","BOSS"],"build_version":"2018-06-28","purchased_purges":0,"victory":false,"max_hp_per_floor":[80,80,80,80,80,80,80,80,80,80,80,80,80,80,80,80,85,90,90,90,90,90,90,90,90,90,90,90,90,90,90,90,90,90,90,90,90,90,95,95,95,95,95,95,95,95,95,95,95,95],"card_choices":[{"not_picked":["Shockwave","True Grit"],"picked":"Body Slam","floor":1.0},{"not_picked":["Anger","Pummel"],"picked":"Iron Wave","floor":2.0},{"not_picked":["Disarm","Second Wind"],"picked":"Reckless Charge","floor":3.0},{"not_picked":["Shockwave","Havoc"],"picked":"Pommel Strike","floor":4.0},{"not_picked":["Warcry","Cleave"],"picked":"Entrench","floor":5.0},{"not_picked":["Feel No Pain","Brutality"],"picked":"Shrug It Off","floor":6.0},{"not_picked":["True Grit+1","Battle Trance+1"],"picked":"Evolve","floor":10.0},{"not_picked":["Heavy Blade+1","Sword Boomerang+1"],"picked":"Clash+1","floor":11.0},{"not_picked":["Offering+1","Thunderclap+1"],"picked":"Wild Strike+1","floor":12.0},{"not_picked":["Disarm+1","Flex+1","Rampage+1"],"picked":"SKIP","floor":14.0},{"not_picked":["Brutality","Feed+1"],"picked":"Immolate+1","floor":16},{"not_picked":["Hemokinesis+1","Iron Wave+1"],"picked":"Seeing Red+1","floor":17},{"not_picked":["Clothesline+1","Blood for Blood+1"],"picked":"Carnage+1","floor":18},{"not_picked":["Clothesline+1","True Grit+1","Perfected Strike+1"],"picked":"SKIP","floor":19},{"not_picked":["Burning Pact+1","Intimidate+1","Dropkick+1"],"picked":"SKIP","floor":22},{"not_picked":["Warcry+1","Fire Breathing"],"picked":"Flex+1","floor":23},{"not_picked":["Warcry+1","Feel No Pain"],"picked":"Sever Soul+1","floor":27},{"not_picked":["Clothesline+1","Sword Boomerang+1"],"picked":"Shrug It Off+1","floor":29},{"not_picked":["Warcry+1","Pommel Strike+1"],"picked":"Body Slam+1","floor":30},{"not_picked":["Rupture+1","Anger+1"],"picked":"Thunderclap+1","floor":31},{"not_picked":["Barricade","Limit Break+1"],"picked":"Exhume+1","floor":33},{"not_picked":[],"picked":"Entrench+1","floor":35},{"not_picked":[],"picked":"Warcry+1","floor":36},{"not_picked":[],"picked":"Anger+1","floor":37},{"not_picked":["Twin Strike+1"],"picked":"SKIP","floor":39},{"not_picked":[],"picked":"Dual Wield+1","floor":41},{"not_picked":["Disarm+1"],"picked":"SKIP","floor":45},{"not_picked":["Hemokinesis+1"],"picked":"SKIP","floor":47},{"not_picked":["Rampage+1"],"picked":"SKIP","floor":47},{"not_picked":["True Grit+1"],"picked":"SKIP","floor":48},{"not_picked":["Armaments+1"],"picked":"SKIP","floor":48}],"player_experience":91377,"relics_obtained":[{"floor":6.0,"key":"Incense Burner"},{"floor":9.0,"key":"Toxic Egg 2"},{"floor":10.0,"key":"Molten Egg 2"},{"floor":23,"key":"Potion Belt"},{"floor":26,"key":"Bag of Marbles"},{"floor":27,"key":"Paper Frog"},{"floor":36,"key":"Girya"},{"floor":41,"key":"Bottled Tornado"},{"floor":43,"key":"War Paint"},{"floor":45,"key":"Prayer Wheel"}],"event_choices":[{"event_name":"Shining Light","player_choice":"Entered Light","floor":8.0,"damage_taken":0.0},{"event_name":"Back to Basics","player_choice":"Simplicity","floor":20,"damage_taken":0},{"event_name":"Purifier","player_choice":"One Purge","floor":21,"damage_taken":0},{"event_name":"Ghosts","player_choice":"Ignored","floor":28,"damage_taken":0},{"event_name":"Mysterious Sphere","player_choice":"Fight","floor":36,"damage_taken":0},{"event_name":"Falling","player_choice":"Removed Attack","floor":38,"damage_taken":0}],"boss_relics":[{"not_picked":["Runic Dome","Runic Pyramid"],"picked":"Tiny House"},{"not_picked":["Black Star","Coffee Dripper"],"picked":"Busted Crown"}],"items_purged_floors":[],"is_endless":false,"potions_floor_spawned":[1,2,14,16,19,22,27,30,31,35,36,45,47],"killed_by":"Time Eater","ascension_level":0}