{"gold_per_floor":[114,128,128,148,161,161,161,161,161,175,201,201,221,251,251,328,328,339,187,187,187,199,199,219,219],"floor_reached":25,"playtime":763,"items_purged":["Strike_B"],"score":426,"play_id":"ae060b92-cd24-4c38-90f1-4c87c21c8aa2","local_time":"20190512173508","is_ascension_mode":true,"campfire_choices":[{"data":"Go for the Eyes","floor":6,"key":"SMITH"},{"data":"Conserve Battery","floor":12,"key":"SMITH"},{"data":"Defragment","floor":15,"key":"SMITH"},{"data":"Multi-Cast","floor":23,"key":"SMITH"}],"neow_cost":"NONE","seed_source_timestamp":1826393894428011,"circlet_count":0,"master_deck":["AscendersBane","Strike_B","Strike_B","Defend_B","Defend_B","Defend_B","Defend_B","Zap","Dualcast","Machine Learning","Ball Lightning","Go for the Eyes+1","Echo Form","Core Surge","BootSequence","Conserve Battery+1","Defragment+1","Multi-Cast+1","Conserve Battery","Chill","Coolheaded"],"relics":["Cracked Core","Thread and Needle","Kunai","StoneCalendar","Potion Belt","Sozu"],"potions_floor_usage":[11,16,25],"damage_taken":[{"damage":1,"enemies":"Cultist","floor":1,"turns":3},{"damage":3,"enemies":"2 Louse","floor":2,"turns":2},{"damage":0,"enemies":"Small Slimes","floor":4,"turns":2},{"damage":7,"enemies":"2 Fungi Beasts","floor":5,"turns":3},{"damage":5,"enemies":"Looter","floor":10,"turns":3},{"damage":4,"enemies":"Gremlin Nob","floor":11,"turns":4},{"damage":0,"enemies":"Blue Slaver","floor":13,"turns":3},{"damage":6,"enemies":"Lagavulin","floor":14,"turns":7},{"damage":25,"enemies":"The Guardian","floor":16,"turns":9},{"damage":21,"enemies":"3 Byrds","floor":18,"turns":5},{"damage":13,"enemies":"Shell Parasite","floor":22,"turns":5},{"damage":2,"enemies":"Snecko","floor":24,"turns":5},{"damage":36,"enemies":"Slavers","floor":25,"turns":2}],"seed_played":"8514931163831150235","potions_obtained":[{"floor":2,"key":"GamblersBrew"},{"floor":10,"key":"EssenceOfSteel"},{"floor":14,"key":"Fruit Juice"},{"floor":16,"key":"Strength Potion"}],"is_trial":false,"path_per_floor":["M","M","?","M","M","R","T","?","T","M","E","R","M","E","R","B",null,"M","$","?","?","M","R","M","E"],"character_chosen":"DEFECT","items_purchased":["Chill"],"campfire_rested":0,"item_purchase_floors":[19],"current_hp_per_floor":[63,60,60,60,53,53,53,58,58,53,49,49,49,43,43,23,67,46,46,46,46,33,33,31,0],"gold":219,"neow_bonus":"ONE_RANDOM_RARE_CARD","is_prod":false,"is_daily":false,"chose_seed":false,"campfire_upgraded":4,"win_rate":0,"timestamp":1557675308,"path_taken":["M","M","?","?","M","R","?","?","T","M","E","R","M","E","R","BOSS","M","$","?","?","?","R","M","E"],"build_version":"2019-05-07","purchased_purges":1,"victory":false,"max_hp_per_floor":[71,71,71,71,71,71,71,76,76,76,76,76,76,76,76,81,81,81,81,81,81,81,81,81,81],"card_choices":[{"not_picked":["Redo","Cold Snap"],"picked":"Ball Lightning","floor":1},{"not_picked":["Rebound","Hologram"],"picked":"Go for the Eyes","floor":2},{"not_picked":["Sunder","Static Discharge"],"picked":"Core Surge","floor":4},{"not_picked":["Cold Snap","Scrape","Hello World"],"picked":"SKIP","floor":5},{"not_picked":["Cold Snap","Double Energy"],"picked":"BootSequence","floor":10},{"not_picked":["Cold Snap","Amplify"],"picked":"Conserve Battery","floor":11},{"not_picked":["Tempest","Rip and Tear"],"picked":"Defragment","floor":13},{"not_picked":["Redo","Skim","Consume"],"picked":"SKIP","floor":14},{"not_picked":["Reboot","Machine Learning"],"picked":"Multi-Cast","floor":16},{"not_picked":["Reprogram","Aggregate"],"picked":"Conserve Battery","floor":18},{"not_picked":["Static Discharge","Hologram","Rebound"],"picked":"SKIP","floor":22},{"not_picked":["Streamline","Ball Lightning"],"picked":"Coolheaded","floor":24}],"player_experience":1852855,"relics_obtained":[{"floor":7,"key":"Thread and Needle"},{"floor":9,"key":"Kunai"},{"floor":11,"key":"StoneCalendar"},{"floor":14,"key":"Potion Belt"}],"event_choices":[{"damage_healed":0,"gold_gain":0,"player_choice":"1 cards matched","damage_taken":0,"max_hp_gain":0,"max_hp_loss":0,"event_name":"Match and Keep!","floor":3,"gold_loss":0,"cards_obtained":["Echo Form"]},{"damage_healed":0,"gold_gain":0,"player_choice":"Donut","damage_taken":0,"max_hp_gain":5,"max_hp_loss":0,"event_name":"Big Fish","floor":8,"gold_loss":0},{"damage_healed":0,"gold_gain":0,"player_choice":"Ignored","damage_taken":0,"max_hp_gain":0,"max_hp_loss":0,"event_name":"The Mausoleum","floor":20,"gold_loss":0},{"cards_removed":["Strike_B"],"damage_healed":0,"gold_gain":0,"player_choice":"Purged","damage_taken":0,"max_hp_gain":0,"max_hp_loss":0,"event_name":"Purifier","floor":21,"gold_loss":0}],"is_beta":true,"boss_relics":[{"not_picked":["Busted Crown","Runic Pyramid"],"picked":"Sozu"}],"items_purged_floors":[19],"is_endless":false,"potions_floor_spawned":[2,10,14,16,18],"killed_by":"Slavers","ascension_level":20}