{"gold_per_floor":[110,16,33,45,58,85,85,100,100,118,149,160,187,187,187,277,277,301,76,1,15,29,73,91,91,91,6,6,25,44,44,44,142,142,167,292,292,312,332,375,450,474,555,555,23,44,65,65,65,65,65,65,65,96,96],"floor_reached":55,"playtime":3991,"items_purged":["Injury","Strike_B"],"score":1251,"play_id":"8fedb0f8-d65b-435b-9e71-8a60a0b27634","local_time":"20190429202450","is_ascension_mode":true,"campfire_choices":[{"data":"Leap","floor":7,"key":"SMITH"},{"data":"Conserve Battery","floor":15,"key":"SMITH"},{"floor":25,"key":"REST"},{"data":"Biased Cognition","floor":28,"key":"SMITH"},{"floor":32,"key":"REST"},{"floor":44,"key":"REST"},{"floor":49,"key":"RECALL"},{"data":"Buffer","floor":52,"key":"SMITH"}],"neow_cost":"NONE","seed_source_timestamp":710145748736768,"circlet_count":0,"master_deck":["AscendersBane","Strike_B","Strike_B","Defend_B","Defend_B","Defend_B","Zap","Dualcast","Barrage","Cold Snap","Go for the Eyes","Compile Driver","Glacier","FTL","Leap+1","Sweeping Beam","Conserve Battery+1","Doom and Gloom","Defragment","Echo Form","Biased Cognition+1","Sweeping Beam+1","Steam","Genetic Algorithm","Loop","Ball Lightning","Buffer+1","Lockon","Double Energy+1","Reinforced Body","Reinforced Body+1"],"relics":["Cracked Core","Boot","The Courier","Bottled Lightning","Mummified Hand","Golden Idol","Cursed Key","Blood Vial","Omamori","Letter Opener","Runic Pyramid","Emotion Chip","Art of War","Kunai","Cables","Incense Burner","Gambling Chip"],"potions_floor_usage":[5,6,11,13,16,23,23,30,40,40,55],"damage_taken":[{"damage":1,"enemies":"Cultist","floor":1,"turns":3},{"damage":2,"enemies":"Jaw Worm","floor":3,"turns":3},{"damage":0,"enemies":"2 Louse","floor":4,"turns":2},{"damage":0,"enemies":"Exordium Thugs","floor":5,"turns":4},{"damage":5,"enemies":"3 Sentries","floor":6,"turns":7},{"damage":8,"enemies":"Lots of Slimes","floor":8,"turns":3},{"damage":0,"enemies":"3 Louse","floor":10,"turns":3},{"damage":0,"enemies":"Lagavulin","floor":11,"turns":7},{"damage":0,"enemies":"2 Fungi Beasts","floor":12,"turns":3},{"damage":9,"enemies":"3 Sentries","floor":13,"turns":6},{"damage":22,"enemies":"Slime Boss","floor":16,"turns":9},{"damage":0,"enemies":"Chosen","floor":18,"turns":6},{"damage":0,"enemies":"2 Thieves","floor":21,"turns":4},{"damage":0,"enemies":"Cultist and Chosen","floor":22,"turns":4},{"damage":42,"enemies":"Gremlin Leader","floor":23,"turns":8},{"damage":13,"enemies":"Sentry and Sphere","floor":24,"turns":5},{"damage":15,"enemies":"Snake Plant","floor":29,"turns":4},{"damage":1,"enemies":"Shelled Parasite and Fungi","floor":30,"turns":4},{"damage":46,"enemies":"Champ","floor":33,"turns":12},{"damage":1,"enemies":"3 Shapes","floor":35,"turns":5},{"damage":5,"enemies":"Mind Bloom Boss Battle","floor":36,"turns":10},{"damage":0,"enemies":"Orb Walker","floor":38,"turns":4},{"damage":0,"enemies":"Maw","floor":39,"turns":7},{"damage":3,"enemies":"Giant Head","floor":40,"turns":8},{"damage":23,"enemies":"Writhing Mass","floor":42,"turns":6},{"damage":15,"enemies":"Sphere and 2 Shapes","floor":46,"turns":6},{"damage":22,"enemies":"Spire Growth","floor":47,"turns":5},{"damage":31,"enemies":"Awakened One","floor":50,"turns":26},{"damage":53,"enemies":"Shield and Spear","floor":54,"turns":8},{"damage":10,"enemies":"The Heart","floor":55,"turns":2}],"seed_played":"3944082400432497509","potions_obtained":[{"floor":3,"key":"Explosive Potion"},{"floor":4,"key":"FocusPotion"},{"floor":10,"key":"FocusPotion"},{"floor":12,"key":"Dexterity Potion"},{"floor":13,"key":"Regen Potion"},{"floor":21,"key":"Dexterity Potion"},{"floor":22,"key":"FocusPotion"},{"floor":24,"key":"PowerPotion"},{"floor":35,"key":"Energy Potion"},{"floor":38,"key":"Regen Potion"},{"floor":42,"key":"Strength Potion"},{"floor":54,"key":"PowerPotion"}],"is_trial":false,"path_per_floor":["M","$","M","M","M","E","R","M","T","M","E","M","E","?","R","B",null,"M","$","?","M","M","E","M","R","T","?","R","M","M","$","R","B",null,"M","?","$","M","M","E","?","M","T","R","$","M","M","?","R","B",null,"R","$","E","B"],"character_chosen":"DEFECT","items_purchased":["Go for the Eyes","Compile Driver","Blood Vial","Steam","Cables","Incense Burner","Reinforced Body"],"campfire_rested":3,"item_purchase_floors":[2,2,19,19,45,45,45],"current_hp_per_floor":[67,67,65,65,65,60,60,52,52,52,52,52,43,43,43,36,65,65,65,65,67,69,29,18,40,40,40,40,27,28,28,50,6,58,59,56,56,58,60,74,67,46,46,68,68,55,35,35,35,6,58,58,58,7,0],"gold":96,"neow_bonus":"THREE_CARDS","is_prod":false,"is_daily":false,"chose_seed":false,"campfire_upgraded":4,"win_rate":0,"timestamp":1556562290,"path_taken":["M","?","M","M","M","E","R","M","T","M","E","M","E","?","R","BOSS","M","$","?","M","M","E","M","R","T","?","R","M","?","?","R","BOSS","M","?","$","M","M","E","?","M","T","R","$","?","M","?","R","BOSS","R","$","E","BOSS"],"build_version":"2019-04-23","purchased_purges":2,"victory":false,"max_hp_per_floor":[75,75,75,75,75,75,75,75,75,75,75,75,75,75,75,75,75,75,75,75,75,75,75,75,75,75,75,75,75,75,75,75,75,75,75,75,75,75,75,75,75,75,75,75,75,75,75,75,75,75,75,75,75,75,75],"card_choices":[{"not_picked":["Force Field","Stack"],"picked":"Barrage","floor":0},{"not_picked":["Turbo","Storm"],"picked":"Cold Snap","floor":1},{"not_picked":["Reinforced Body","Leap"],"picked":"Glacier","floor":3},{"not_picked":["Reinforced Body","Melter"],"picked":"FTL","floor":4},{"not_picked":["Hologram","Cold Snap"],"picked":"Leap","floor":5},{"not_picked":["Aggregate","Undo"],"picked":"Sweeping Beam","floor":6},{"not_picked":["Go for the Eyes","Scrape"],"picked":"Conserve Battery","floor":8},{"not_picked":["Steam","Melter","Beam Cell"],"picked":"SKIP","floor":10},{"not_picked":["Rip and Tear","Self Repair"],"picked":"Doom and Gloom","floor":11},{"not_picked":["Rebound","Go for the Eyes"],"picked":"Defragment","floor":12},{"not_picked":["Reinforced Body","Compile Driver"],"picked":"Echo Form","floor":13},{"not_picked":["Thunder Strike","Fission"],"picked":"Biased Cognition","floor":16},{"not_picked":["Turbo","Go for the Eyes"],"picked":"Sweeping Beam+1","floor":18},{"not_picked":["Steam","Go for the Eyes"],"picked":"Genetic Algorithm","floor":21},{"not_picked":["Barrage","Leap","Turbo"],"picked":"SKIP","floor":22},{"not_picked":["Amplify","Turbo+1"],"picked":"Loop","floor":23},{"not_picked":["Gash","Rip and Tear"],"picked":"Ball Lightning","floor":24},{"not_picked":["Conserve Battery","Barrage","Chill"],"picked":"SKIP","floor":29},{"not_picked":["Beam Cell","Sweeping Beam","Steam"],"picked":"SKIP","floor":30},{"not_picked":["Hyperbeam","Multi-Cast"],"picked":"Buffer","floor":33},{"not_picked":["Barrage","Turbo","Redo"],"picked":"SKIP","floor":35},{"not_picked":["Rip and Tear","Sweeping Beam"],"picked":"Lockon","floor":36},{"not_picked":["Glacier","Genetic Algorithm"],"picked":"Double Energy+1","floor":38},{"not_picked":["Redo","Turbo","Beam Cell"],"picked":"SKIP","floor":39},{"not_picked":["Lockon","Stack+1","Cold Snap"],"picked":"SKIP","floor":40},{"not_picked":["White Noise","Sweeping Beam","Turbo+1"],"picked":"SKIP","floor":42},{"not_picked":["Streamline","Reinforced Body","Beam Cell"],"picked":"SKIP","floor":46},{"not_picked":["Ball Lightning+1","Blizzard","Genetic Algorithm+1"],"picked":"SKIP","floor":47},{"not_picked":["Scrape","Multi-Cast"],"picked":"Reinforced Body+1","floor":54}],"player_experience":1331273,"relics_obtained":[{"floor":6,"key":"Boot"},{"floor":9,"key":"The Courier"},{"floor":11,"key":"Bottled Lightning"},{"floor":13,"key":"Mummified Hand"},{"floor":23,"key":"Omamori"},{"floor":36,"key":"Emotion Chip"},{"floor":40,"key":"Art of War"},{"floor":43,"key":"Kunai"},{"floor":54,"key":"Gambling Chip"}],"event_choices":[{"damage_healed":0,"gold_gain":0,"player_choice":"Take Wound","damage_taken":0,"relics_obtained":["Golden Idol"],"max_hp_gain":0,"max_hp_loss":0,"event_name":"Golden Idol","floor":14,"gold_loss":0,"cards_obtained":["Injury"]},{"cards_removed":["Strike_B"],"damage_healed":0,"gold_gain":0,"player_choice":"Gave Gold","damage_taken":0,"max_hp_gain":0,"max_hp_loss":0,"event_name":"Beggar","floor":20,"gold_loss":75},{"damage_healed":0,"gold_gain":0,"player_choice":"Obtained Relic","damage_taken":0,"relics_obtained":["Letter Opener"],"max_hp_gain":0,"max_hp_loss":0,"event_name":"Addict","floor":27,"gold_loss":85},{"damage_healed":0,"gold_gain":0,"player_choice":"Fight","damage_taken":0,"max_hp_gain":0,"max_hp_loss":0,"event_name":"MindBloom","floor":36,"gold_loss":0},{"damage_healed":0,"gold_gain":75,"player_choice":"Touch","damage_taken":7,"max_hp_gain":0,"max_hp_loss":0,"event_name":"FaceTrader","floor":41,"gold_loss":0},{"cards_removed":["Defend_B"],"damage_healed":0,"gold_gain":0,"player_choice":"Removed Skill","damage_taken":0,"max_hp_gain":0,"max_hp_loss":0,"event_name":"Falling","floor":48,"gold_loss":0}],"is_beta":true,"boss_relics":[{"not_picked":["Orrery","Empty Cage"],"picked":"Cursed Key"},{"not_picked":["White Beast Statue","Eternal Feather"],"picked":"Runic Pyramid"}],"items_purged_floors":[19,45],"is_endless":false,"potions_floor_spawned":[3,4,10,12,13,21,22,24,35,38,39,42,54],"killed_by":"The Heart","ascension_level":13}