{"gold_per_floor":[109,109,136,154,154,154,189,189,189,31,64,84,1,24,24,24],"floor_reached":16,"playtime":374,"items_purged":[],"score":221,"play_id":"2650e1a9-0ec8-466d-85ed-e5d663fad247","local_time":"20190520212105","is_ascension_mode":true,"campfire_choices":[{"data":"Bash","floor":6,"key":"SMITH"},{"data":"Limit Break","floor":8,"key":"SMITH"},{"data":"Shockwave","floor":15,"key":"SMITH"}],"neow_cost":"NONE","seed_source_timestamp":376602465874575,"circlet_count":0,"master_deck":["AscendersBane","Strike_R","Strike_R","Strike_R","Strike_R","Defend_R","Defend_R","Defend_R","Defend_R","Bash+1","Seeing Red","Evolve","Limit Break+1","True Grit","Shrug It Off","Shockwave+1","Reaper"],"relics":["Burning Blood","NeowsBlessing","Orichalcum","Golden Idol","Dream Catcher","Bottled Lightning","Anchor","Odd Mushroom"],"potions_floor_usage":[11,14],"damage_taken":[{"damage":0,"enemies":"Jaw Worm","floor":1,"turns":1},{"damage":0,"enemies":"Small Slimes","floor":4,"turns":1},{"damage":0,"enemies":"Lagavulin","floor":7,"turns":1},{"damage":20,"enemies":"The Mushroom Lair","floor":11,"turns":4},{"damage":0,"enemies":"2 Louse","floor":12,"turns":3},{"damage":12,"enemies":"Exordium Thugs","floor":14,"turns":6},{"damage":81,"enemies":"The Guardian","floor":16,"turns":12}],"seed_played":"6455088734223097405","potions_obtained":[{"floor":1,"key":"Fire Potion"},{"floor":7,"key":"Poison Potion"},{"floor":14,"key":"FairyPotion"}],"is_trial":false,"path_per_floor":["M","?","T","M","?","R","E","R","T","$","?","M","$","M","R","B"],"character_chosen":"IRONCLAD","items_purchased":["Anchor","Shockwave"],"campfire_rested":0,"item_purchase_floors":[10,13],"current_hp_per_floor":[74,67,67,73,47,47,53,53,53,53,39,45,45,39,39,0],"gold":24,"neow_bonus":"THREE_ENEMY_KILL","is_prod":false,"is_daily":false,"chose_seed":false,"campfire_upgraded":3,"win_rate":0,"timestamp":1558358465,"path_taken":["M","?","?","M","?","R","E","R","T","$","?","M","?","M","R","BOSS"],"build_version":"2019-01-23","purchased_purges":0,"victory":false,"max_hp_per_floor":[75,75,75,75,75,75,75,75,75,75,75,75,75,75,75,75],"card_choices":[{"not_picked":["Second Wind","Sever Soul"],"picked":"Seeing Red","floor":1},{"not_picked":["Dropkick","True Grit"],"picked":"Evolve","floor":4},{"not_picked":["Sword Boomerang","Corruption"],"picked":"Limit Break","floor":7},{"not_picked":["Seeing Red","Sword Boomerang"],"picked":"True Grit","floor":11},{"not_picked":["Havoc","True Grit"],"picked":"Shrug It Off","floor":12},{"not_picked":["Blood for Blood","Sword Boomerang"],"picked":"Reaper","floor":14}],"player_experience":547244,"relics_obtained":[{"floor":3,"key":"Orichalcum"},{"floor":7,"key":"Dream Catcher"},{"floor":9,"key":"Bottled Lightning"},{"floor":11,"key":"Odd Mushroom"}],"event_choices":[{"cards_removed":["Strike_R"],"damage_healed":0,"gold_gain":0,"player_choice":"Card Removal","damage_taken":7,"max_hp_gain":0,"max_hp_loss":0,"event_name":"Golden Wing","floor":2,"gold_loss":0},{"damage_healed":0,"gold_gain":0,"player_choice":"Take Damage","damage_taken":26,"relics_obtained":["Golden Idol"],"max_hp_gain":0,"max_hp_loss":0,"event_name":"Golden Idol","floor":5,"gold_loss":0},{"damage_healed":0,"gold_gain":0,"player_choice":"Fought Mushrooms","damage_taken":0,"max_hp_gain":0,"max_hp_loss":0,"event_name":"Mushrooms","floor":11,"gold_loss":0}],"is_beta":false,"boss_relics":[],"items_purged_floors":[],"is_endless":false,"potions_floor_spawned":[1,7,14],"killed_by":"The Guardian","ascension_level":16}