{"path_per_floor":["M","$","?","M","?","R","M","R","T","E","R","E","?","$","R","B",null,"M","M","?","?","M"],"character_chosen":"IRONCLAD","items_purchased":["Warcry"],"gold_per_floor":[117,42,42,52,52,52,63,63,63,98,98,123,123,1,1,98,98,116,129,229,229,246],"floor_reached":23,"campfire_rested":0,"playtime":1220,"current_hp_per_floor":[80,80,77,80,64,64,69,69,69,55,55,40,40,40,40,9,80,57,32,32,32,16],"items_purged":["Strike_R","Defend_R"],"gold":246,"play_id":"c063ac32-28d1-434e-be42-59dc9f687c0a","is_prod":false,"is_daily":false,"is_ascension_mode":true,"campfire_upgraded":2,"path_taken":["M","$","?","M","?","R","M","R","T","E","R","E","?","$","R","BOSS","M","M","?","?","M","?"],"build_version":"2018-02-01-PROD3","purchased_purges":2,"victory":false,"master_deck":["Strike_R","Strike_R+1","Defend_R","Defend_R","Defend_R","Bash+1","Combust+1","Cleave+1","Pommel Strike+1","Offering+1","Disarm+1","Warcry+1","Brutality","True Grit+1","Anger+1","Whirlwind"],"max_hp_per_floor":[80,80,80,80,80,80,80,80,80,80,80,80,80,80,80,80,80,80,80,80,80,80],"relics":["Burning Blood","Centennial Puzzle","Peace Pipe","Omamori","Toxic Egg 2","Runic Pyramid"],"card_choices":[{"not_picked":["Rage","Power Through"],"picked":"Combust"},{"not_picked":["Wild Strike","Reckless Charge"],"picked":"Cleave"},{"not_picked":["Twin Strike","Clothesline"],"picked":"Pommel Strike"},{"not_picked":["Anger","Sever Soul"],"picked":"Offering"},{"not_picked":["Berserk","Wild Strike"],"picked":"Disarm"},{"not_picked":["Dark Embrace","Reaper"],"picked":"Brutality"},{"not_picked":["Evolve","Wild Strike"],"picked":"True Grit"},{"not_picked":["Clothesline","Intimidate"],"picked":"Anger"},{"not_picked":["True Grit","Iron Wave"],"picked":"Whirlwind"}],"player_experience":405306,"potions_floor_usage":[4,12,22,22],"damage_taken":[{"damage":1,"enemies":"Cultist","floor":1,"turns":3},{"damage":2,"enemies":"Jaw Worm","floor":4,"turns":2},{"damage":1,"enemies":"Small Slimes","floor":7,"turns":2},{"damage":20,"enemies":"3 Sentries","floor":10,"turns":4},{"damage":21,"enemies":"Lagavulin","floor":12,"turns":3},{"damage":37,"enemies":"The Guardian","floor":16,"turns":8},{"damage":29,"enemies":"Spheric Guardian","floor":18,"turns":4},{"damage":31,"enemies":"3 Byrds","floor":19,"turns":3},{"damage":22,"enemies":"Centurion and Healer","floor":22,"turns":3},{"damage":19,"enemies":"Snake Plant","floor":23,"turns":2}],"event_choices":[{"event_name":"Scrap Ooze","player_choice":"success","floor":3,"damage_taken":3},{"event_name":"Shining Light","player_choice":"Entered Light","floor":5,"damage_taken":0},{"event_name":"Accursed Blacksmith","player_choice":"Forge","floor":13,"damage_taken":0},{"event_name":"Golden Shrine","player_choice":"Pray","floor":20,"damage_taken":0},{"event_name":"The Lab","player_choice":"Got Potions","floor":21,"damage_taken":0}],"boss_relics":[{"not_picked":["Tiny House","Orrery"],"picked":"Runic Pyramid"}],"potions_floor_spawned":[1,7,12,16,18],"seed_played":"72305463720043252","killed_by":"Snake Plant","ascension_level":3,"is_trial":false}