{"path_per_floor":["M","?","M","M","?","R","E","R","T","?","M","$","M","E","R","B",null,"M","M","M","$","M","R","?","$","T","R","?","?","R","M","R","B",null,"M","M","$","?"],"character_chosen":"IRONCLAD","items_purchased":["Evolve","Bandage Up","Ancient Tea Set","Meat on the Bone"],"gold_per_floor":[117,188,206,222,222,222,256,256,330,330,349,274,291,324,324,422,422,433,446,462,223,242,242,242,93,93,93,143,143,143,157,157,253,253,271,282,26,26],"floor_reached":39,"campfire_rested":2,"playtime":3428,"current_hp_per_floor":[80,80,80,79,63,63,34,34,34,34,40,40,48,48,48,10,82,59,47,34,34,9,42,27,27,27,61,61,61,69,63,71,64,89,44,9,9,9],"items_purged":["Strike_R","Strike_R"],"gold":26,"play_id":"e6f5ed63-9911-4dcc-8aec-e57c5efb6d1e","is_prod":false,"is_daily":false,"campfire_rituals":0,"campfire_upgraded":5,"is_hardmode":false,"path_taken":["M","?","M","M","?","R","E","R","T","?","?","$","M","E","R","BOSS","M","?","M","$","M","R","?","$","T","R","?","?","R","M","R","BOSS","M","M","$","?","M"],"build_version":"2018-01-18-PROD4","purchased_purges":2,"victory":false,"master_deck":["Strike_R","Strike_R","Defend_R","Defend_R","Defend_R","Bash","Wild Strike","Barricade","Perfected Strike","Sever Soul","Fiend Fire","Metallicize","Pommel Strike","Impervious","Flex","Feel No Pain","Evolve","Bandage Up","Iron Wave","Metallicize","Whirlwind","Immolate","Heavy Blade"],"max_hp_per_floor":[80,80,80,80,80,80,80,80,80,80,80,80,82,82,82,82,82,82,82,84,84,84,84,89,89,89,89,89,89,89,89,89,89,89,91,91,91,91],"relics":["Burning Blood","Singing Bowl","Pantograph","Pen Nib","Eternal Feather","Ancient Tea Set","Gambling Chip","Sozu","Meat on the Bone"],"campfire_meditates":0,"card_choices":[{"not_picked":["Clothesline","Twin Strike"],"picked":"Wild Strike"},{"not_picked":["Body Slam","Intimidate"],"picked":"Barricade"},{"not_picked":["Twin Strike","Bloodletting"],"picked":"Perfected Strike"},{"not_picked":["Warcry","Juggernaut"],"picked":"Sever Soul"},{"not_picked":["Pommel Strike","Perfected Strike"],"picked":"Metallicize"},{"not_picked":["Sentinel","Exhume"],"picked":"Pommel Strike"},{"not_picked":["Bludgeon","Barricade"],"picked":"Impervious"},{"not_picked":["Sword Boomerang","Pommel Strike"],"picked":"Flex"},{"not_picked":["Intimidate","Armaments"],"picked":"Feel No Pain"},{"not_picked":["Cleave","Seeing Red"],"picked":"Iron Wave"},{"not_picked":["Dropkick","Body Slam"],"picked":"Whirlwind"},{"not_picked":["Brutality","Bludgeon"],"picked":"Immolate"},{"not_picked":["Twin Strike","Headbutt"],"picked":"Heavy Blade"}],"player_experience":76429,"potions_floor_usage":[7,14,16,18,19,33],"damage_taken":[{"damage":5,"enemies":"Cultist","floor":1,"turns":4},{"damage":6,"enemies":"Jaw Worm","floor":3,"turns":3},{"damage":7,"enemies":"Small Slimes","floor":4,"turns":4},{"damage":35,"enemies":"3 Sentries","floor":7,"turns":8},{"damage":0,"enemies":"2 Fungi Beasts","floor":11,"turns":2},{"damage":0,"enemies":"3 Louse","floor":13,"turns":3},{"damage":6,"enemies":"Gremlin Nob","floor":14,"turns":3},{"damage":69,"enemies":"Hexaghost","floor":16,"turns":11},{"damage":32,"enemies":"Shell Parasite","floor":18,"turns":6},{"damage":24,"enemies":"Spheric Guardian","floor":19,"turns":4},{"damage":21,"enemies":"Centurion and Healer","floor":20,"turns":9},{"damage":35,"enemies":"Chosen and Byrds","floor":22,"turns":11},{"damage":16,"enemies":"Snake Plant","floor":31,"turns":3},{"damage":31,"enemies":"Collector","floor":33,"turns":13},{"damage":57,"enemies":"3 Shapes","floor":35,"turns":4},{"damage":45,"enemies":"3 Darklings","floor":36,"turns":7},{"damage":16,"enemies":"Sphere and 2 Shapes","floor":39,"turns":2}],"event_choices":[{"event_name":"Golden Wing","player_choice":"Gained Gold","floor":2,"damage_taken":0},{"event_name":"Shining Light","player_choice":"Entered Light","floor":5,"damage_taken":0},{"event_name":"Transmorgrifier","player_choice":"Transform","floor":10,"damage_taken":0},{"event_name":"Forgotten Altar","player_choice":"Shed Blood","floor":24,"damage_taken":0},{"event_name":"The Joust","player_choice":"Bet on Murderer","floor":28,"damage_taken":0},{"event_name":"Match and Keep!","player_choice":"1 cards matched","floor":29,"damage_taken":0}],"boss_relics":[{"not_picked":["Velvet Choker","Runic Dome"],"picked":"Eternal Feather"},{"not_picked":["Lizard Tail","Tiny House"],"picked":"Sozu"}],"potions_floor_spawned":[3,7,11,16,18,22,31,33,36],"seed_played":"-7539216746118756341","killed_by":"Sphere and 2 Shapes","is_trial":false}