{"gold_per_floor":[110,122,135,15,30,58,58,58,58,58,77,77,93,127,127,229,229,247,96,96,42,60,87,87,122,176,187,187],"floor_reached":28,"playtime":965,"items_purged":["Strike_B"],"score":308,"play_id":"24b4bb56-6036-433b-8405-f9a1b5daa562","local_time":"20190419192251","is_ascension_mode":true,"campfire_choices":[{"data":"Redo","floor":7,"key":"SMITH"},{"data":"Zap","floor":10,"key":"SMITH"},{"floor":12,"key":"REST"},{"data":"Hologram","floor":15,"key":"SMITH"},{"floor":24,"key":"REST"}],"neow_cost":"NONE","seed_source_timestamp":2271593094782390,"circlet_count":0,"master_deck":["Strike_B","Strike_B","Defend_B","Defend_B","Defend_B","Defend_B","Zap+1","Dualcast","Doom and Gloom","Hologram+1","Capacitor","Redo+1","Streamline","Ball Lightning","Biased Cognition","Defragment","Buffer","Coolheaded","Melter+1","Defragment","Streamline+1"],"relics":["Cracked Core","Mercury Hourglass","Dodecahedron","Omamori","Cursed Key","Happy Flower","PreservedInsect","Oddly Smooth Stone"],"potions_floor_usage":[16,23,23,28],"damage_taken":[{"damage":0,"enemies":"Small Slimes","floor":1,"turns":3},{"damage":1,"enemies":"Cultist","floor":2,"turns":3},{"damage":0,"enemies":"2 Louse","floor":3,"turns":2},{"damage":25,"enemies":"Lots of Slimes","floor":5,"turns":3},{"damage":37,"enemies":"Lagavulin","floor":6,"turns":8},{"damage":9,"enemies":"Exordium Thugs","floor":11,"turns":3},{"damage":0,"enemies":"3 Louse","floor":13,"turns":1},{"damage":8,"enemies":"Gremlin Nob","floor":14,"turns":3},{"damage":20,"enemies":"Hexaghost","floor":16,"turns":7},{"damage":18,"enemies":"Shell Parasite","floor":18,"turns":3},{"damage":20,"enemies":"2 Thieves","floor":22,"turns":4},{"damage":42,"enemies":"Slavers","floor":23,"turns":5},{"damage":20,"enemies":"Gremlin Leader","floor":25,"turns":4},{"damage":5,"enemies":"Centurion and Healer","floor":27,"turns":7},{"damage":4,"enemies":"Snake Plant","floor":28,"turns":2}],"seed_played":"1675261614707339211","potions_obtained":[{"floor":1,"key":"Fire Potion"},{"floor":3,"key":"FocusPotion"},{"floor":5,"key":"Ancient Potion"},{"floor":6,"key":"LiquidBronze"},{"floor":18,"key":"Poison Potion"},{"floor":23,"key":"SneckoOil"},{"floor":25,"key":"GamblersBrew"}],"is_trial":false,"path_per_floor":["M","M","M","$","M","E","R","?","T","R","M","R","M","E","R","B",null,"M","$","?","$","M","E","R","E","T","M","M"],"character_chosen":"DEFECT","items_purchased":["Redo","Happy Flower","Coolheaded"],"campfire_rested":2,"item_purchase_floors":[4,19,21],"current_hp_per_floor":[82,81,81,81,56,19,19,19,19,19,10,34,34,26,26,6,82,64,64,64,64,44,2,26,6,6,1,0],"gold":187,"neow_bonus":"TEN_PERCENT_HP_BONUS","is_prod":false,"is_daily":false,"chose_seed":false,"campfire_upgraded":3,"win_rate":0,"timestamp":1555694571,"path_taken":["M","M","M","$","M","E","R","?","T","R","M","R","M","E","R","BOSS","M","$","?","$","?","E","R","E","T","M","M"],"build_version":"2019-04-04","purchased_purges":1,"victory":false,"max_hp_per_floor":[82,82,82,82,82,82,82,82,82,82,82,82,82,82,82,82,82,82,82,82,82,82,82,82,82,82,82,82],"card_choices":[{"not_picked":["Go for the Eyes","Redo"],"picked":"Doom and Gloom","floor":1},{"not_picked":["Steam","Barrage"],"picked":"Hologram","floor":2},{"not_picked":["Defragment","Undo"],"picked":"Capacitor","floor":3},{"not_picked":["White Noise","Consume"],"picked":"Streamline","floor":5},{"not_picked":["Cold Snap","Gash"],"picked":"Ball Lightning","floor":6},{"not_picked":["Hello World","Turbo"],"picked":"Biased Cognition","floor":11},{"not_picked":["Force Field","Conserve Battery","Rebound"],"picked":"SKIP","floor":13},{"not_picked":["Recycle","Steam"],"picked":"Defragment","floor":14},{"not_picked":["Reboot","Biased Cognition"],"picked":"Buffer","floor":16},{"not_picked":["Go for the Eyes","Compile Driver","Streamline"],"picked":"SKIP","floor":18},{"not_picked":["Lockon","Blizzard","Fusion"],"picked":"SKIP","floor":22},{"not_picked":["Creative AI","Blizzard"],"picked":"Melter+1","floor":23},{"not_picked":["Steam","Reboot"],"picked":"Defragment","floor":25},{"not_picked":["Compile Driver","Rebound"],"picked":"Streamline+1","floor":27}],"player_experience":1134141,"relics_obtained":[{"floor":6,"key":"Mercury Hourglass"},{"floor":9,"key":"Dodecahedron"},{"floor":14,"key":"Omamori"},{"floor":23,"key":"PreservedInsect"},{"floor":26,"key":"Oddly Smooth Stone"}],"event_choices":[{"damage_healed":0,"gold_gain":0,"player_choice":"Bought 0 Potions","damage_taken":0,"max_hp_gain":0,"max_hp_loss":0,"event_name":"The Woman in Blue","floor":8,"gold_loss":0},{"cards_removed":["Strike_B"],"damage_healed":0,"gold_gain":0,"player_choice":"Card Removal","damage_taken":0,"max_hp_gain":0,"max_hp_loss":0,"event_name":"Wheel of Change","floor":20,"gold_loss":0}],"is_beta":true,"boss_relics":[{"not_picked":["Lizard Tail","Snecko Eye"],"picked":"Cursed Key"}],"items_purged_floors":[4],"is_endless":false,"potions_floor_spawned":[1,3,5,6,13,18,23,25],"killed_by":"Snake Plant","ascension_level":3}