{"gold_per_floor":[115,129,129,195,218,218,249,249,276,297,321,345,378,401,401,491,491,514,225,250,250,264,264,264],"floor_reached":24,"playtime":939,"items_purged":[],"score":368,"play_id":"47fd2b5e-7f4b-4f54-93e8-6687cf9c60ba","local_time":"20190501160620","is_ascension_mode":true,"campfire_choices":[{"data":"Bash","floor":6,"key":"SMITH"},{"floor":8,"key":"REST"},{"floor":15,"key":"REST"},{"floor":23,"key":"REST"}],"neow_cost":"NONE","seed_source_timestamp":870491060906713,"circlet_count":0,"master_deck":["AscendersBane","Strike_R","Strike_R","Strike_R","Strike_R","Strike_R","Defend_R","Defend_R","Defend_R","Defend_R","Bash+1","Clothesline","Spot Weakness","Iron Wave","Headbutt","Offering","Pummel","Offering","Cleave","Reaper","Shrug It Off","Metallicize","Anger+1"],"relics":["Black Blood","Strawberry","Golden Idol","Boot","Anchor","Orichalcum","Paper Frog"],"potions_floor_usage":[7,7,13,16],"damage_taken":[{"damage":6,"enemies":"Small Slimes","floor":1,"turns":5},{"damage":7,"enemies":"2 Louse","floor":2,"turns":3},{"damage":3,"enemies":"Cultist","floor":5,"turns":4},{"damage":35,"enemies":"3 Sentries","floor":7,"turns":7},{"damage":1,"enemies":"3 Louse","floor":10,"turns":4},{"damage":22,"enemies":"Exordium Thugs","floor":11,"turns":5},{"damage":7,"enemies":"Looter","floor":12,"turns":2},{"damage":17,"enemies":"Gremlin Nob","floor":13,"turns":4},{"damage":6,"enemies":"Blue Slaver","floor":14,"turns":2},{"damage":27,"enemies":"Hexaghost","floor":16,"turns":6},{"damage":16,"enemies":"Shell Parasite","floor":18,"turns":3},{"damage":25,"enemies":"2 Thieves","floor":20,"turns":4},{"damage":54,"enemies":"Snecko","floor":22,"turns":7},{"damage":64,"enemies":"Gremlin Leader","floor":24,"turns":5}],"seed_played":"-84798865013087061","potions_obtained":[{"floor":1,"key":"Strength Potion"},{"floor":2,"key":"Weak Potion"},{"floor":10,"key":"Block Potion"},{"floor":13,"key":"AttackPotion"},{"floor":16,"key":"LiquidBronze"}],"is_trial":false,"path_per_floor":["M","M","?","?","M","R","E","R","T","M","M","M","E","M","R","B",null,"M","$","M","?","M","R","E"],"character_chosen":"IRONCLAD","items_purchased":["Paper Frog","Metallicize"],"campfire_rested":3,"item_purchase_floors":[19,19],"current_hp_per_floor":[75,74,46,46,49,49,20,44,44,49,33,32,21,21,45,24,68,69,69,66,66,29,53,0],"gold":264,"neow_bonus":"RANDOM_COMMON_RELIC","is_prod":false,"is_daily":false,"chose_seed":false,"campfire_upgraded":1,"win_rate":0,"timestamp":1556719580,"path_taken":["M","M","?","?","M","R","E","R","T","M","M","M","E","M","R","BOSS","M","$","M","?","M","R","E"],"build_version":"2019-04-23","purchased_purges":0,"victory":false,"max_hp_per_floor":[82,82,82,82,82,82,82,82,82,82,82,82,82,82,82,82,82,82,82,82,82,82,82,82],"card_choices":[{"not_picked":["Pummel","Warcry","Rage"],"picked":"SKIP","floor":1},{"not_picked":["Feel No Pain","Entrench"],"picked":"Clothesline","floor":2},{"not_picked":["Infernal Blade","Pommel Strike"],"picked":"Spot Weakness","floor":5},{"not_picked":["True Grit","Searing Blow"],"picked":"Iron Wave","floor":7},{"not_picked":["Iron Wave","Havoc"],"picked":"Headbutt","floor":10},{"not_picked":["Rage","Iron Wave"],"picked":"Offering","floor":11},{"not_picked":["Clothesline","Body Slam"],"picked":"Pummel","floor":12},{"not_picked":["Carnage","Clash"],"picked":"Offering","floor":13},{"not_picked":["Rampage","Clash","Cleave"],"picked":"SKIP","floor":14},{"not_picked":["Rampage","Clash"],"picked":"Cleave","floor":14},{"not_picked":["Bludgeon","Offering"],"picked":"Reaper","floor":16},{"not_picked":["Perfected Strike","Clothesline"],"picked":"Shrug It Off","floor":18},{"not_picked":["Evolve","Shrug It Off"],"picked":"Anger+1","floor":20},{"not_picked":["Searing Blow+1","Thunderclap","True Grit"],"picked":"SKIP","floor":22}],"player_experience":1398833,"relics_obtained":[{"floor":7,"key":"Boot"},{"floor":9,"key":"Anchor"},{"floor":13,"key":"Orichalcum"}],"event_choices":[{"damage_healed":0,"gold_gain":0,"player_choice":"Take Damage","damage_taken":28,"relics_obtained":["Golden Idol"],"max_hp_gain":0,"max_hp_loss":0,"event_name":"Golden Idol","floor":3,"gold_loss":0},{"damage_healed":0,"gold_gain":66,"player_choice":"Gained Gold","damage_taken":0,"max_hp_gain":0,"max_hp_loss":0,"event_name":"Golden Wing","floor":4,"gold_loss":0},{"damage_healed":0,"gold_gain":0,"player_choice":"Ignored","damage_taken":0,"max_hp_gain":0,"max_hp_loss":0,"event_name":"N\u0027loth","floor":21,"gold_loss":0}],"is_beta":true,"boss_relics":[{"not_picked":["Astrolabe","Busted Crown"],"picked":"Black Blood"}],"items_purged_floors":[],"is_endless":false,"potions_floor_spawned":[1,2,5,10,13,16],"killed_by":"Gremlin Leader","ascension_level":15}