{"gold_per_floor":[109,184,184,202,202,235,249,249,274,274,286,297,11,27,27,27],"floor_reached":16,"playtime":400,"items_purged":[],"score":241,"play_id":"09eb0808-a26b-433c-a38f-5d49219954d1","local_time":"20190507184052","is_ascension_mode":true,"campfire_choices":[{"floor":8,"key":"REST"},{"floor":10,"key":"REST"},{"data":"Footwork","floor":15,"key":"SMITH"}],"neow_cost":"NONE","seed_source_timestamp":1398701310882094,"circlet_count":0,"master_deck":["AscendersBane","Defend_G","Defend_G","Defend_G","Defend_G+1","Defend_G","Strike_G","Strike_G","Strike_G","Strike_G","Survivor","Neutralize","Poisoned Stab","Heel Hook","Prepared","Crippling Poison+1","Blade Dance","Sucker Punch","Footwork+1","Underhanded Strike","Deadly Poison"],"relics":["Ring of the Snake","NeowsBlessing","Boot","Anchor","War Paint","PreservedInsect"],"potions_floor_usage":[16],"damage_taken":[{"damage":0,"enemies":"Jaw Worm","floor":1,"turns":1},{"damage":0,"enemies":"2 Louse","floor":4,"turns":1},{"damage":0,"enemies":"Gremlin Nob","floor":6,"turns":1},{"damage":0,"enemies":"Small Slimes","floor":7,"turns":3},{"damage":15,"enemies":"Exordium Thugs","floor":11,"turns":5},{"damage":12,"enemies":"2 Fungi Beasts","floor":12,"turns":3},{"damage":1,"enemies":"Large Slime","floor":14,"turns":6},{"damage":17,"enemies":"Hexaghost","floor":16,"turns":9}],"seed_played":"4246042157672891399","potions_obtained":[{"floor":4,"key":"GamblersBrew"},{"floor":11,"key":"Swift Potion"}],"is_trial":false,"path_per_floor":["M","?","?","M","?","E","M","R","T","R","M","M","$","M","R","B"],"character_chosen":"THE_SILENT","items_purchased":["PreservedInsect","Footwork","Underhanded Strike"],"campfire_rested":2,"item_purchase_floors":[13,13,13],"current_hp_per_floor":[59,48,13,13,6,6,6,25,25,44,29,17,17,16,16,0],"gold":27,"neow_bonus":"THREE_ENEMY_KILL","is_prod":false,"is_daily":false,"chose_seed":false,"campfire_upgraded":1,"win_rate":0,"timestamp":1557247252,"path_taken":["M","?","?","M","?","E","M","R","T","R","M","?","$","M","R","BOSS"],"build_version":"2019-04-23","purchased_purges":0,"victory":false,"max_hp_per_floor":[66,66,66,66,66,66,66,66,66,66,66,66,66,66,66,66],"card_choices":[{"not_picked":["Slice","Eviscerate"],"picked":"Poisoned Stab","floor":1},{"not_picked":["Underhanded Strike","Finisher"],"picked":"Heel Hook","floor":4},{"not_picked":["Underhanded Strike","Finisher"],"picked":"Prepared","floor":6},{"not_picked":["Dagger Throw","Slice"],"picked":"Crippling Poison","floor":7},{"not_picked":["A Thousand Cuts","Bane"],"picked":"Blade Dance","floor":11},{"not_picked":["Outmaneuver","Underhanded Strike"],"picked":"Sucker Punch","floor":12},{"not_picked":["Flechettes","Poisoned Stab"],"picked":"Deadly Poison","floor":14}],"player_experience":1572925,"relics_obtained":[{"floor":6,"key":"Anchor"},{"floor":9,"key":"War Paint"}],"event_choices":[{"damage_healed":0,"gold_gain":75,"player_choice":"Gather Gold","damage_taken":11,"max_hp_gain":0,"max_hp_loss":0,"event_name":"World of Goop","floor":2,"gold_loss":0},{"damage_healed":0,"gold_gain":0,"player_choice":"Success","damage_taken":35,"relics_obtained":["Boot"],"max_hp_gain":0,"max_hp_loss":0,"event_name":"Scrap Ooze","floor":3,"gold_loss":0},{"cards_removed":["Strike_G"],"damage_healed":0,"gold_gain":0,"player_choice":"Card Removal","damage_taken":7,"max_hp_gain":0,"max_hp_loss":0,"event_name":"Golden Wing","floor":5,"gold_loss":0}],"is_beta":true,"boss_relics":[],"items_purged_floors":[],"is_endless":false,"potions_floor_spawned":[4,11,14],"killed_by":"Hexaghost","ascension_level":18}