{"gold_per_floor":[119,119,0,0,0,0,0,28,28,41,41,96,96,113,113,113],"floor_reached":16,"playtime":348,"items_purged":[],"score":255,"play_id":"9582bccb-a6e7-46a9-8a07-cc2597c32d8a","local_time":"20190510194207","is_ascension_mode":true,"campfire_choices":[{"data":"Inflame","floor":6,"key":"SMITH"},{"data":"Bash","floor":11,"key":"SMITH"},{"data":"Uppercut","floor":13,"key":"SMITH"},{"data":"Heavy Blade","floor":15,"key":"SMITH"}],"neow_cost":"NONE","seed_source_timestamp":1661629161237020,"circlet_count":0,"master_deck":["AscendersBane","Strike_R+1","Strike_R","Strike_R+1","Strike_R","Defend_R","Defend_R","Defend_R","Defend_R","Bash+1","Shockwave","Inflame+1","Flame Barrier","Heavy Blade+1","Uppercut+1"],"relics":["Burning Blood","NeowsBlessing","PreservedInsect","Smiling Mask","Tiny Chest"],"potions_floor_usage":[16],"damage_taken":[{"damage":0,"enemies":"2 Louse","floor":1,"turns":2},{"damage":0,"enemies":"3 Sentries","floor":8,"turns":2},{"damage":0,"enemies":"Jaw Worm","floor":10,"turns":1},{"damage":28,"enemies":"Lagavulin","floor":12,"turns":5},{"damage":1,"enemies":"Cultist","floor":14,"turns":3},{"damage":40,"enemies":"The Guardian","floor":16,"turns":14}],"seed_played":"-4148323675297038206","potions_obtained":[{"floor":1,"key":"Fire Potion"},{"floor":12,"key":"Weak Potion"}],"is_trial":false,"path_per_floor":["M","?","$","?","$","R","$","E","T","M","R","E","R","M","R","B"],"character_chosen":"IRONCLAD","items_purchased":["Inflame","Flame Barrier"],"campfire_rested":0,"item_purchase_floors":[3,3],"current_hp_per_floor":[74,51,51,44,44,44,44,50,50,56,56,34,34,39,39,0],"gold":113,"neow_bonus":"THREE_ENEMY_KILL","is_prod":false,"is_daily":false,"chose_seed":false,"campfire_upgraded":4,"win_rate":0,"timestamp":1557510127,"path_taken":["M","?","$","?","$","R","$","E","T","M","R","E","R","M","R","BOSS"],"build_version":"2019-05-07","purchased_purges":0,"victory":false,"max_hp_per_floor":[75,75,75,75,75,75,75,75,75,75,75,75,75,75,75,75],"card_choices":[{"not_picked":["Heavy Blade","Dual Wield"],"picked":"Shockwave","floor":1},{"not_picked":["Fiend Fire","Shrug It Off"],"picked":"Heavy Blade","floor":8},{"not_picked":["Burning Pact","Flex","Clash"],"picked":"SKIP","floor":10},{"not_picked":["Sever Soul","Wild Strike"],"picked":"Uppercut","floor":12},{"not_picked":["Sever Soul","Dual Wield","Headbutt"],"picked":"SKIP","floor":14}],"player_experience":1721667,"relics_obtained":[{"floor":8,"key":"PreservedInsect"},{"floor":9,"key":"Smiling Mask"},{"floor":12,"key":"Tiny Chest"}],"event_choices":[{"damage_healed":0,"gold_gain":0,"player_choice":"Entered Light","damage_taken":23,"max_hp_gain":0,"max_hp_loss":0,"event_name":"Shining Light","floor":2,"gold_loss":0,"cards_upgraded":["Strike_R","Strike_R"]},{"cards_removed":["Strike_R"],"damage_healed":0,"gold_gain":0,"player_choice":"Card Removal","damage_taken":7,"max_hp_gain":0,"max_hp_loss":0,"event_name":"Golden Wing","floor":4,"gold_loss":0}],"is_beta":true,"boss_relics":[],"items_purged_floors":[],"is_endless":false,"potions_floor_spawned":[1,12],"killed_by":"The Guardian","ascension_level":19}