{"gold_per_floor":[119,119,130,130,130,160,180,180],"floor_reached":8,"playtime":184,"items_purged":[],"score":150,"play_id":"1d5d49cc-4707-4796-b6fe-896de5b0c2d4","local_time":"20190506125620","is_ascension_mode":true,"campfire_choices":[],"neow_cost":"NONE","seed_source_timestamp":1291846232199691,"circlet_count":0,"master_deck":["AscendersBane","Strike_B","Strike_B","Strike_B","Strike_B","Defend_B","Defend_B","Defend_B+1","Defend_B","Zap+1","Dualcast","Steam","Pain","White Noise","Defragment","Conserve Battery"],"relics":["Cracked Core","NeowsBlessing","WarpedTongs","Ornamental Fan","Anchor","Odd Mushroom"],"potions_floor_usage":[8,8],"damage_taken":[{"damage":0,"enemies":"Cultist","floor":1,"turns":1},{"damage":0,"enemies":"Small Slimes","floor":3,"turns":1},{"damage":0,"enemies":"Gremlin Nob","floor":6,"turns":1},{"damage":26,"enemies":"The Mushroom Lair","floor":7,"turns":4},{"damage":23,"enemies":"Lagavulin","floor":8,"turns":7}],"seed_played":"-7428964797367819170","potions_obtained":[{"floor":1,"key":"Dexterity Potion"},{"floor":7,"key":"SneckoOil"}],"is_trial":false,"path_per_floor":["M","?","M","T","?","E","?","E"],"character_chosen":"DEFECT","items_purchased":[],"campfire_rested":0,"item_purchase_floors":[],"current_hp_per_floor":[64,64,64,64,43,43,17,0],"gold":180,"neow_bonus":"THREE_ENEMY_KILL","is_prod":false,"is_daily":false,"chose_seed":false,"campfire_upgraded":0,"win_rate":0,"timestamp":1557140180,"path_taken":["M","?","?","?","?","E","?","E"],"build_version":"2019-04-23","purchased_purges":0,"victory":false,"max_hp_per_floor":[71,71,71,71,71,71,71,71],"card_choices":[{"not_picked":["Melter","Turbo"],"picked":"Steam","floor":1},{"not_picked":["Scrape","Static Discharge"],"picked":"White Noise","floor":3},{"not_picked":["Hologram","Reinforced Body"],"picked":"Defragment","floor":6},{"not_picked":["Melter","Go for the Eyes"],"picked":"Conserve Battery","floor":7}],"player_experience":1539152,"relics_obtained":[{"floor":4,"key":"Ornamental Fan"},{"floor":6,"key":"Anchor"},{"floor":7,"key":"Odd Mushroom"}],"event_choices":[{"damage_healed":0,"gold_gain":0,"player_choice":"Rummage","damage_taken":0,"relics_obtained":["WarpedTongs"],"max_hp_gain":0,"max_hp_loss":0,"event_name":"Accursed Blacksmith","floor":2,"gold_loss":0,"cards_obtained":["Pain"]},{"damage_healed":0,"gold_gain":0,"player_choice":"Entered Light","damage_taken":21,"max_hp_gain":0,"max_hp_loss":0,"event_name":"Shining Light","floor":5,"gold_loss":0,"cards_upgraded":["Defend_B","Zap"]},{"damage_healed":0,"gold_gain":0,"player_choice":"Fought Mushrooms","damage_taken":0,"max_hp_gain":0,"max_hp_loss":0,"event_name":"Mushrooms","floor":7,"gold_loss":0}],"is_beta":true,"boss_relics":[],"items_purged_floors":[],"is_endless":false,"potions_floor_spawned":[1,7],"killed_by":"Lagavulin","ascension_level":18}