{"gold_per_floor":[110,110,29,29,29,29,29,29,29,42,57,68,68,78,78,152,152,170,170],"floor_reached":19,"playtime":1382,"items_purged":[],"score":275,"play_id":"bd2811fd-7dff-4ffe-9d72-776ed4409682","local_time":"20190121161107","is_ascension_mode":true,"campfire_choices":[{"data":"Discovery","floor":6,"key":"SMITH"},{"data":"Bash","floor":8,"key":"SMITH"},{"floor":15,"key":"REST"}],"neow_cost":"PERCENT_DAMAGE","seed_source_timestamp":38078126085900,"circlet_count":0,"master_deck":["AscendersBane","Strike_R","Strike_R","Strike_R","Strike_R","Defend_R","Defend_R","Defend_R","Defend_R","Bash+1","Flash of Steel","Good Instincts","Seeing Red","Discovery+1","Rupture","Shockwave","Shrug It Off","Regret","Cleave","Barricade","Inflame"],"relics":["Burning Blood","Ice Cream","Blood Vial","White Beast Statue"],"potions_floor_usage":[16,16],"damage_taken":[{"damage":4,"enemies":"2 Louse","floor":1,"turns":3},{"damage":4,"enemies":"Jaw Worm","floor":10,"turns":3},{"damage":1,"enemies":"Small Slimes","floor":11,"turns":4},{"damage":7,"enemies":"2 Fungi Beasts","floor":12,"turns":4},{"damage":30,"enemies":"Gremlin Gang","floor":14,"turns":5},{"damage":29,"enemies":"The Guardian","floor":16,"turns":10},{"damage":63,"enemies":"Spheric Guardian","floor":18,"turns":8},{"damage":14,"enemies":"3 Byrds","floor":19,"turns":3}],"seed_played":"451837797725313429","potions_obtained":[{"floor":1,"key":"Regen Potion"},{"floor":11,"key":"AttackPotion"},{"floor":18,"key":"SpeedPotion"}],"is_trial":false,"path_per_floor":["M","?","$","?","$","R","?","R","T","M","M","M","?","M","R","B",null,"M","M"],"character_chosen":"IRONCLAD","items_purchased":["Discovery"],"campfire_rested":1,"item_purchase_floors":[3],"current_hp_per_floor":[52,45,45,45,45,45,45,45,45,47,52,51,51,29,51,44,67,12,0],"gold":170,"neow_bonus":"RANDOM_COLORLESS_2","is_prod":false,"is_daily":false,"chose_seed":false,"campfire_upgraded":2,"win_rate":0,"timestamp":1548105067,"path_taken":["M","?","$","?","$","R","?","R","T","M","M","M","?","M","R","BOSS","M","M"],"build_version":"2019-01-17v2","purchased_purges":0,"victory":false,"max_hp_per_floor":[75,75,75,75,75,75,75,75,75,75,75,75,75,75,75,75,75,75,75],"card_choices":[{"not_picked":["Clash","Thunderclap"],"picked":"Seeing Red","floor":1},{"not_picked":["Flex","Body Slam"],"picked":"Rupture","floor":10},{"not_picked":["Sword Boomerang","Warcry"],"picked":"Shockwave","floor":11},{"not_picked":["Twin Strike","Havoc"],"picked":"Shrug It Off","floor":12},{"not_picked":["Shrug It Off","Perfected Strike"],"picked":"Cleave","floor":14},{"not_picked":["Exhume","Reaper"],"picked":"Barricade","floor":16},{"not_picked":["Disarm","Headbutt"],"picked":"Inflame","floor":18}],"player_experience":1831669,"relics_obtained":[{"floor":9,"key":"Ice Cream"}],"event_choices":[{"cards_removed":["Strike_R"],"damage_healed":0,"gold_gain":0,"player_choice":"Card Removal","damage_taken":7,"max_hp_gain":0,"max_hp_loss":0,"event_name":"Golden Wing","floor":2,"gold_loss":0},{"damage_healed":0,"gold_gain":0,"player_choice":"Ignored","damage_taken":0,"max_hp_gain":0,"max_hp_loss":0,"event_name":"Golden Idol","floor":4,"gold_loss":0},{"damage_healed":0,"gold_gain":0,"player_choice":"Searched \u00271\u0027 times","damage_taken":0,"max_hp_gain":0,"max_hp_loss":0,"event_name":"Dead Adventurer","floor":7,"gold_loss":0},{"damage_healed":0,"gold_gain":0,"player_choice":"Box","damage_taken":0,"relics_obtained":["Blood Vial"],"max_hp_gain":0,"max_hp_loss":0,"event_name":"Big Fish","floor":13,"gold_loss":0,"cards_obtained":["Regret"]}],"is_beta":false,"boss_relics":[{"not_picked":["Runic Pyramid","Lizard Tail"],"picked":"White Beast Statue"}],"items_purged_floors":[],"is_endless":false,"potions_floor_spawned":[1,11,18],"killed_by":"3 Byrds","ascension_level":15}