{"gold_per_floor":[367,385,147,161,179,179,204,204,231,259,131,147,147,178,178,251,251,264,264,279,102,119,119,154,154,178,205,205,205,225,237,237,311,311,321,321,321],"floor_reached":37,"playtime":2158,"items_purged":["Regret","Strike_R","Writhe"],"score":834,"play_id":"c90b432b-5f4a-485b-92ae-a733dd91076b","local_time":"20190517181004","is_ascension_mode":true,"campfire_choices":[{"data":"Carnage","floor":6,"key":"SMITH"},{"data":"Whirlwind","floor":8,"key":"SMITH"},{"data":"Bash","floor":13,"key":"SMITH"},{"data":"Spot Weakness","floor":15,"key":"SMITH"},{"data":"True Grit","floor":23,"key":"SMITH"},{"data":"Seeing Red","floor":25,"key":"SMITH"},{"data":"Clothesline","floor":29,"key":"SMITH"},{"data":"Metallicize","floor":32,"key":"SMITH"}],"neow_cost":"CURSE","seed_source_timestamp":2259094014189392,"circlet_count":0,"master_deck":["AscendersBane","Strike_R","Strike_R","Strike_R","Strike_R","Defend_R","Defend_R","Defend_R","Defend_R","Bash+1","Carnage+1","Headbutt","Metallicize+1","Whirlwind+1","Pommel Strike","Clothesline+1","Spot Weakness+1","Seeing Red+1","True Grit+1","Anger","Thunderclap","True Grit+1","Cleave","Ghostly Armor+1","Disarm+1","Ghostly+1","Ghostly+1","Ghostly+1","Exhume+1","Demon Form","Disarm+1","Bandage Up+1"],"relics":["Burning Blood","Art of War","Dream Catcher","Odd Mushroom","Happy Flower","Philosopher\u0027s Stone","Red Skull","Blue Candle","Strawberry","Toxic Egg 2","Sozu"],"potions_floor_usage":[14,22,24,24,37],"damage_taken":[{"damage":9,"enemies":"Cultist","floor":1,"turns":4},{"damage":5,"enemies":"2 Louse","floor":2,"turns":3},{"damage":0,"enemies":"Jaw Worm","floor":4,"turns":3},{"damage":11,"enemies":"2 Fungi Beasts","floor":5,"turns":3},{"damage":26,"enemies":"Gremlin Nob","floor":7,"turns":4},{"damage":15,"enemies":"The Mushroom Lair","floor":10,"turns":3},{"damage":10,"enemies":"Blue Slaver","floor":12,"turns":4},{"damage":17,"enemies":"3 Sentries","floor":14,"turns":6},{"damage":30,"enemies":"Slime Boss","floor":16,"turns":8},{"damage":16,"enemies":"Chosen","floor":18,"turns":4},{"damage":0,"enemies":"3 Byrds","floor":20,"turns":4},{"damage":10,"enemies":"Cultist and Chosen","floor":22,"turns":3},{"damage":15,"enemies":"Book of Stabbing","floor":24,"turns":4},{"damage":28,"enemies":"Gremlin Leader","floor":27,"turns":4},{"damage":8,"enemies":"Centurion and Healer","floor":30,"turns":6},{"damage":3,"enemies":"Snake Plant","floor":31,"turns":5},{"damage":26,"enemies":"Champ","floor":33,"turns":16},{"damage":16,"enemies":"Orb Walker","floor":35,"turns":4},{"damage":35,"enemies":"2 Orb Walkers","floor":37,"turns":2}],"seed_played":"-4775282043959009574","potions_obtained":[{"floor":2,"key":"GamblersBrew"},{"floor":4,"key":"SpeedPotion"},{"floor":10,"key":"Regen Potion"},{"floor":20,"key":"EntropicBrew"},{"floor":31,"key":"Explosive Potion"}],"is_trial":false,"path_per_floor":["M","M","$","M","M","R","E","R","T","?","$","M","R","E","R","B",null,"M","?","M","$","M","R","E","R","T","E","?","R","M","M","R","B",null,"M","?","?"],"character_chosen":"IRONCLAD","items_purchased":["Metallicize","Whirlwind","True Grit","Cleave"],"campfire_rested":0,"item_purchase_floors":[3,3,11,21],"current_hp_per_floor":[65,66,66,72,67,67,47,47,47,38,38,34,34,38,38,14,60,50,50,56,56,52,52,43,43,50,28,28,28,26,29,29,9,33,23,23,0],"gold":321,"neow_bonus":"TWO_FIFTY_GOLD","is_prod":false,"is_daily":false,"chose_seed":false,"campfire_upgraded":8,"win_rate":0,"timestamp":1558109404,"path_taken":["M","M","$","?","M","R","E","R","T","?","?","M","R","E","R","BOSS","M","?","M","$","M","R","E","R","T","E","?","R","M","M","R","BOSS","M","?","?"],"build_version":"2019-05-07","purchased_purges":3,"victory":false,"max_hp_per_floor":[75,75,75,75,75,75,75,75,75,75,75,75,75,75,75,75,75,75,75,75,75,75,75,75,75,82,82,41,41,41,41,41,41,41,41,41,41],"card_choices":[{"not_picked":["Entrench","Intimidate"],"picked":"Carnage","floor":1},{"not_picked":["Infernal Blade","Combust"],"picked":"Headbutt","floor":2},{"not_picked":["Searing Blow","Dual Wield"],"picked":"Pommel Strike","floor":4},{"not_picked":["Blood for Blood","Rampage"],"picked":"Clothesline","floor":5},{"not_picked":["Heavy Blade","Clothesline"],"picked":"Spot Weakness","floor":7},{"not_picked":["Clash","Whirlwind"],"picked":"Seeing Red","floor":10},{"not_picked":["Twin Strike","Juggernaut","Carnage"],"picked":"SKIP","floor":12},{"not_picked":["Body Slam","Flex"],"picked":"Anger","floor":14},{"not_picked":["Rage","Twin Strike"],"picked":"Thunderclap","floor":18},{"not_picked":["Perfected Strike","Armaments"],"picked":"True Grit+1","floor":20},{"not_picked":["Cleave","Pommel Strike","Entrench"],"picked":"SKIP","floor":22},{"not_picked":["Burning Pact","Iron Wave"],"picked":"Ghostly Armor+1","floor":24},{"not_picked":["Headbutt","Corruption"],"picked":"Disarm","floor":27},{"not_picked":["Burning Pact+1","Dual Wield+1","Flex+1"],"picked":"SKIP","floor":30},{"not_picked":["Cleave","Pommel Strike"],"picked":"Exhume+1","floor":31},{"not_picked":["Bludgeon","Feed"],"picked":"Demon Form","floor":33},{"not_picked":["Twin Strike","Flex+1"],"picked":"Disarm+1","floor":35},{"not_picked":["Jack Of All Trades+1","Deep Breath+1"],"picked":"Bandage Up+1","floor":36}],"player_experience":2008680,"relics_obtained":[{"floor":7,"key":"Art of War"},{"floor":9,"key":"Dream Catcher"},{"floor":10,"key":"Odd Mushroom"},{"floor":14,"key":"Happy Flower"},{"floor":24,"key":"Blue Candle"},{"floor":26,"key":"Strawberry"},{"floor":27,"key":"Toxic Egg 2"}],"event_choices":[{"damage_healed":0,"gold_gain":0,"player_choice":"Fought Mushrooms","damage_taken":0,"max_hp_gain":0,"max_hp_loss":0,"event_name":"Mushrooms","floor":10,"gold_loss":0},{"damage_healed":0,"gold_gain":0,"player_choice":"Opened","damage_taken":0,"relics_obtained":["Red Skull"],"max_hp_gain":0,"max_hp_loss":0,"event_name":"The Mausoleum","floor":19,"gold_loss":0,"cards_obtained":["Writhe"]},{"damage_healed":0,"gold_gain":0,"player_choice":"Became a Ghost","damage_taken":0,"max_hp_gain":0,"max_hp_loss":41,"event_name":"Ghosts","floor":28,"gold_loss":0,"cards_obtained":["Ghostly","Ghostly","Ghostly"]},{"damage_healed":0,"gold_gain":0,"player_choice":"Memory 1","damage_taken":0,"max_hp_gain":0,"max_hp_loss":0,"event_name":"SensoryStone","floor":36,"gold_loss":0},{"damage_healed":0,"gold_gain":0,"player_choice":"Fight","damage_taken":0,"max_hp_gain":0,"max_hp_loss":0,"event_name":"Mysterious Sphere","floor":37,"gold_loss":0}],"is_beta":true,"boss_relics":[{"not_picked":["Pandora\u0027s Box","Coffee Dripper"],"picked":"Philosopher\u0027s Stone"},{"not_picked":["White Beast Statue","Astrolabe"],"picked":"Sozu"}],"items_purged_floors":[3,11,21],"is_endless":false,"potions_floor_spawned":[2,4,7,10,20,31,35],"killed_by":"2 Orb Walkers","ascension_level":20}