{"gold_per_floor":[119,137,147,147,147,165,9,24,24,24,24,24,43,43,43,140,140,153,153,13,25,25,25,40,40,40,40,40,40,57,74,74,74],"floor_reached":33,"playtime":2106,"items_purged":[],"score":237,"play_id":"0da29c93-ef8c-40e9-90fd-c9c1a9f52e8a","local_time":"20180624001644","is_ascension_mode":false,"campfire_choices":[{"floor":10,"key":"REST"},{"data":"Shockwave","floor":12,"key":"SMITH"},{"floor":15,"key":"REST"},{"floor":23,"key":"REST"},{"floor":25,"key":"REST"},{"floor":27,"key":"REST"},{"floor":29,"key":"REST"},{"floor":32,"key":"REST"}],"neow_cost":"NONE","seed_source_timestamp":18235284478383,"circlet_count":0,"master_deck":["Strike_R+1","Strike_R","Strike_R","Defend_R","Defend_R","Defend_R","Defend_R","Bash","Battle Trance+1","Shockwave+1","Carnage","Rage","Pommel Strike","Sword Boomerang","Iron Wave","Fire Breathing","Pommel Strike","Demon Form","Fire Breathing","Good Instincts","Rampage","Heavy Blade","Metallicize","Burning Pact+1","Sword Boomerang+1","Twin Strike","Intimidate","Flex","Rage+1","Pommel Strike+1","Feed"],"relics":["Burning Blood","Self Forming Clay","Dream Catcher","Pantograph","Black Star","Omamori"],"potions_floor_usage":[2,18,24,30,31,33],"damage_taken":[{"damage":5,"enemies":"Small Slimes","floor":1,"turns":5},{"damage":5,"enemies":"2 Louse","floor":2,"turns":4},{"damage":0,"enemies":"Cultist","floor":3,"turns":3},{"damage":5,"enemies":"Looter","floor":6,"turns":3},{"damage":4,"enemies":"2 Fungi Beasts","floor":8,"turns":4},{"damage":7,"enemies":"3 Louse","floor":13,"turns":3},{"damage":55,"enemies":"Slime Boss","floor":16,"turns":12},{"damage":40,"enemies":"Spheric Guardian","floor":18,"turns":8},{"damage":19,"enemies":"Chosen","floor":21,"turns":6},{"damage":33,"enemies":"Centurion and Healer","floor":24,"turns":9},{"damage":37,"enemies":"Chosen and Byrds","floor":30,"turns":7},{"damage":8,"enemies":"Snake Plant","floor":31,"turns":4},{"damage":110,"enemies":"Champ","floor":33,"turns":12}],"seed_played":"-957223668705475897","potions_obtained":[{"floor":1,"key":"Fruit Juice"},{"floor":8,"key":"EssenceOfSteel"},{"floor":13,"key":"SneckoOil"},{"floor":16,"key":"BloodPotion"},{"floor":18,"key":"GamblersBrew"},{"floor":24,"key":"EssenceOfSteel"},{"floor":31,"key":"FearPotion"}],"is_trial":false,"path_per_floor":["M","M","M","?","?","M","$","M","T","R","$","R","M","?","R","B",null,"M","?","$","M","?","R","M","R","T","R","?","R","M","M","R"],"character_chosen":"IRONCLAD","items_purchased":["Dream Catcher","Good Instincts","Rampage"],"campfire_rested":7,"item_purchase_floors":[7,20,20],"current_hp_per_floor":[80,85,85,68,35,36,36,38,38,63,63,63,62,55,80,36,85,59,43,43,30,30,57,30,57,57,84,84,90,59,57,84,0],"gold":74,"neow_bonus":"TRANSFORM_CARD","is_prod":false,"is_daily":false,"chose_seed":false,"campfire_upgraded":1,"win_rate":0.0,"timestamp":1529813804,"path_taken":["M","M","M","?","?","?","$","M","T","R","$","R","M","?","R","BOSS","M","?","$","M","?","R","M","R","T","R","?","R","M","M","R","BOSS"],"build_version":"2018-06-21v2","purchased_purges":0,"victory":false,"max_hp_per_floor":[80,85,85,85,85,85,85,85,85,85,85,85,85,85,85,85,85,85,90,90,90,90,90,90,90,90,90,90,90,90,90,90,90],"card_choices":[{"not_picked":["Second Wind","Flex"],"picked":"Shockwave","floor":1},{"not_picked":["Sever Soul","Disarm"],"picked":"Carnage","floor":2},{"not_picked":["Heavy Blade","Iron Wave"],"picked":"Rage","floor":3},{"not_picked":["Clothesline","Inflame"],"picked":"Pommel Strike","floor":6},{"not_picked":["Heavy Blade","Body Slam"],"picked":"Sword Boomerang","floor":8},{"not_picked":["Body Slam","Brutality"],"picked":"Iron Wave","floor":10},{"not_picked":["Heavy Blade","True Grit"],"picked":"Fire Breathing","floor":13},{"not_picked":["Warcry","Clothesline"],"picked":"Pommel Strike","floor":15},{"not_picked":["Reaper","Juggernaut"],"picked":"Demon Form","floor":16},{"not_picked":["Clothesline","Spot Weakness"],"picked":"Fire Breathing","floor":18},{"not_picked":["Cleave","Hemokinesis"],"picked":"Heavy Blade","floor":21},{"not_picked":["Bloodletting","Intimidate"],"picked":"Burning Pact+1","floor":23},{"not_picked":["Bloodletting","Perfected Strike+1"],"picked":"Sword Boomerang+1","floor":24},{"not_picked":["Body Slam","Cleave"],"picked":"Twin Strike","floor":25},{"not_picked":["Seeing Red","Clash"],"picked":"Intimidate","floor":27},{"not_picked":["Clothesline","Clash"],"picked":"Flex","floor":29},{"not_picked":["True Grit","Searing Blow"],"picked":"Rage+1","floor":30},{"not_picked":["Perfected Strike","Fire Breathing"],"picked":"Pommel Strike+1","floor":31},{"not_picked":["Corruption","Power Through"],"picked":"Feed","floor":32}],"player_experience":48608,"relics_obtained":[{"floor":9,"key":"Pantograph"},{"floor":26,"key":"Omamori"}],"event_choices":[{"event_name":"Shining Light","player_choice":"Entered Light","floor":4,"damage_taken":0},{"event_name":"Scrap Ooze","player_choice":"success","floor":5,"damage_taken":33},{"event_name":"Golden Wing","player_choice":"Card Removal","floor":14,"damage_taken":0},{"event_name":"Forgotten Altar","player_choice":"Shed Blood","floor":19,"damage_taken":0},{"event_name":"The Library","player_choice":"Read","floor":22,"damage_taken":0},{"event_name":"Drug Dealer","player_choice":"Ignored","floor":28,"damage_taken":0}],"boss_relics":[{"not_picked":["Philosopher\u0027s Stone","Coffee Dripper"],"picked":"Black Star"}],"items_purged_floors":[],"is_endless":false,"potions_floor_spawned":[1,8,13,16,18,24,31],"killed_by":"Champ","ascension_level":0}