{"gold_per_floor":[117,117,137,137,14,14,33,44,70,70,70,82,100,111,111,216,216,235,162,193,208,82,82,94,94,94,109,123,123,143,242,242,242],"floor_reached":33,"playtime":1723,"items_purged":["Strike_B"],"score":437,"play_id":"e7c493a6-ab6c-46a0-8c4b-db70f6c9ee20","local_time":"20190326154542","is_ascension_mode":true,"campfire_choices":[{"data":"Sunder","floor":6,"key":"SMITH"},{"data":"Zap","floor":11,"key":"SMITH"},{"data":"Tempest","floor":15,"key":"SMITH"},{"floor":23,"key":"REST"},{"floor":29,"key":"REST"},{"floor":32,"key":"REST"}],"neow_cost":"NONE","seed_source_timestamp":520495951835500,"circlet_count":0,"master_deck":["AscendersBane","Strike_B","Defend_B","Defend_B","Defend_B","Zap+1","Dualcast+1","Tempest+1","Sunder+1","Ball Lightning","Conserve Battery","Ball Lightning","Doom and Gloom","FTL","Electrodynamics","Creative AI","Steam+1","Blizzard+1","Lockon+1","White Noise","Capacitor","Compile Driver+1","Redo+1","FTL","Jack Of All Trades","FTL","Coolheaded","Melter+1","Conserve Battery"],"relics":["Cracked Core","Regal Pillow","DataDisk","Astrolabe","Red Mask","Art of War"],"potions_floor_usage":[13,16,21,27,27,27,28,33,33],"damage_taken":[{"damage":7,"enemies":"Jaw Worm","floor":1,"turns":3},{"damage":0,"enemies":"Small Slimes","floor":3,"turns":3},{"damage":0,"enemies":"2 Louse","floor":7,"turns":2},{"damage":0,"enemies":"2 Fungi Beasts","floor":8,"turns":2},{"damage":0,"enemies":"Looter","floor":12,"turns":2},{"damage":0,"enemies":"3 Louse","floor":13,"turns":2},{"damage":12,"enemies":"Lots of Slimes","floor":14,"turns":2},{"damage":0,"enemies":"Slime Boss","floor":16,"turns":5},{"damage":5,"enemies":"Shell Parasite","floor":18,"turns":3},{"damage":53,"enemies":"Masked Bandits","floor":20,"turns":4},{"damage":6,"enemies":"Spheric Guardian","floor":21,"turns":3},{"damage":24,"enemies":"Snake Plant","floor":24,"turns":3},{"damage":20,"enemies":"Shelled Parasite and Fungi","floor":27,"turns":4},{"damage":11,"enemies":"Centurion and Healer","floor":28,"turns":3},{"damage":25,"enemies":"Snake Plant","floor":30,"turns":4},{"damage":68,"enemies":"Automaton","floor":33,"turns":6}],"seed_played":"2169968460556069118","potions_obtained":[{"floor":1,"key":"Fruit Juice"},{"floor":3,"key":"PowerPotion"},{"floor":12,"key":"EntropicBrew"},{"floor":13,"key":"Energy Potion"},{"floor":21,"key":"Weak Potion"},{"floor":24,"key":"Regen Potion"},{"floor":28,"key":"FocusPotion"}],"is_trial":false,"path_per_floor":["M","?","M","?","$","R","M","M","T","?","R","M","M","M","R","B",null,"M","$","?","M","$","R","M","?","T","M","M","R","M","?","R","B"],"character_chosen":"DEFECT","items_purchased":["Ball Lightning","Capacitor","FTL","Jack Of All Trades"],"campfire_rested":3,"item_purchase_floors":[5,19,22,22],"current_hp_per_floor":[61,61,61,61,61,61,61,61,61,61,61,61,61,49,49,49,69,64,64,11,10,10,49,25,25,25,14,3,42,17,17,56,0],"gold":242,"neow_bonus":"UPGRADE_CARD","is_prod":false,"is_daily":false,"chose_seed":false,"campfire_upgraded":3,"win_rate":0,"timestamp":1553629542,"path_taken":["M","?","M","?","$","R","M","M","T","?","R","M","M","M","R","BOSS","M","$","?","M","?","R","M","?","T","M","M","R","M","?","R","BOSS"],"build_version":"2019-01-23","purchased_purges":1,"victory":false,"max_hp_per_floor":[75,75,75,75,75,75,75,75,75,75,75,75,75,75,75,75,75,75,75,75,80,80,80,80,80,80,80,80,80,80,80,80,80],"card_choices":[{"not_picked":["Steam","Fusion"],"picked":"Tempest","floor":1},{"not_picked":["Glacier","Gash"],"picked":"Sunder","floor":3},{"not_picked":["Redo","Aggregate"],"picked":"Conserve Battery","floor":7},{"not_picked":["Compile Driver","Conserve Battery"],"picked":"Ball Lightning","floor":8},{"not_picked":["Ball Lightning","Chaos"],"picked":"Doom and Gloom","floor":12},{"not_picked":["Ball Lightning","Consume"],"picked":"FTL","floor":13},{"not_picked":["Force Field","BootSequence"],"picked":"Electrodynamics","floor":14},{"not_picked":["Seek","Rainbow"],"picked":"Creative AI","floor":16},{"not_picked":["Sweeping Beam","Coolheaded"],"picked":"White Noise","floor":18},{"not_picked":["Gash+1","Scrape"],"picked":"Compile Driver+1","floor":20},{"not_picked":["Sweeping Beam+1","Rebound"],"picked":"Redo+1","floor":21},{"not_picked":["Hologram","Compile Driver"],"picked":"FTL","floor":24},{"not_picked":["White Noise","Reboot"],"picked":"Coolheaded","floor":27},{"not_picked":["Fusion","Sweeping Beam"],"picked":"Melter+1","floor":28},{"not_picked":["Rebound","Double Energy"],"picked":"Conserve Battery","floor":30}],"player_experience":2515544,"relics_obtained":[{"floor":9,"key":"Regal Pillow"},{"floor":20,"key":"Red Mask"},{"floor":26,"key":"Art of War"}],"event_choices":[{"damage_healed":0,"gold_gain":0,"player_choice":"Ignored","damage_taken":0,"max_hp_gain":0,"max_hp_loss":0,"event_name":"Golden Idol","floor":2,"gold_loss":0},{"damage_healed":0,"gold_gain":0,"player_choice":"Ignored","damage_taken":0,"max_hp_gain":0,"max_hp_loss":0,"event_name":"Shining Light","floor":4,"gold_loss":0},{"damage_healed":0,"gold_gain":0,"player_choice":"Searched \u00271\u0027 times","damage_taken":0,"relics_obtained":["DataDisk"],"max_hp_gain":0,"max_hp_loss":0,"event_name":"Dead Adventurer","floor":10,"gold_loss":0},{"damage_healed":0,"gold_gain":0,"player_choice":"Fought Bandits","damage_taken":0,"max_hp_gain":0,"max_hp_loss":0,"event_name":"Masked Bandits","floor":20,"gold_loss":0},{"damage_healed":0,"gold_gain":0,"player_choice":"Ignored","damage_taken":0,"max_hp_gain":0,"max_hp_loss":0,"event_name":"Vampires","floor":25,"gold_loss":0},{"damage_healed":0,"gold_gain":99,"player_choice":"Stole From Cult","damage_taken":0,"max_hp_gain":0,"max_hp_loss":0,"event_name":"Nest","floor":31,"gold_loss":0}],"is_beta":false,"boss_relics":[{"not_picked":["Black Star","Runic Pyramid"],"picked":"Astrolabe"}],"items_purged_floors":[5],"is_endless":false,"potions_floor_spawned":[1,3,12,13,21,24,28],"killed_by":"Automaton","ascension_level":10}