{"gold_per_floor":[114,134,149,15,34,62,78,106,183,183,258,268,268,268,268,342,342,353,324,324,3,3,3],"floor_reached":23,"playtime":793,"items_purged":["Strike_B","Strike_B"],"score":372,"play_id":"f6a75a49-a69d-4c25-b1d4-4071066cc3ec","local_time":"20190503190345","is_ascension_mode":true,"campfire_choices":[{"floor":10,"key":"REST"},{"floor":13,"key":"REST"},{"data":"Coolheaded","floor":15,"key":"SMITH"}],"neow_cost":"NONE","seed_source_timestamp":1054081091591509,"circlet_count":0,"master_deck":["AscendersBane","Strike_B","Defend_B","Defend_B","Defend_B","Defend_B","Zap+1","Dualcast","Compile Driver","Leap","Loop","Ball Lightning","BootSequence","White Noise","Genetic Algorithm","Conserve Battery","Coolheaded+1","Creative AI+1","Sweeping Beam","Doom and Gloom","Ball Lightning+1","Undo"],"relics":["Cracked Core","Regal Pillow","Blood Vial","Frozen Egg 2","Prayer Wheel","Inserter","MutagenicStrength","Runic Capacitor"],"potions_floor_usage":[6,7,16,23],"damage_taken":[{"damage":8,"enemies":"Small Slimes","floor":1,"turns":3},{"damage":1,"enemies":"Cultist","floor":2,"turns":3},{"damage":2,"enemies":"Jaw Worm","floor":3,"turns":3},{"damage":1,"enemies":"3 Louse","floor":5,"turns":3},{"damage":15,"enemies":"Lagavulin","floor":6,"turns":6},{"damage":4,"enemies":"Lots of Slimes","floor":7,"turns":3},{"damage":21,"enemies":"3 Sentries","floor":8,"turns":4},{"damage":12,"enemies":"Looter","floor":12,"turns":4},{"damage":17,"enemies":"Slime Boss","floor":16,"turns":6},{"damage":26,"enemies":"Shell Parasite","floor":18,"turns":6},{"damage":34,"enemies":"2 Thieves","floor":19,"turns":5},{"damage":20,"enemies":"Chosen and Byrds","floor":23,"turns":5}],"seed_played":"-8716910801585625567","potions_obtained":[{"floor":2,"key":"FocusPotion"},{"floor":3,"key":"Fire Potion"},{"floor":7,"key":"Swift Potion"},{"floor":8,"key":"Swift Potion"},{"floor":12,"key":"FocusPotion"},{"floor":16,"key":"GamblersBrew"},{"floor":18,"key":"FearPotion"},{"floor":19,"key":"Block Potion"}],"is_trial":false,"path_per_floor":["M","M","M","$","M","E","M","E","T","R","?","M","R","?","R","B",null,"M","M","?","$","?","M"],"character_chosen":"DEFECT","items_purchased":["Ball Lightning","Runic Capacitor"],"campfire_rested":2,"item_purchase_floors":[4,21],"current_hp_per_floor":[56,55,53,53,52,37,33,12,12,48,37,27,63,63,63,48,65,41,9,9,9,9,0],"gold":3,"neow_bonus":"UPGRADE_CARD","is_prod":false,"is_daily":false,"chose_seed":false,"campfire_upgraded":1,"win_rate":0,"timestamp":1556903025,"path_taken":["M","M","M","$","M","E","M","E","T","R","?","M","R","?","R","BOSS","M","?","?","$","?","M"],"build_version":"2019-04-23","purchased_purges":2,"victory":false,"max_hp_per_floor":[71,71,71,71,71,71,71,71,71,71,71,71,71,71,71,71,71,71,71,71,71,71,71],"card_choices":[{"not_picked":["Barrage","Stack"],"picked":"Compile Driver","floor":1},{"not_picked":["Stack","Reprogram"],"picked":"Leap","floor":2},{"not_picked":["Cold Snap","Heatsinks"],"picked":"Loop","floor":3},{"not_picked":["Streamline","Blizzard"],"picked":"BootSequence","floor":5},{"not_picked":["Rebound","Consume"],"picked":"White Noise","floor":6},{"not_picked":["Streamline","Turbo"],"picked":"Genetic Algorithm","floor":7},{"not_picked":["Undo","Hologram"],"picked":"Conserve Battery","floor":8},{"not_picked":["Rip and Tear","Cold Snap"],"picked":"Coolheaded","floor":12},{"not_picked":["Seek","Multi-Cast"],"picked":"Creative AI+1","floor":16},{"not_picked":["Redo","Steam"],"picked":"Sweeping Beam","floor":18},{"not_picked":["Leap","Rebound"],"picked":"Doom and Gloom","floor":18},{"not_picked":["Gash","Streamline"],"picked":"Ball Lightning+1","floor":19},{"not_picked":["Skim+1","Leap"],"picked":"Undo","floor":19}],"player_experience":1470162,"relics_obtained":[{"floor":6,"key":"Regal Pillow"},{"floor":8,"key":"Blood Vial"},{"floor":9,"key":"Frozen Egg 2"}],"event_choices":[{"damage_healed":0,"gold_gain":75,"player_choice":"Gather Gold","damage_taken":11,"max_hp_gain":0,"max_hp_loss":0,"event_name":"World of Goop","floor":11,"gold_loss":0},{"damage_healed":0,"gold_gain":0,"player_choice":"Gave Potion","damage_taken":0,"relics_obtained":["Prayer Wheel"],"max_hp_gain":0,"max_hp_loss":0,"event_name":"WeMeetAgain","floor":14,"gold_loss":0},{"damage_healed":0,"gold_gain":0,"player_choice":"Inject Mutagens","damage_taken":0,"relics_obtained":["MutagenicStrength"],"max_hp_gain":0,"max_hp_loss":0,"event_name":"Drug Dealer","floor":20,"gold_loss":0},{"cards_removed":["Strike_B"],"damage_healed":0,"gold_gain":0,"player_choice":"Purged","damage_taken":0,"max_hp_gain":0,"max_hp_loss":0,"event_name":"Purifier","floor":22,"gold_loss":0}],"is_beta":true,"boss_relics":[{"not_picked":["Velvet Choker","Orrery"],"picked":"Inserter"}],"items_purged_floors":[4,21],"is_endless":false,"potions_floor_spawned":[2,3,7,8,12,16,18,19],"killed_by":"Chosen and Byrds","ascension_level":17}