{"gold_per_floor":[116,10,110,120,120,120,135,146,146,172,172,185,210,226,226,297,297,310,310,409,409,409,409,466,486,513,513,513,513,526,545,545,545],"floor_reached":33,"playtime":1673,"items_purged":[],"score":437,"play_id":"0a2a6135-a7c7-4c34-ac9a-08bebcb5ce6f","local_time":"20190407211826","is_ascension_mode":true,"campfire_choices":[{"data":"Static Discharge","floor":6.0,"key":"SMITH"},{"floor":11.0,"key":"REST"},{"floor":15.0,"key":"REST"},{"data":"Defragment","floor":23.0,"key":"SMITH"},{"floor":29.0,"key":"REST"},{"floor":32.0,"key":"REST"}],"neow_cost":"NONE","seed_source_timestamp":0,"circlet_count":0,"master_deck":["AscendersBane","Strike_B+1","Strike_B+1","Strike_B+1","Strike_B+1","Defend_B+1","Defend_B+1","Defend_B+1","Defend_B+1","Zap","Dualcast+1","FTL","Static Discharge+1","Melter","Leap","Fusion","Sweeping Beam","White Noise","Sunder+1","Leap","Multi-Cast","Defragment+1","Storm+1","Defragment","Writhe","Redo+1","Amplify"],"special_seed":0,"relics":["Cracked Core","Darkstone Periapt","Regal Pillow","Molten Egg 2","Black Star","Tiny Chest","Bag of Preparation","Ancient Tea Set","Bird Faced Urn","Girya"],"potions_floor_usage":[33,33,33],"damage_taken":[{"damage":6.0,"enemies":"2 Louse","floor":1.0,"turns":3.0},{"damage":1.0,"enemies":"Cultist","floor":4.0,"turns":3.0},{"damage":7.0,"enemies":"Jaw Worm","floor":7.0,"turns":2.0},{"damage":15.0,"enemies":"3 Louse","floor":8.0,"turns":3.0},{"damage":11.0,"enemies":"Looter","floor":12.0,"turns":2.0},{"damage":36.0,"enemies":"Gremlin Nob","floor":13.0,"turns":3.0},{"damage":0.0,"enemies":"Large Slime","floor":14.0,"turns":5.0},{"damage":35.0,"enemies":"The Guardian","floor":16.0,"turns":8.0},{"damage":18.0,"enemies":"Chosen","floor":18.0,"turns":5.0},{"damage":45.0,"enemies":"Book of Stabbing","floor":24.0,"turns":6.0},{"damage":0.0,"enemies":"3 Byrds","floor":25.0,"turns":4.0},{"damage":4.0,"enemies":"Sentry and Sphere","floor":30.0,"turns":3.0},{"damage":25.0,"enemies":"Shelled Parasite and Fungi","floor":31.0,"turns":4.0},{"damage":104,"enemies":"Collector","floor":33,"turns":7}],"seed_played":"5326144203726607831","potions_obtained":[{"floor":8.0,"key":"FearPotion"},{"floor":12.0,"key":"Swift Potion"},{"floor":24.0,"key":"Explosive Potion"},{"floor":30.0,"key":"EntropicBrew"}],"is_trial":false,"path_per_floor":["M","$","?","M","$","R","M","M","T","T","R","M","E","M","R","B",null,"M","?","?","?","$","R","E","M","T","T","?","R","M","M","R","B"],"character_chosen":"DEFECT","items_purchased":["Static Discharge","Melter"],"campfire_rested":4,"item_purchase_floors":[2,2],"current_hp_per_floor":[62,62,62,61,61,61,54,39,39,39,75,64,28,28,65,30,64,46,46,46,46,46,46,1,1,1,1,7,46,48,29,68,0],"gold":545,"neow_bonus":"UPGRADE_CARD","is_prod":false,"is_daily":false,"chose_seed":false,"campfire_upgraded":2,"win_rate":0,"timestamp":1554686306,"path_taken":["M","$","?","M","$","R","M","?","T","?","R","M","E","?","R","BOSS","M","?","?","?","$","R","E","M","T","?","?","R","M","M","R","BOSS"],"build_version":"2019-01-23","purchased_purges":0,"victory":false,"max_hp_per_floor":[75,75,75,75,75,75,75,75,75,75,75,75,75,75,75,75,75,75,75,75,75,75,75,75,75,75,75,81,81,81,81,81,81],"card_choices":[{"not_picked":["Coolheaded","Streamline"],"picked":"FTL","floor":1.0},{"not_picked":["Compile Driver","Streamline"],"picked":"Leap","floor":4.0},{"not_picked":["Streamline","Gash"],"picked":"Fusion","floor":7.0},{"not_picked":["Go for the Eyes","Redo"],"picked":"Sweeping Beam","floor":8.0},{"not_picked":["Genetic Algorithm","Go for the Eyes"],"picked":"White Noise","floor":12.0},{"not_picked":["Hyperbeam","Leap"],"picked":"Sunder","floor":13.0},{"not_picked":["Steam","Fusion"],"picked":"Leap","floor":14.0},{"not_picked":["Fission","All For One+1"],"picked":"Multi-Cast","floor":16.0},{"not_picked":["Streamline+1","Auto Shields"],"picked":"Defragment","floor":18.0},{"not_picked":["Capacitor+1","Chill"],"picked":"Storm+1","floor":24.0},{"not_picked":["Reprogram","Rebound+1"],"picked":"Defragment","floor":25.0},{"not_picked":["Cold Snap+1","Coolheaded"],"picked":"Redo+1","floor":30.0},{"not_picked":["Rebound+1","Turbo"],"picked":"Amplify","floor":31.0}],"player_experience":2602752,"relics_obtained":[{"floor":9.0,"key":"Darkstone Periapt"},{"floor":10.0,"key":"Regal Pillow"},{"floor":13.0,"key":"Molten Egg 2"},{"floor":24.0,"key":"Tiny Chest"},{"floor":24.0,"key":"Bag of Preparation"},{"floor":26.0,"key":"Ancient Tea Set"},{"floor":27.0,"key":"Bird Faced Urn"}],"event_choices":[{"damage_healed":0.0,"max_hp_gain":0.0,"max_hp_loss":0.0,"gold_gain":100.0,"event_name":"Wheel of Change","player_choice":"Gold","floor":3.0,"gold_loss":0.0,"damage_taken":0.0},{"damage_healed":0.0,"max_hp_gain":0.0,"max_hp_loss":0.0,"gold_gain":0.0,"event_name":"Vampires","player_choice":"Ignored","floor":19.0,"gold_loss":0.0,"damage_taken":0.0},{"damage_healed":0.0,"max_hp_gain":0.0,"max_hp_loss":0.0,"gold_gain":99.0,"event_name":"Nest","player_choice":"Stole From Cult","floor":20.0,"gold_loss":0.0,"damage_taken":0.0},{"damage_healed":0.0,"max_hp_gain":0.0,"max_hp_loss":0.0,"gold_gain":0.0,"event_name":"Back to Basics","player_choice":"Simplicity","floor":21.0,"gold_loss":0.0,"damage_taken":0.0,"cards_upgraded":["Strike_B","Strike_B","Strike_B","Strike_B","Defend_B","Defend_B","Defend_B","Defend_B"]},{"damage_healed":0.0,"max_hp_gain":0.0,"max_hp_loss":0.0,"gold_gain":0.0,"event_name":"The Mausoleum","player_choice":"Opened","floor":28.0,"gold_loss":0.0,"damage_taken":0.0,"relics_obtained":["Girya"],"cards_obtained":["Writhe"]}],"is_beta":false,"boss_relics":[{"not_picked":["Coffee Dripper","Busted Crown"],"picked":"Black Star"}],"items_purged_floors":[],"is_endless":false,"potions_floor_spawned":[8,12,16,24,30],"killed_by":"Collector","ascension_level":13}