{"gold_per_floor":[111,111,131,29,29,64,29,29,29,29,44,77,77,112,112,183,183,203,128,139,139],"floor_reached":21,"playtime":972,"items_purged":["Strike_B"],"score":440,"play_id":"09f54a84-5448-4b8f-8e16-a9f6d82d894d","local_time":"20190515181917","is_ascension_mode":true,"campfire_choices":[{"data":"Undo","floor":10,"key":"SMITH"},{"data":"Coolheaded","floor":15,"key":"SMITH"}],"neow_cost":"NONE","seed_source_timestamp":2088034643520300,"circlet_count":0,"master_deck":["AscendersBane","Strike_B","Strike_B","Strike_B","Defend_B+1","Defend_B","Defend_B","Defend_B","Zap+1","Dualcast","Compile Driver","Undo+1","Sweeping Beam","Reinforced Body+1","Conserve Battery","Coolheaded+1","Echo Form","Electrodynamics","Reprogram+1","Leap+1"],"relics":["Cracked Core","NeowsBlessing","Vajra","Cables","Juzu Bracelet","Pantograph","Inserter"],"potions_floor_usage":[12,20],"damage_taken":[{"damage":0,"enemies":"Small Slimes","floor":1,"turns":1},{"damage":0,"enemies":"Cultist","floor":3,"turns":1},{"damage":0,"enemies":"Lagavulin","floor":6,"turns":1},{"damage":0,"enemies":"2 Louse","floor":11,"turns":2},{"damage":28,"enemies":"3 Sentries","floor":12,"turns":5},{"damage":17,"enemies":"Lagavulin","floor":14,"turns":8},{"damage":13,"enemies":"The Guardian","floor":16,"turns":14},{"damage":20,"enemies":"Shell Parasite","floor":18,"turns":9},{"damage":12,"enemies":"3 Byrds","floor":20,"turns":1},{"damage":46,"enemies":"Colosseum Slavers","floor":21,"turns":4}],"seed_played":"-6292332108451596515","potions_obtained":[{"floor":1,"key":"LiquidBronze"},{"floor":3,"key":"Regen Potion"}],"is_trial":false,"path_per_floor":["M","?","M","$","?","E","?","?","T","R","M","E","?","E","R","B",null,"M","$","M","?"],"character_chosen":"DEFECT","items_purchased":["Sweeping Beam","Reinforced Body"],"campfire_rested":0,"item_purchase_floors":[4,4],"current_hp_per_floor":[64,43,43,43,43,43,60,50,50,50,50,36,41,24,24,36,66,46,46,34,0],"gold":139,"neow_bonus":"THREE_ENEMY_KILL","is_prod":false,"is_daily":false,"chose_seed":false,"campfire_upgraded":2,"win_rate":0,"timestamp":1557937157,"path_taken":["M","?","M","$","?","E","?","?","T","R","M","E","?","E","R","BOSS","M","$","M","?"],"build_version":"2019-05-07","purchased_purges":1,"victory":false,"max_hp_per_floor":[71,71,71,71,71,71,71,71,71,71,71,71,76,76,76,76,76,76,76,76,76],"card_choices":[{"not_picked":["Cold Snap","Beam Cell"],"picked":"Compile Driver","floor":1},{"not_picked":["Streamline","Leap"],"picked":"Undo","floor":3},{"not_picked":["Hello World","Hologram"],"picked":"Conserve Battery","floor":6},{"not_picked":["Chaos","Steam","Barrage"],"picked":"SKIP","floor":11},{"not_picked":["Seek","Conserve Battery"],"picked":"Coolheaded","floor":12},{"not_picked":["Steam Power","BootSequence"],"picked":"Echo Form","floor":14},{"not_picked":["Creative AI","Thunder Strike"],"picked":"Electrodynamics","floor":16},{"not_picked":["Stack","Coolheaded"],"picked":"Reprogram+1","floor":18},{"not_picked":["Conserve Battery","Steam"],"picked":"Leap+1","floor":20}],"player_experience":1914393,"relics_obtained":[{"floor":6,"key":"Vajra"},{"floor":9,"key":"Cables"},{"floor":12,"key":"Juzu Bracelet"},{"floor":14,"key":"Pantograph"}],"event_choices":[{"damage_healed":0,"gold_gain":0,"player_choice":"Entered Light","damage_taken":21,"max_hp_gain":0,"max_hp_loss":0,"event_name":"Shining Light","floor":2,"gold_loss":0,"cards_upgraded":["Zap","Defend_B"]},{"damage_healed":0,"gold_gain":0,"player_choice":"Grow","damage_taken":0,"max_hp_gain":0,"max_hp_loss":0,"event_name":"Living Wall","floor":5,"gold_loss":0,"cards_upgraded":["Reinforced Body"]},{"damage_healed":17,"gold_gain":0,"player_choice":"Healed","damage_taken":0,"max_hp_gain":0,"max_hp_loss":0,"event_name":"The Cleric","floor":7,"gold_loss":35},{"damage_healed":0,"gold_gain":0,"player_choice":"Damaged","damage_taken":10,"max_hp_gain":0,"max_hp_loss":0,"event_name":"Wheel of Change","floor":8,"gold_loss":0},{"damage_healed":0,"gold_gain":0,"player_choice":"Donut","damage_taken":0,"max_hp_gain":5,"max_hp_loss":0,"event_name":"Big Fish","floor":13,"gold_loss":0},{"damage_healed":0,"gold_gain":0,"player_choice":"Fight","damage_taken":0,"max_hp_gain":0,"max_hp_loss":0,"event_name":"Colosseum","floor":21,"gold_loss":0}],"is_beta":true,"boss_relics":[{"not_picked":["Runic Dome","Eternal Feather"],"picked":"Inserter"}],"items_purged_floors":[19],"is_endless":false,"potions_floor_spawned":[1,3,11],"killed_by":"Colosseum Slavers","ascension_level":20}