{"gold_per_floor":[361,139,139,156,174,201,85,117,117,117,117,134,134,160,160,160],"floor_reached":16,"playtime":516,"items_purged":["Shame"],"score":148,"play_id":"ba0d9e66-4dc9-44d8-a7c0-d2cabce832e5","local_time":"20181026214516","is_ascension_mode":true,"campfire_choices":[{"floor":11,"key":"REST"},{"floor":13,"key":"REST"},{"floor":15,"key":"REST"}],"neow_cost":"CURSE","seed_source_timestamp":364882777649600,"circlet_count":0,"master_deck":["Strike_B","Strike_B","Strike_B","Defend_B","Defend_B","Defend_B","Defend_B","Zap","Dualcast","Static Discharge","Go for the Eyes","White Noise","Genetic Algorithm","Tempest","Reinforced Body+1","Storm","Electrodynamics","Compile Driver","Hologram"],"relics":["Cracked Core","MawBank","Ornamental Fan","Juzu Bracelet","Kunai","Oddly Smooth Stone"],"potions_floor_usage":[14,14],"damage_taken":[{"damage":8,"enemies":"Small Slimes","floor":1,"turns":3},{"damage":2,"enemies":"2 Louse","floor":4,"turns":2},{"damage":13,"enemies":"Jaw Worm","floor":5,"turns":4},{"damage":25,"enemies":"Lagavulin","floor":6,"turns":7},{"damage":22,"enemies":"Gremlin Nob","floor":8,"turns":3},{"damage":21,"enemies":"Exordium Thugs","floor":12,"turns":2},{"damage":19,"enemies":"Lagavulin","floor":14,"turns":6},{"damage":32,"enemies":"The Guardian","floor":16,"turns":2}],"seed_played":"3236298968842204467","potions_obtained":[{"floor":1,"key":"Dexterity Potion"},{"floor":4,"key":"SmokeBomb"},{"floor":12,"key":"Strength Potion"},{"floor":14,"key":"Dexterity Potion"}],"is_trial":false,"path_per_floor":["M","$","?","M","M","E","$","E","T","?","R","M","R","E","R"],"character_chosen":"DEFECT","items_purchased":["MawBank","Reinforced Body","Storm"],"campfire_rested":3,"item_purchase_floors":[2,7,7],"current_hp_per_floor":[67,67,67,65,52,27,27,5,5,5,27,6,28,9,31,0],"gold":160,"neow_bonus":"TWO_FIFTY_GOLD","is_prod":false,"is_daily":false,"chose_seed":false,"campfire_upgraded":0,"win_rate":0,"timestamp":1540604716,"path_taken":["M","$","?","M","M","E","?","E","T","?","R","M","R","E","R","BOSS"],"build_version":"2018-10-25v2","purchased_purges":1,"victory":false,"max_hp_per_floor":[75,75,75,75,75,75,75,75,75,75,75,75,75,75,75,75],"card_choices":[{"not_picked":["Stack","Turbo"],"picked":"Static Discharge","floor":1},{"not_picked":["Stack","Ball Lightning"],"picked":"White Noise","floor":4},{"not_picked":["Go for the Eyes","Stack"],"picked":"Genetic Algorithm","floor":5},{"not_picked":["Meteor Strike","Redo"],"picked":"Tempest","floor":6},{"not_picked":["Steam","All For One"],"picked":"Electrodynamics","floor":8},{"not_picked":["Sweeping Beam","Steam"],"picked":"Compile Driver","floor":12},{"not_picked":["Steam Power","Steam"],"picked":"Hologram","floor":14}],"player_experience":1464212,"relics_obtained":[{"floor":6,"key":"Ornamental Fan"},{"floor":8,"key":"Juzu Bracelet"},{"floor":9,"key":"Kunai"},{"floor":14,"key":"Oddly Smooth Stone"}],"event_choices":[{"damage_healed":0,"gold_gain":0,"cards_transformed":["Strike_B"],"player_choice":"Change","damage_taken":0,"max_hp_gain":0,"max_hp_loss":0,"event_name":"Living Wall","floor":3,"gold_loss":0,"cards_obtained":["Go for the Eyes"]},{"damage_healed":0,"gold_gain":0,"player_choice":"Upgraded","damage_taken":0,"max_hp_gain":0,"max_hp_loss":0,"event_name":"Upgrade Shrine","floor":10,"gold_loss":0,"cards_upgraded":["Reinforced Body"]}],"is_beta":false,"boss_relics":[],"items_purged_floors":[2],"is_endless":false,"potions_floor_spawned":[1,4,12,14],"killed_by":"The Guardian","ascension_level":5}