{"gold_per_floor":[114,64,64,4,19,50,50,84,84,103,103,103],"floor_reached":12,"playtime":459,"items_purged":[],"score":133,"play_id":"0f1ee0a2-8ac8-47fd-93c0-aa768a0d1144","local_time":"20190114220312","is_ascension_mode":true,"campfire_choices":[{"floor":7,"key":"REST"}],"neow_cost":"TEN_PERCENT_HP_LOSS","seed_source_timestamp":1293944453700700,"circlet_count":0,"master_deck":["AscendersBane","Strike_R","Strike_R","Strike_R","Defend_R","Defend_R","Defend_R+1","Bash","Barricade","Rupture+1","Battle Trance","Infernal Blade","Pommel Strike","Body Slam","Cleave","Regret"],"relics":["Burning Blood","Prayer Wheel","Pear","Letter Opener","Shuriken","Oddly Smooth Stone"],"potions_floor_usage":[],"damage_taken":[{"damage":19,"enemies":"Jaw Worm","floor":1,"turns":6},{"damage":0,"enemies":"2 Louse","floor":5,"turns":4},{"damage":46,"enemies":"3 Sentries","floor":6,"turns":10},{"damage":37,"enemies":"Gremlin Nob","floor":8,"turns":4},{"damage":0,"enemies":"Small Slimes","floor":10,"turns":2},{"damage":24,"enemies":"The Mushroom Lair","floor":12,"turns":2}],"seed_played":"5834025451277723732","potions_obtained":[{"floor":8,"key":"SpeedPotion"}],"is_trial":false,"path_per_floor":["M","?","?","?","M","E","R","E","T","M","?","?"],"character_chosen":"IRONCLAD","items_purchased":[],"campfire_rested":1,"item_purchase_floors":[],"current_hp_per_floor":[59,59,45,45,51,21,45,14,14,20,20,0],"gold":103,"neow_bonus":"TRANSFORM_TWO_CARDS","is_prod":false,"is_daily":false,"chose_seed":false,"campfire_upgraded":0,"win_rate":0,"timestamp":1547521392,"path_taken":["M","?","?","?","M","E","R","E","T","?","?","?"],"build_version":"2019-01-10","purchased_purges":0,"victory":false,"max_hp_per_floor":[72,72,72,72,72,82,82,82,82,82,82,82],"card_choices":[{"not_picked":["Clash","Sword Boomerang"],"picked":"Battle Trance","floor":1},{"not_picked":["Uppercut","Iron Wave"],"picked":"Infernal Blade","floor":5},{"not_picked":["Clothesline","Thunderclap"],"picked":"Pommel Strike","floor":5},{"not_picked":["Blood for Blood","Feel No Pain"],"picked":"Body Slam","floor":6},{"not_picked":["Bloodletting","Warcry"],"picked":"Cleave","floor":8},{"not_picked":["Sword Boomerang","Fiend Fire","Reckless Charge"],"picked":"SKIP","floor":10},{"not_picked":["Battle Trance","Flex","Anger"],"picked":"SKIP","floor":10}],"player_experience":1763956,"relics_obtained":[{"floor":6,"key":"Pear"},{"floor":8,"key":"Letter Opener"},{"floor":9,"key":"Shuriken"}],"event_choices":[{"cards_removed":["Strike_R"],"damage_healed":0,"gold_gain":0,"player_choice":"Card Removal","damage_taken":0,"max_hp_gain":0,"max_hp_loss":0,"event_name":"The Cleric","floor":2,"gold_loss":50},{"damage_healed":0,"gold_gain":0,"player_choice":"Entered Light","damage_taken":14,"max_hp_gain":0,"max_hp_loss":0,"event_name":"Shining Light","floor":3,"gold_loss":0,"cards_upgraded":["Defend_R","Rupture"]},{"damage_healed":0,"gold_gain":0,"player_choice":"Paid Gold","damage_taken":0,"relics_obtained":["Prayer Wheel"],"max_hp_gain":0,"max_hp_loss":0,"event_name":"WeMeetAgain","floor":4,"gold_loss":60},{"damage_healed":0,"gold_gain":0,"player_choice":"Box","damage_taken":0,"relics_obtained":["Oddly Smooth Stone"],"max_hp_gain":0,"max_hp_loss":0,"event_name":"Big Fish","floor":11,"gold_loss":0,"cards_obtained":["Regret"]},{"damage_healed":0,"gold_gain":0,"player_choice":"Fought Mushrooms","damage_taken":0,"max_hp_gain":0,"max_hp_loss":0,"event_name":"Mushrooms","floor":12,"gold_loss":0}],"is_beta":false,"boss_relics":[],"items_purged_floors":[],"is_endless":false,"potions_floor_spawned":[8],"killed_by":"The Mushroom Lair","ascension_level":11}