{"path_per_floor":["M","?","T","M","M","E","R","E","T","M","R","M","R","?","R","B",null,"M","?","$","?","M"],"character_chosen":"IRONCLAD","items_purchased":["Enlightenment","Warcry"],"gold_per_floor":[112,112,190,209,232,270,270,301,327,350,350,364,364,364,364,488,488,503,418,88,88,112],"floor_reached":23,"campfire_rested":3,"playtime":2721,"current_hp_per_floor":[66,48,48,48,53,28,49,17,17,11,32,36,57,72,72,16,72,63,63,63,63,65],"items_purged":["Parasite"],"gold":112,"play_id":"eea5999e-01ff-4e6f-ab1e-b75453b23004","is_prod":false,"is_daily":false,"campfire_rituals":0,"campfire_upgraded":1,"is_hardmode":false,"path_taken":["M","?","?","?","M","E","R","E","T","M","R","M","R","?","R","BOSS","M","?","$","?","M","E"],"build_version":"2018-01-18-PROD4","purchased_purges":1,"victory":false,"master_deck":["Strike_R","Strike_R","Strike_R","Strike_R","Strike_R","Defend_R","Defend_R","Defend_R","Defend_R","Bash","Double Tap","Anger","Second Wind","Headbutt","Wild Strike","Feel No Pain","Infernal Blade","Wild Strike","Juggernaut","Anger","Enlightenment","Warcry","Feel No Pain"],"max_hp_per_floor":[72,72,72,72,72,72,72,72,72,72,72,72,72,72,72,72,72,72,72,69,69,71],"relics":["Burning Blood","Golden Idol","Bottled Flame","Centennial Puzzle","Singing Bowl","War Paint","Cursed Key","Bird Faced Urn"],"campfire_meditates":0,"card_choices":[{"not_picked":["Immolate","Bludgeon"],"picked":"Double Tap"},{"not_picked":["Warcry","Corruption"],"picked":"Anger"},{"not_picked":["Immolate","Sword Boomerang"],"picked":"Second Wind"},{"not_picked":["Shrug It Off","Reckless Charge"],"picked":"Headbutt"},{"not_picked":["True Grit","Exhume"],"picked":"Wild Strike"},{"not_picked":["Havoc","Armaments"],"picked":"Feel No Pain"},{"not_picked":["Dropkick","True Grit"],"picked":"Infernal Blade"},{"not_picked":["Anger","Twin Strike"],"picked":"Wild Strike"},{"not_picked":["Reaper","Brutality"],"picked":"Juggernaut"},{"not_picked":["Heavy Blade","Sword Boomerang"],"picked":"Anger"}],"player_experience":100261,"potions_floor_usage":[6,6,16],"damage_taken":[{"damage":12,"enemies":"Small Slimes","floor":1,"turns":3},{"damage":6,"enemies":"Jaw Worm","floor":4,"turns":3},{"damage":1,"enemies":"Cultist","floor":5,"turns":3},{"damage":31,"enemies":"Lagavulin","floor":6,"turns":6},{"damage":38,"enemies":"3 Sentries","floor":8,"turns":8},{"damage":12,"enemies":"Exordium Thugs","floor":10,"turns":5},{"damage":2,"enemies":"2 Fungi Beasts","floor":12,"turns":3},{"damage":62,"enemies":"Slime Boss","floor":16,"turns":17},{"damage":15,"enemies":"3 Byrds","floor":18,"turns":6},{"damage":12,"enemies":"Shell Parasite","floor":22,"turns":5},{"damage":75,"enemies":"Book of Stabbing","floor":23,"turns":6}],"event_choices":[{"event_name":"Golden Idol","player_choice":"Take Damage","floor":2,"damage_taken":0},{"event_name":"Mushrooms","player_choice":"Healed and dodged fight","floor":14,"damage_taken":0},{"event_name":"Addict","player_choice":"Obtained Relic","floor":19,"damage_taken":0},{"event_name":"Duplicator","player_choice":"One dupe","floor":21,"damage_taken":0}],"boss_relics":[{"not_picked":["Philosopher\u0027s Stone","Tiny House"],"picked":"Cursed Key"}],"potions_floor_spawned":[4,5,12],"seed_played":"-131928960419197712","killed_by":"Book of Stabbing","is_trial":false}