{"gold_per_floor":[116,191,191,191,208,243,260,260,260,260,360,375,395,424,424,496,496,512,538,538,24,40,40,365,365,392,392,392,392,422,439,439,439],"floor_reached":33,"playtime":1099,"items_purged":["Strike_R"],"score":521,"play_id":"08dcde15-cebb-482d-943f-910c324d24d4","local_time":"20190427123104","is_ascension_mode":true,"campfire_choices":[{"data":"Immolate","floor":8,"key":"SMITH"},{"data":"Clothesline","floor":10,"key":"SMITH"},{"data":"Pommel Strike","floor":15,"key":"SMITH"},{"data":"Iron Wave","floor":23,"key":"SMITH"},{"data":"Iron Wave","floor":25,"key":"SMITH"},{"data":"Dropkick","floor":27,"key":"SMITH"},{"data":"Shrug It Off","floor":29,"key":"SMITH"},{"data":"Thunderclap","floor":32,"key":"SMITH"}],"neow_cost":"NONE","seed_source_timestamp":511813858060666,"circlet_count":0,"master_deck":["AscendersBane","Strike_R","Strike_R","Strike_R","Strike_R","Defend_R","Defend_R","Defend_R","Bash+1","Iron Wave+1","Pommel Strike+1","Clothesline+1","Immolate+1","Headbutt","Shrug It Off+1","Reaper","Shrug It Off+1","Thunderclap+1","Double Tap+1","Havoc+1","Corruption+1","Thunderclap","Iron Wave+1","Dropkick+1","True Grit+1","True Grit+1"],"relics":["Burning Blood","NeowsBlessing","Ornamental Fan","Frozen Egg 2","Toxic Egg 2","Snecko Eye","Red Mask","FaceOfCleric","Membership Card","Orichalcum","Old Coin","Bag of Marbles","Blood Vial"],"potions_floor_usage":[14,22],"damage_taken":[{"damage":0,"enemies":"2 Louse","floor":1,"turns":1},{"damage":0,"enemies":"Small Slimes","floor":5,"turns":1},{"damage":0,"enemies":"Lagavulin","floor":6,"turns":1},{"damage":4,"enemies":"Jaw Worm","floor":7,"turns":3},{"damage":8,"enemies":"Large Slime","floor":12,"turns":4},{"damage":0,"enemies":"Lots of Slimes","floor":13,"turns":1},{"damage":8,"enemies":"Gremlin Nob","floor":14,"turns":3},{"damage":73,"enemies":"The Guardian","floor":16,"turns":11},{"damage":9,"enemies":"Chosen","floor":18,"turns":4},{"damage":0,"enemies":"Masked Bandits","floor":19,"turns":2},{"damage":20,"enemies":"Spheric Guardian","floor":22,"turns":6},{"damage":27,"enemies":"Book of Stabbing","floor":24,"turns":5},{"damage":7,"enemies":"Slavers","floor":30,"turns":2},{"damage":0,"enemies":"Chosen and Byrds","floor":31,"turns":2},{"damage":84,"enemies":"Champ","floor":33,"turns":10}],"seed_played":"-6430585673791803863","potions_obtained":[{"floor":5,"key":"Weak Potion"},{"floor":14,"key":"Fire Potion"},{"floor":18,"key":"Weak Potion"}],"is_trial":false,"path_per_floor":["M","?","?","?","M","E","M","R","T","R","?","M","M","E","R","B",null,"M","?","?","$","M","R","E","R","T","R","?","R","E","M","R","B"],"character_chosen":"IRONCLAD","items_purchased":["Membership Card","Trip+1","Double Tap+1","Havoc+1","Corruption+1","Thunderclap","Orichalcum"],"campfire_rested":0,"item_purchase_floors":[21,21,21,21,21,21,21],"current_hp_per_floor":[78,67,60,60,66,72,74,74,74,74,74,72,78,76,76,9,62,63,80,80,80,67,67,47,47,47,47,82,82,82,84,84,0],"gold":439,"neow_bonus":"THREE_ENEMY_KILL","is_prod":false,"is_daily":false,"chose_seed":false,"campfire_upgraded":8,"win_rate":0,"timestamp":1556361064,"path_taken":["M","?","?","?","?","E","M","R","T","R","?","M","?","E","R","BOSS","M","?","?","$","?","R","E","R","T","R","?","R","E","M","R","BOSS"],"build_version":"2019-04-23","purchased_purges":1,"victory":false,"max_hp_per_floor":[80,80,80,80,80,80,80,80,80,80,80,80,80,80,80,80,80,80,80,80,80,81,81,82,82,82,82,82,82,83,84,84,84],"card_choices":[{"not_picked":["Headbutt","Pommel Strike"],"picked":"Iron Wave","floor":1},{"not_picked":["Armaments","Inflame"],"picked":"Pommel Strike","floor":5},{"not_picked":["Evolve","Headbutt"],"picked":"Clothesline","floor":6},{"not_picked":["Reckless Charge","Armaments"],"picked":"Immolate","floor":7},{"not_picked":["Clash","Pommel Strike"],"picked":"Headbutt","floor":12},{"not_picked":["Spot Weakness","Perfected Strike"],"picked":"Shrug It Off","floor":13},{"not_picked":["Sword Boomerang","Clash"],"picked":"Reaper","floor":14},{"not_picked":["Flex+1","Pommel Strike"],"picked":"Shrug It Off+1","floor":18},{"not_picked":["Shrug It Off+1","Armaments+1"],"picked":"Thunderclap","floor":19},{"not_picked":["Twin Strike","Clash"],"picked":"Iron Wave","floor":22},{"not_picked":["Flex+1","Battle Trance+1"],"picked":"Dropkick","floor":24},{"not_picked":["Flex+1","Dual Wield+1"],"picked":"True Grit+1","floor":30},{"not_picked":["Flex+1","Sever Soul"],"picked":"True Grit+1","floor":31}],"player_experience":1260183,"relics_obtained":[{"floor":6,"key":"Ornamental Fan"},{"floor":9,"key":"Frozen Egg 2"},{"floor":14,"key":"Toxic Egg 2"},{"floor":19,"key":"Red Mask"},{"floor":24,"key":"Old Coin"},{"floor":26,"key":"Bag of Marbles"},{"floor":30,"key":"Blood Vial"}],"event_choices":[{"damage_healed":0,"gold_gain":75,"player_choice":"Gather Gold","damage_taken":11,"max_hp_gain":0,"max_hp_loss":0,"event_name":"World of Goop","floor":2,"gold_loss":0},{"cards_removed":["Defend_R"],"damage_healed":0,"gold_gain":0,"player_choice":"Card Removal","damage_taken":7,"max_hp_gain":0,"max_hp_loss":0,"event_name":"Golden Wing","floor":3,"gold_loss":0},{"damage_healed":0,"gold_gain":0,"player_choice":"Grow","damage_taken":0,"max_hp_gain":0,"max_hp_loss":0,"event_name":"Living Wall","floor":4,"gold_loss":0,"cards_upgraded":["Bash"]},{"damage_healed":0,"gold_gain":100,"player_choice":"Pray","damage_taken":0,"max_hp_gain":0,"max_hp_loss":0,"event_name":"Golden Shrine","floor":11,"gold_loss":0},{"damage_healed":0,"gold_gain":0,"player_choice":"Fought Bandits","damage_taken":0,"max_hp_gain":0,"max_hp_loss":0,"event_name":"Masked Bandits","floor":19,"gold_loss":0},{"damage_healed":0,"gold_gain":0,"player_choice":"Trade","damage_taken":0,"relics_obtained":["FaceOfCleric"],"max_hp_gain":0,"max_hp_loss":0,"event_name":"FaceTrader","floor":20,"gold_loss":0},{"cards_removed":["Trip"],"damage_healed":35,"gold_gain":0,"player_choice":"Offered Uncommon","damage_taken":0,"max_hp_gain":0,"max_hp_loss":0,"event_name":"Bonfire Elementals","floor":28,"gold_loss":0}],"is_beta":true,"boss_relics":[{"not_picked":["Runic Pyramid","Eternal Feather"],"picked":"Snecko Eye"}],"items_purged_floors":[21],"is_endless":false,"potions_floor_spawned":[5,14,18,19],"killed_by":"Champ","ascension_level":13}