{"gold_per_floor":[111,123,134,15,33,33,44,44,44,44,63,74,74,109,109,186,186,199,119,119],"floor_reached":20,"playtime":799,"items_purged":["Strike_B"],"score":334,"play_id":"5885e983-82a7-4586-bd99-973c1d93896d","local_time":"20190505135815","is_ascension_mode":true,"campfire_choices":[{"data":"Conserve Battery","floor":6,"key":"SMITH"},{"data":"Go for the Eyes","floor":8,"key":"SMITH"},{"data":"Sweeping Beam","floor":10,"key":"SMITH"},{"floor":13,"key":"REST"},{"floor":15,"key":"REST"}],"neow_cost":"NONE","seed_source_timestamp":1208545371731367,"circlet_count":0,"master_deck":["AscendersBane","Strike_B","Strike_B","Strike_B","Defend_B","Defend_B","Defend_B","Defend_B","Zap","Dualcast","Conserve Battery+1","Go for the Eyes+1","White Noise","Fusion","Loop","Sweeping Beam+1","Auto Shields","Barrage","Redo","Meteor Strike","Glacier","Go for the Eyes+1"],"relics":["Cracked Core","Centennial Puzzle","Lantern","Fusion Hammer"],"potions_floor_usage":[14,16,16,20],"damage_taken":[{"damage":16,"enemies":"Jaw Worm","floor":1,"turns":5},{"damage":1,"enemies":"Cultist","floor":2,"turns":3},{"damage":0,"enemies":"Small Slimes","floor":3,"turns":3},{"damage":6,"enemies":"Red Slaver","floor":5,"turns":4},{"damage":9,"enemies":"Looter","floor":7,"turns":4},{"damage":12,"enemies":"Lots of Slimes","floor":11,"turns":3},{"damage":9,"enemies":"Blue Slaver","floor":12,"turns":4},{"damage":34,"enemies":"3 Sentries","floor":14,"turns":9},{"damage":7,"enemies":"Slime Boss","floor":16,"turns":8},{"damage":23,"enemies":"Shell Parasite","floor":18,"turns":5},{"damage":17,"enemies":"2 Thieves","floor":19,"turns":4},{"damage":32,"enemies":"Cultist and Chosen","floor":20,"turns":3}],"seed_played":"3834487588644722478","potions_obtained":[{"floor":2,"key":"EssenceOfSteel"},{"floor":3,"key":"FearPotion"},{"floor":14,"key":"SteroidPotion"},{"floor":16,"key":"FocusPotion"},{"floor":18,"key":"Energy Potion"}],"is_trial":false,"path_per_floor":["M","M","M","$","M","R","M","R","T","R","M","M","R","E","R","B",null,"M","M","M"],"character_chosen":"DEFECT","items_purchased":["Fusion"],"campfire_rested":2,"item_purchase_floors":[4],"current_hp_per_floor":[55,54,54,54,48,48,39,39,39,39,27,18,41,7,30,23,64,41,24,0],"gold":119,"neow_bonus":"TEN_PERCENT_HP_BONUS","is_prod":false,"is_daily":false,"chose_seed":false,"campfire_upgraded":3,"win_rate":0,"timestamp":1557057495,"path_taken":["M","M","M","$","M","R","M","R","T","R","M","M","R","E","R","BOSS","M","M","M"],"build_version":"2019-04-23","purchased_purges":1,"victory":false,"max_hp_per_floor":[78,78,78,78,78,78,78,78,78,78,78,78,78,78,78,78,78,78,78,78],"card_choices":[{"not_picked":["Turbo","Loop"],"picked":"Conserve Battery","floor":1},{"not_picked":["Reinforced Body","Leap"],"picked":"Go for the Eyes","floor":2},{"not_picked":["Coolheaded","Streamline"],"picked":"White Noise","floor":3},{"not_picked":["Redo","Reinforced Body"],"picked":"Loop","floor":5},{"not_picked":["Lockon","Hologram"],"picked":"Sweeping Beam","floor":7},{"not_picked":["Heatsinks","Storm"],"picked":"Auto Shields","floor":11},{"not_picked":["Darkness","Turbo"],"picked":"Barrage","floor":12},{"not_picked":["Multi-Cast","Turbo"],"picked":"Redo","floor":14},{"not_picked":["Core Surge","Reboot"],"picked":"Meteor Strike","floor":16},{"not_picked":["Force Field","Streamline"],"picked":"Glacier","floor":18},{"not_picked":["Sunder","Turbo"],"picked":"Go for the Eyes+1","floor":19}],"player_experience":1516173,"relics_obtained":[{"floor":9,"key":"Centennial Puzzle"},{"floor":14,"key":"Lantern"}],"event_choices":[],"is_beta":true,"boss_relics":[{"not_picked":["Tiny House","Velvet Choker"],"picked":"Fusion Hammer"}],"items_purged_floors":[4],"is_endless":false,"potions_floor_spawned":[2,3,7,14,16,18],"killed_by":"Cultist and Chosen","ascension_level":18}