{"gold_per_floor":[115,134,134,2,2,2,20,20,43,70,87,105,119,150,150,224,224,243,72,88,103,103,103,134,134,134,154,154,168,199,218,218,218],"floor_reached":33,"playtime":1273,"items_purged":["Strike_B"],"score":608,"play_id":"44f42943-9afc-4c92-b49a-3add78698903","local_time":"20190510210702","is_ascension_mode":true,"campfire_choices":[{"data":"Doom and Gloom","floor":6,"key":"SMITH"},{"data":"Self Repair","floor":8,"key":"SMITH"},{"data":"Coolheaded","floor":15,"key":"SMITH"},{"floor":23,"key":"REST"},{"floor":25,"key":"REST"},{"data":"Conserve Battery","floor":32,"key":"SMITH"}],"neow_cost":"NONE","seed_source_timestamp":1665798958885816,"circlet_count":0,"master_deck":["AscendersBane","Strike_B","Defend_B","Defend_B","Defend_B","Defend_B","Zap","Dualcast+1","Self Repair+1","Ball Lightning","Doom and Gloom+1","Capacitor","Compile Driver","Genetic Algorithm","Conserve Battery+1","Coolheaded+1","FTL","Sweeping Beam","Electrodynamics","Self Repair","Conserve Battery","Ball Lightning","Stack","Defragment+1","Barrage+1","Go for the Eyes","Self Repair","Compile Driver"],"relics":["Cracked Core","PreservedInsect","Dodecahedron","Velvet Choker","Blue Candle","Pear","Matryoshka"],"potions_floor_usage":[10,11,21,21,33,33],"damage_taken":[{"damage":4,"enemies":"2 Louse","floor":1,"turns":3},{"damage":12,"enemies":"Jaw Worm","floor":2,"turns":3},{"damage":1,"enemies":"Cultist","floor":7,"turns":3},{"damage":15,"enemies":"Lagavulin","floor":10,"turns":5},{"damage":4,"enemies":"Exordium Thugs","floor":11,"turns":3},{"damage":10,"enemies":"2 Fungi Beasts","floor":12,"turns":4},{"damage":0,"enemies":"Lots of Slimes","floor":13,"turns":1},{"damage":10,"enemies":"3 Sentries","floor":14,"turns":4},{"damage":35,"enemies":"The Guardian","floor":16,"turns":12},{"damage":6,"enemies":"3 Byrds","floor":18,"turns":2},{"damage":34,"enemies":"Shell Parasite","floor":20,"turns":5},{"damage":25,"enemies":"Shelled Parasite and Fungi","floor":21,"turns":4},{"damage":31,"enemies":"Slavers","floor":24,"turns":5},{"damage":37,"enemies":"Snake Plant","floor":27,"turns":6},{"damage":18,"enemies":"Sentry and Sphere","floor":29,"turns":4},{"damage":29,"enemies":"Book of Stabbing","floor":30,"turns":4},{"damage":19,"enemies":"Snecko","floor":31,"turns":5},{"damage":85,"enemies":"Collector","floor":33,"turns":6}],"seed_played":"373838185987083602","potions_obtained":[{"floor":1,"key":"Explosive Potion"},{"floor":2,"key":"Energy Potion"},{"floor":12,"key":"Ancient Potion"},{"floor":18,"key":"Strength Potion"},{"floor":20,"key":"Block Potion"},{"floor":24,"key":"FocusPotion"},{"floor":31,"key":"PowerPotion"}],"is_trial":false,"path_per_floor":["M","M","?","$","?","R","M","R","T","E","M","M","M","E","R","B",null,"M","$","M","M","?","R","E","R","T","M","?","M","E","M","R","B"],"character_chosen":"DEFECT","items_purchased":["Doom and Gloom","Capacitor","Self Repair","Conserve Battery"],"campfire_rested":2,"item_purchase_floors":[4,4,19,19],"current_hp_per_floor":[60,55,34,34,34,34,40,40,40,35,41,41,51,51,51,26,60,54,54,37,29,29,50,26,47,57,37,91,90,78,76,76,0],"gold":218,"neow_bonus":"TRANSFORM_CARD","is_prod":false,"is_daily":false,"chose_seed":false,"campfire_upgraded":4,"win_rate":0,"timestamp":1557515222,"path_taken":["M","M","?","$","?","R","M","R","T","E","M","?","M","E","R","BOSS","M","$","M","M","?","R","E","R","T","M","?","M","E","?","R","BOSS"],"build_version":"2019-05-07","purchased_purges":1,"victory":false,"max_hp_per_floor":[71,71,71,71,71,71,71,71,71,71,71,71,71,71,71,71,71,71,71,71,71,71,71,71,71,81,81,91,91,91,91,91,91],"card_choices":[{"not_picked":["Undo","Scrape"],"picked":"Self Repair","floor":1},{"not_picked":["Sweeping Beam","Beam Cell"],"picked":"Ball Lightning","floor":2},{"not_picked":["Rebound","Sweeping Beam"],"picked":"Compile Driver","floor":7},{"not_picked":["Rebound","Force Field"],"picked":"Genetic Algorithm","floor":10},{"not_picked":["Reprogram","Aggregate"],"picked":"Conserve Battery","floor":11},{"not_picked":["Scrape","Hologram"],"picked":"Coolheaded","floor":12},{"not_picked":["Melter","Stack"],"picked":"FTL","floor":13},{"not_picked":["Gash","Skim"],"picked":"Sweeping Beam","floor":14},{"not_picked":["All For One","Meteor Strike"],"picked":"Electrodynamics","floor":16},{"not_picked":["Streamline","Gash+1","Scrape"],"picked":"SKIP","floor":18},{"not_picked":["Undo","Coolheaded"],"picked":"Ball Lightning","floor":20},{"not_picked":["Sweeping Beam","Steam"],"picked":"Stack","floor":21},{"not_picked":["Amplify","Chill"],"picked":"Defragment+1","floor":24},{"not_picked":["Chill","Cold Snap"],"picked":"Barrage+1","floor":27},{"not_picked":["Tempest+1","Sweeping Beam"],"picked":"Go for the Eyes","floor":29},{"not_picked":["Leap+1","Go for the Eyes"],"picked":"Self Repair","floor":30},{"not_picked":["Seek","Force Field"],"picked":"Compile Driver","floor":31}],"player_experience":1724169,"relics_obtained":[{"floor":9,"key":"PreservedInsect"},{"floor":14,"key":"Dodecahedron"},{"floor":24,"key":"Blue Candle"},{"floor":26,"key":"Pear"},{"floor":30,"key":"Matryoshka"}],"event_choices":[{"damage_healed":0,"gold_gain":0,"player_choice":"Entered Light","damage_taken":21,"max_hp_gain":0,"max_hp_loss":0,"event_name":"Shining Light","floor":3,"gold_loss":0,"cards_upgraded":["Dualcast","Thunder Strike"]},{"cards_removed":["Strike_B"],"damage_healed":0,"gold_gain":0,"player_choice":"Purged","damage_taken":0,"max_hp_gain":0,"max_hp_loss":0,"event_name":"Purifier","floor":5,"gold_loss":0},{"damage_healed":0,"gold_gain":0,"player_choice":"Ignored","damage_taken":0,"max_hp_gain":0,"max_hp_loss":0,"event_name":"Vampires","floor":22,"gold_loss":0},{"cards_removed":["Thunder Strike"],"damage_healed":44,"gold_gain":0,"player_choice":"Offered Rare","damage_taken":0,"max_hp_gain":10,"max_hp_loss":0,"event_name":"Bonfire Elementals","floor":28,"gold_loss":0}],"is_beta":true,"boss_relics":[{"not_picked":["Black Star","Tiny House"],"picked":"Velvet Choker"}],"items_purged_floors":[19],"is_endless":false,"potions_floor_spawned":[1,2,7,12,18,20,24,31],"killed_by":"Collector","ascension_level":19}