{"gold_per_floor":[114,126,137,62,62,91,91,105,105,121,139,149,49,80,80,80],"floor_reached":16,"playtime":1754,"items_purged":["Strike_R","Pain"],"score":228,"play_id":"23cfbe36-a47e-4caf-b2df-c373757f89f7","local_time":"20190517194310","is_ascension_mode":true,"campfire_choices":[{"data":"Sever Soul","floor":7,"key":"SMITH"},{"floor":15,"key":"REST"}],"neow_cost":"CURSE","seed_source_timestamp":2265086002371699,"circlet_count":0,"master_deck":["AscendersBane","Strike_R","Strike_R","Strike_R","Strike_R","Defend_R","Defend_R","Defend_R","Defend_R","Bash","Parasite","Iron Wave","Ghostly Armor","Sever Soul+1","Pommel Strike","True Grit","Anger","Offering","Reckless Charge"],"relics":["Burning Blood","Dead Branch","WarpedTongs","Bottled Flame","Shuriken","The Courier"],"potions_floor_usage":[11,16],"damage_taken":[{"damage":8,"enemies":"2 Louse","floor":1,"turns":4},{"damage":1,"enemies":"Cultist","floor":2,"turns":4},{"damage":6,"enemies":"Small Slimes","floor":3,"turns":3},{"damage":52,"enemies":"Gremlin Nob","floor":6,"turns":5},{"damage":21,"enemies":"Red Slaver","floor":8,"turns":3},{"damage":12,"enemies":"2 Fungi Beasts","floor":10,"turns":3},{"damage":5,"enemies":"3 Louse","floor":11,"turns":4},{"damage":10,"enemies":"Exordium Thugs","floor":12,"turns":3},{"damage":8,"enemies":"3 Sentries","floor":14,"turns":8},{"damage":34,"enemies":"The Guardian","floor":16,"turns":5}],"seed_played":"-791843680821469382","potions_obtained":[{"floor":1,"key":"FairyPotion"},{"floor":6,"key":"SkillPotion"},{"floor":11,"key":"Swift Potion"},{"floor":14,"key":"PowerPotion"}],"is_trial":false,"path_per_floor":["M","M","M","$","?","E","R","M","T","M","M","M","$","E","R","B"],"character_chosen":"IRONCLAD","items_purchased":[],"campfire_rested":1,"item_purchase_floors":[],"current_hp_per_floor":[66,71,71,71,71,25,25,10,10,13,14,10,10,8,30,0],"gold":80,"neow_bonus":"ONE_RARE_RELIC","is_prod":false,"is_daily":false,"chose_seed":false,"campfire_upgraded":1,"win_rate":0,"timestamp":1558114990,"path_taken":["M","M","M","$","?","E","R","M","T","M","M","?","$","E","R","BOSS"],"build_version":"2019-05-07","purchased_purges":2,"victory":false,"max_hp_per_floor":[75,75,75,75,75,75,75,75,75,75,75,75,75,75,75,75],"card_choices":[{"not_picked":["Pommel Strike","Flex"],"picked":"Iron Wave","floor":1},{"not_picked":["Twin Strike","Second Wind"],"picked":"Ghostly Armor","floor":2},{"not_picked":["Sword Boomerang","Thunderclap"],"picked":"Sever Soul","floor":3},{"not_picked":["Thunderclap","Perfected Strike"],"picked":"Pommel Strike","floor":6},{"not_picked":["Metallicize","Flex"],"picked":"True Grit","floor":8},{"not_picked":["Feel No Pain","Evolve"],"picked":"Anger","floor":10},{"not_picked":["Anger","Warcry"],"picked":"Offering","floor":11},{"not_picked":["Pommel Strike","Iron Wave","Clash"],"picked":"SKIP","floor":12},{"not_picked":["Pommel Strike","Iron Wave","Clash"],"picked":"SKIP","floor":12},{"not_picked":["Perfected Strike","Barricade"],"picked":"Reckless Charge","floor":14}],"player_experience":2012076,"relics_obtained":[{"floor":6,"key":"Bottled Flame"},{"floor":9,"key":"Shuriken"},{"floor":14,"key":"The Courier"}],"event_choices":[{"damage_healed":0,"gold_gain":0,"player_choice":"Rummage","damage_taken":0,"relics_obtained":["WarpedTongs"],"max_hp_gain":0,"max_hp_loss":0,"event_name":"Accursed Blacksmith","floor":5,"gold_loss":0,"cards_obtained":["Pain"]}],"is_beta":true,"boss_relics":[],"items_purged_floors":[4,13],"is_endless":false,"potions_floor_spawned":[1,6,11,14],"killed_by":"The Guardian","ascension_level":20}