{"path_per_floor":["M","M","M","?","M","E","R","M","T","?","E","M","E","?","R","B",null,"M","?","M","M","$","E","M","M","T","?","R","?","M","?","R"],"character_chosen":"IRONCLAD","items_purchased":["Apotheosis","Frozen Egg 2","Flash of Steel","Bloodletting"],"gold_per_floor":[115,128,147,222,237,264,264,280,280,280,309,328,354,454,454,559,559,574,574,588,598,1,30,49,66,66,66,66,66,82,82,82],"floor_reached":33,"campfire_rested":1,"playtime":1498,"current_hp_per_floor":[80,80,80,69,69,62,62,55,55,55,59,64,56,56,56,47,72,66,51,47,24,24,26,25,15,29,13,42,42,44,44,44],"items_purged":[],"gold":82,"score":386,"play_id":"b80c8bcb-24e6-4856-9dc0-e0f9b3a13a66","is_prod":false,"is_daily":false,"is_ascension_mode":true,"campfire_upgraded":3,"path_taken":["M","M","M","?","M","E","R","M","T","?","E","?","E","?","R","BOSS","M","?","M","M","$","E","M","M","T","?","R","?","M","?","R","BOSS"],"build_version":"2018-02-08-PROD1","purchased_purges":1,"victory":false,"master_deck":["Strike_R+1","Strike_R+1","Strike_R+1","Strike_R+1","Defend_R+1","Defend_R+1","Defend_R+1","Defend_R+1","Bash+1","Pommel Strike","Dropkick","Metallicize","Seeing Red+1","Shockwave+1","Thunderclap","Body Slam","Seeing Red","Shrug It Off","Offering","Infernal Blade+1","Headbutt","Apotheosis+1","Flash of Steel","Bloodletting","Berserk+1","Heavy Blade+1","Parasite","Necronomicurse","Flex"],"max_hp_per_floor":[80,80,80,80,80,80,80,80,80,80,80,80,80,80,80,80,80,80,85,85,85,85,85,85,85,99,99,99,99,99,99,99],"relics":["Burning Blood","Lantern","Du-Vu Doll","Gremlin Horn","Happy Flower","Cursed Key","Frozen Egg 2","Ice Cream","Mango","Necronomicon"],"card_choices":[{"not_picked":["Body Slam","Sever Soul"],"picked":"Pommel Strike"},{"not_picked":["Combust","Seeing Red"],"picked":"Dropkick"},{"not_picked":["Power Through","Disarm"],"picked":"Metallicize"},{"not_picked":["Headbutt","Twin Strike"],"picked":"Seeing Red"},{"not_picked":["Carnage","Twin Strike"],"picked":"Shockwave"},{"not_picked":["Clash","Twin Strike"],"picked":"Thunderclap"},{"not_picked":["Heavy Blade","Rage"],"picked":"Body Slam"},{"not_picked":["Rampage","Flex"],"picked":"Seeing Red"},{"not_picked":["Berserk","Headbutt"],"picked":"Shrug It Off"},{"not_picked":["Dark Embrace","Bludgeon"],"picked":"Offering"},{"not_picked":["Havoc","Power Through"],"picked":"Infernal Blade"},{"not_picked":["Sword Boomerang","Fire Breathing"],"picked":"Headbutt"},{"not_picked":["Reckless Charge","Wild Strike"],"picked":"Berserk"},{"not_picked":["Entrench","Pommel Strike"],"picked":"Heavy Blade"},{"not_picked":["Wild Strike","Pommel Strike"],"picked":"Flex"}],"player_experience":509082,"potions_floor_usage":[6,11,12,12,16,21,23,24,25],"damage_taken":[{"damage":6,"enemies":"Cultist","floor":1,"turns":3},{"damage":0,"enemies":"Small Slimes","floor":2,"turns":3},{"damage":5,"enemies":"2 Louse","floor":3,"turns":3},{"damage":6,"enemies":"Exordium Wildlife","floor":5,"turns":3},{"damage":13,"enemies":"3 Sentries","floor":6,"turns":6},{"damage":13,"enemies":"Exordium Thugs","floor":8,"turns":5},{"damage":8,"enemies":"Gremlin Nob","floor":11,"turns":3},{"damage":1,"enemies":"Gremlin Gang","floor":12,"turns":4},{"damage":14,"enemies":"3 Sentries","floor":13,"turns":7},{"damage":15,"enemies":"Slime Boss","floor":16,"turns":12},{"damage":12,"enemies":"3 Byrds","floor":18,"turns":4},{"damage":10,"enemies":"Spheric Guardian","floor":20,"turns":3},{"damage":29,"enemies":"Snake Plant","floor":21,"turns":4},{"damage":4,"enemies":"Gremlin Leader","floor":23,"turns":4},{"damage":7,"enemies":"Sentry and Sphere","floor":24,"turns":3},{"damage":16,"enemies":"Snecko","floor":25,"turns":4},{"damage":4,"enemies":"3 Cultists","floor":30,"turns":3},{"damage":49,"enemies":"Champ","floor":33,"turns":6}],"event_choices":[{"event_name":"World of Goop","player_choice":"Gather Gold","floor":4,"damage_taken":0},{"event_name":"Living Wall","player_choice":"Forget","floor":10,"damage_taken":0},{"event_name":"Golden Shrine","player_choice":"Pray","floor":14,"damage_taken":0},{"event_name":"Forgotten Altar","player_choice":"Shed Blood","floor":19,"damage_taken":0},{"event_name":"Cursed Tome","player_choice":"Obtained Book","floor":27,"damage_taken":0},{"event_name":"Back to Basics","player_choice":"Simplicity","floor":29,"damage_taken":0},{"event_name":"Vampires","player_choice":"Ignored","floor":31,"damage_taken":0}],"boss_relics":[{"not_picked":["Runic Cube","Mark of Pain"],"picked":"Cursed Key"}],"potions_floor_spawned":[5,6,8,11,13,16,20,21,23],"seed_played":"6385427188987422349","killed_by":"Champ","ascension_level":5,"is_trial":false}