{"gold_per_floor":[367,384,396,5,5,5,5,17,17,17,17,17,29,42,42,116,116,136,136,112,112,112],"floor_reached":22,"playtime":2063,"items_purged":[],"score":352,"play_id":"b769a71c-5f52-4cd0-aca7-73975b78e8e3","local_time":"20190519153954","is_ascension_mode":true,"campfire_choices":[{"data":"Bouncing Flask","floor":6,"key":"SMITH"},{"data":"Blur","floor":12,"key":"SMITH"},{"floor":15,"key":"REST"}],"neow_cost":"TEN_PERCENT_HP_LOSS","seed_source_timestamp":2422979809446780,"circlet_count":0,"master_deck":["AscendersBane","Defend_G","Defend_G","Defend_G","Defend_G","Defend_G","Strike_G","Survivor","Neutralize","Bouncing Flask+1","Dagger Spray","Deadly Poison","Pain","Blur+1","Backflip","Leg Sweep","Adrenaline","After Image+1","Bouncing Flask+1","Deadly Poison+1","RitualDagger","Decay"],"relics":["Ring of the Snake","Ice Cream","WarpedTongs","Centennial Puzzle","Astrolabe"],"potions_floor_usage":[16,22],"damage_taken":[{"damage":6,"enemies":"Cultist","floor":1,"turns":6},{"damage":2,"enemies":"Jaw Worm","floor":2,"turns":4},{"damage":7,"enemies":"2 Louse","floor":3,"turns":2},{"damage":10,"enemies":"Red Slaver","floor":8,"turns":4},{"damage":18,"enemies":"3 Louse","floor":13,"turns":3},{"damage":0,"enemies":"Exordium Wildlife","floor":14,"turns":3},{"damage":31,"enemies":"The Guardian","floor":16,"turns":9},{"damage":29,"enemies":"3 Byrds","floor":18,"turns":8},{"damage":1,"enemies":"2 Thieves","floor":20,"turns":5},{"damage":19,"enemies":"Centurion and Healer","floor":22,"turns":5}],"seed_played":"-5269450819750524220","potions_obtained":[{"floor":8,"key":"Fire Potion"},{"floor":16,"key":"SpeedPotion"}],"is_trial":false,"path_per_floor":["M","M","M","$","?","R","?","M","T","?","$","R","M","M","R","B",null,"M","?","M","?","M"],"character_chosen":"THE_SILENT","items_purchased":["Ice Cream","Deadly Poison"],"campfire_rested":1,"item_purchase_floors":[4,4],"current_hp_per_floor":[53,51,44,44,44,44,44,34,34,34,34,34,16,16,34,3,46,17,11,10,10,0],"gold":112,"neow_bonus":"TWO_FIFTY_GOLD","is_prod":false,"is_daily":false,"chose_seed":false,"campfire_upgraded":2,"win_rate":0,"timestamp":1558273194,"path_taken":["M","M","?","$","?","R","?","?","T","?","$","R","?","M","R","BOSS","M","?","M","?","M"],"build_version":"2019-05-07","purchased_purges":0,"victory":false,"max_hp_per_floor":[60,60,60,60,60,60,60,60,60,60,60,60,60,60,60,60,60,60,60,60,60,60],"card_choices":[{"not_picked":["Dodge and Roll","Slice"],"picked":"Bouncing Flask","floor":1},{"not_picked":["Cloak And Dagger","Dagger Throw"],"picked":"Dagger Spray","floor":2},{"not_picked":["Expertise","Underhanded Strike","Acrobatics"],"picked":"SKIP","floor":3},{"not_picked":["Blade Dance","Concentrate"],"picked":"Blur","floor":8},{"not_picked":["Dodge and Roll","Distraction"],"picked":"Leg Sweep","floor":13},{"not_picked":["A Thousand Cuts","Sucker Punch","Predator"],"picked":"SKIP","floor":14},{"not_picked":["After Image","Glass Knife"],"picked":"Adrenaline","floor":16},{"not_picked":["Backflip","Acrobatics","Masterful Stab+1"],"picked":"SKIP","floor":18},{"not_picked":["Underhanded Strike","Dagger Throw+1","Backflip"],"picked":"SKIP","floor":20}],"player_experience":2044734,"relics_obtained":[{"floor":9,"key":"Centennial Puzzle"}],"event_choices":[{"damage_healed":0,"gold_gain":0,"player_choice":"Leave","damage_taken":0,"max_hp_gain":0,"max_hp_loss":0,"event_name":"The Cleric","floor":5,"gold_loss":0},{"damage_healed":0,"gold_gain":0,"player_choice":"Rummage","damage_taken":0,"relics_obtained":["WarpedTongs"],"max_hp_gain":0,"max_hp_loss":0,"event_name":"Accursed Blacksmith","floor":7,"gold_loss":0,"cards_obtained":["Pain"]},{"damage_healed":0,"gold_gain":0,"cards_transformed":["Strike_G"],"player_choice":"Transformed","damage_taken":0,"max_hp_gain":0,"max_hp_loss":0,"event_name":"Transmorgrifier","floor":10,"gold_loss":0,"cards_obtained":["Backflip"]},{"damage_healed":0,"gold_gain":0,"player_choice":"Joined the Cult","damage_taken":6,"max_hp_gain":0,"max_hp_loss":0,"event_name":"Nest","floor":19,"gold_loss":0,"cards_obtained":["RitualDagger"]},{"damage_healed":0,"gold_gain":0,"player_choice":"Smashed Altar","damage_taken":0,"max_hp_gain":0,"max_hp_loss":0,"event_name":"Forgotten Altar","floor":21,"gold_loss":0,"cards_obtained":["Decay"]}],"is_beta":true,"boss_relics":[{"not_picked":["Cursed Key","Tiny House"],"picked":"Astrolabe"}],"items_purged_floors":[],"is_endless":false,"potions_floor_spawned":[8,16],"killed_by":"Centurion and Healer","ascension_level":20}