{"gold_per_floor":[117,117,132,144,114,145,161,161,161,189,202,202,175,194,194,271,271,282,293,101,120,137,137,162,162,192,208,224,224,243,271,271,350,350,370,383,383,403,419,419,453,472,517,517,548,558,48,0,0,0],"floor_reached":51,"playtime":7648,"items_purged":["Writhe"],"score":1237,"play_id":"68747af9-990f-4229-9b32-d9c6b48f415f","local_time":"20190511160201","is_ascension_mode":true,"campfire_choices":[{"data":"Armaments","floor":8.0,"key":"SMITH"},{"data":"True Grit","floor":12.0,"key":"SMITH"},{"data":"Bash","floor":15.0,"key":"SMITH"},{"data":"Flame Barrier","floor":23.0,"key":"SMITH"},{"data":"Carnage","floor":25.0,"key":"SMITH"},{"data":"Impervious","floor":29.0,"key":"SMITH"},{"floor":32.0,"key":"REST"},{"floor":40.0,"key":"REST"},{"floor":44.0,"key":"REST"},{"floor":49,"key":"REST"}],"neow_cost":"NONE","seed_source_timestamp":532946938485200,"circlet_count":0,"master_deck":["AscendersBane","Strike_R","Strike_R","Strike_R","Strike_R","Strike_R","Defend_R","Defend_R","Defend_R","Defend_R","Bash+1","Spot Weakness","Flame Barrier+1","Inflame","Twin Strike","Reaper","Armaments+1","Clothesline","True Grit+1","Shrug It Off","Power Through","Impervious+1","Ghostly Armor","Twin Strike","Infernal Blade","Blood for Blood","Carnage+1","Evolve+1","Disarm","Shrug It Off","Immolate","Exhume","Sword Boomerang","Iron Wave+1","Parasite","Pommel Strike+1","Ghostly Armor+1","Thunderclap","Parasite","Twin Strike+1","Inflame+1"],"special_seed":0,"relics":["Burning Blood","Happy Flower","Paper Frog","Charon\u0027s Ashes","Snecko Eye","TheAbacus","Frozen Egg 2","Tiny Chest","Meat on the Bone","Black Star","Anchor","Bottled Tornado","Oddly Smooth Stone","Letter Opener","Thread and Needle","Dream Catcher","Blue Candle","Red Mask"],"potions_floor_usage":[46,50,50],"damage_taken":[{"damage":13.0,"enemies":"Jaw Worm","floor":1.0,"turns":4.0},{"damage":1.0,"enemies":"Cultist","floor":3.0,"turns":3.0},{"damage":2.0,"enemies":"Small Slimes","floor":4.0,"turns":6.0},{"damage":6.0,"enemies":"Looter","floor":5.0,"turns":4.0},{"damage":24.0,"enemies":"Lagavulin","floor":6.0,"turns":8.0},{"damage":21.0,"enemies":"Blue Slaver","floor":7.0,"turns":4.0},{"damage":25.0,"enemies":"Gremlin Nob","floor":10.0,"turns":5.0},{"damage":14.0,"enemies":"2 Fungi Beasts","floor":11.0,"turns":4.0},{"damage":4.0,"enemies":"Looter","floor":14.0,"turns":4.0},{"damage":22.0,"enemies":"Hexaghost","floor":16.0,"turns":10.0},{"damage":21.0,"enemies":"3 Byrds","floor":18.0,"turns":4.0},{"damage":1.0,"enemies":"Shell Parasite","floor":19.0,"turns":5.0},{"damage":11.0,"enemies":"Centurion and Healer","floor":21.0,"turns":5.0},{"damage":0.0,"enemies":"Snecko","floor":22.0,"turns":3.0},{"damage":3.0,"enemies":"Gremlin Leader","floor":24.0,"turns":6.0},{"damage":0.0,"enemies":"Sentry and Sphere","floor":27.0,"turns":4.0},{"damage":10.0,"enemies":"Snake Plant","floor":28.0,"turns":5.0},{"damage":26.0,"enemies":"Cultist and Chosen","floor":30.0,"turns":7.0},{"damage":27.0,"enemies":"Slavers","floor":31.0,"turns":6.0},{"damage":45.0,"enemies":"Collector","floor":33.0,"turns":11.0},{"damage":13.0,"enemies":"Orb Walker","floor":35.0,"turns":4.0},{"damage":36.0,"enemies":"3 Shapes","floor":36.0,"turns":5.0},{"damage":33.0,"enemies":"Writhing Mass","floor":38.0,"turns":6.0},{"damage":35.0,"enemies":"Sphere and 2 Shapes","floor":39.0,"turns":6.0},{"damage":7.0,"enemies":"Nemesis","floor":41.0,"turns":5.0},{"damage":42.0,"enemies":"Transient","floor":42.0,"turns":5.0},{"damage":60.0,"enemies":"Giant Head","floor":45.0,"turns":7.0},{"damage":22,"enemies":"Writhing Mass","floor":46,"turns":11},{"damage":43,"enemies":"Time Eater","floor":50,"turns":11}],"seed_played":"2237742692921758658","potions_obtained":[{"floor":1.0,"key":"SpeedPotion"},{"floor":2.0,"key":"Ancient Potion"},{"floor":6.0,"key":"FearPotion"},{"floor":10.0,"key":"Fire Potion"},{"floor":22.0,"key":"FearPotion"},{"floor":30.0,"key":"LiquidBronze"},{"floor":39.0,"key":"Block Potion"},{"floor":42.0,"key":"PowerPotion"},{"floor":45.0,"key":"GamblersBrew"},{"floor":46,"key":"SpeedPotion"}],"is_trial":false,"path_per_floor":["M","?","M","M","M","E","M","R","T","E","M","R","$","M","R","B",null,"M","M","$","M","M","R","E","R","T","M","M","R","M","E","R","B",null,"M","M","?","M","M","R","E","M","T","R","E","M","$","?","R","B",null],"character_chosen":"IRONCLAD","items_purchased":["Shrug It Off","TheAbacus","PowerPotion","Dream Catcher","Blue Candle"],"campfire_rested":4,"item_purchase_floors":[13,20,47,47,47],"current_hp_per_floor":[68,68,73,77,77,59,53,53,53,44,36,36,36,38,38,29,69,66,71,71,77,82,82,82,82,82,82,78,78,65,51,75,48,74,67,49,70,55,38,62,61,43,43,67,25,36,36,36,60,50],"gold":0,"neow_bonus":"TEN_PERCENT_HP_BONUS","is_prod":false,"is_daily":false,"chose_seed":false,"campfire_upgraded":6,"win_rate":0,"timestamp":1557583321,"path_taken":["M","?","?","M","M","E","M","R","T","E","M","R","$","M","R","BOSS","M","M","$","M","M","R","E","R","T","M","M","R","?","E","R","BOSS","M","M","?","M","M","R","E","M","T","R","E","M","$","?","R","BOSS"],"build_version":"2019-01-23","purchased_purges":1,"victory":true,"max_hp_per_floor":[82,82,82,82,82,82,82,82,82,82,82,82,82,82,82,82,82,82,82,82,82,82,82,82,82,82,82,82,82,82,82,82,82,82,82,82,82,82,82,82,82,82,82,82,82,82,82,82,82,82],"card_choices":[{"not_picked":["Heavy Blade","Body Slam"],"picked":"Spot Weakness","floor":1.0},{"not_picked":["Rage","Flex"],"picked":"Flame Barrier","floor":3.0},{"not_picked":["Pommel Strike","Twin Strike"],"picked":"Inflame","floor":4.0},{"not_picked":["Flex","Heavy Blade"],"picked":"Twin Strike","floor":5.0},{"not_picked":["Cleave","Body Slam"],"picked":"Reaper","floor":6.0},{"not_picked":["Heavy Blade","Dual Wield"],"picked":"Armaments","floor":7.0},{"not_picked":["Reckless Charge","Flex"],"picked":"Clothesline","floor":10.0},{"not_picked":["Metallicize","Sentinel"],"picked":"True Grit","floor":11.0},{"not_picked":["Anger","Body Slam"],"picked":"Power Through","floor":14.0},{"not_picked":["Dark Embrace","Reaper"],"picked":"Impervious","floor":16.0},{"not_picked":["Intimidate","Sword Boomerang"],"picked":"Ghostly Armor","floor":18.0},{"not_picked":["Wild Strike","Inflame"],"picked":"Twin Strike","floor":19.0},{"not_picked":["Clash","Uppercut"],"picked":"Infernal Blade","floor":21.0},{"not_picked":["Rupture+1","Anger"],"picked":"Blood for Blood","floor":22.0},{"not_picked":["Wild Strike","Dual Wield"],"picked":"Carnage","floor":24.0},{"not_picked":["Perfected Strike","Sword Boomerang"],"picked":"Evolve+1","floor":27.0},{"not_picked":["Battle Trance","Wild Strike"],"picked":"Disarm","floor":28.0},{"not_picked":["Seeing Red","Clash"],"picked":"Shrug It Off","floor":30.0},{"not_picked":["Ghostly Armor","Dual Wield+1"],"picked":"Immolate","floor":31.0},{"not_picked":["Barricade+1","Double Tap"],"picked":"Exhume","floor":33.0},{"not_picked":["Intimidate","Sever Soul"],"picked":"Sword Boomerang","floor":35.0},{"not_picked":["Seeing Red","Sever Soul"],"picked":"Iron Wave+1","floor":36.0},{"not_picked":["Perfected Strike","Clash","Pommel Strike+1"],"picked":"SKIP","floor":38.0},{"not_picked":["Infernal Blade","Dual Wield"],"picked":"Pommel Strike+1","floor":39.0},{"not_picked":["Thunderclap","Anger"],"picked":"Ghostly Armor+1","floor":41.0},{"not_picked":["Exhume","Bloodletting","Headbutt"],"picked":"SKIP","floor":42.0},{"not_picked":["Ghostly Armor","Iron Wave"],"picked":"Thunderclap","floor":45.0},{"not_picked":["Burning Pact+1","Pommel Strike"],"picked":"Twin Strike+1","floor":46},{"not_picked":["Iron Wave+1","Armaments"],"picked":"Inflame+1","floor":49}],"player_experience":754196,"relics_obtained":[{"floor":6.0,"key":"Happy Flower"},{"floor":9.0,"key":"Paper Frog"},{"floor":10.0,"key":"Charon\u0027s Ashes"},{"floor":24.0,"key":"Frozen Egg 2"},{"floor":26.0,"key":"Tiny Chest"},{"floor":31.0,"key":"Meat on the Bone"},{"floor":41.0,"key":"Anchor"},{"floor":41.0,"key":"Bottled Tornado"},{"floor":43.0,"key":"Oddly Smooth Stone"},{"floor":45.0,"key":"Letter Opener"},{"floor":45.0,"key":"Thread and Needle"}],"event_choices":[{"damage_healed":0.0,"max_hp_gain":0.0,"max_hp_loss":0.0,"gold_gain":0.0,"event_name":"Lab","player_choice":"Got Potions","floor":2.0,"gold_loss":0.0,"damage_taken":0.0},{"damage_healed":21.0,"max_hp_gain":0.0,"max_hp_loss":0.0,"gold_gain":0.0,"event_name":"Winding Halls","player_choice":"Writhe","floor":37.0,"gold_loss":0.0,"damage_taken":0.0,"cards_obtained":["Writhe"]},{"damage_healed":0,"gold_gain":0,"player_choice":"Paid","damage_taken":0,"relics_obtained":["Red Mask"],"max_hp_gain":0,"max_hp_loss":0,"event_name":"Tomb of Lord Red Mask","floor":48,"gold_loss":48}],"is_beta":false,"boss_relics":[{"not_picked":["Busted Crown","Tiny House"],"picked":"Snecko Eye"},{"not_picked":["Eternal Feather","Lizard Tail"],"picked":"Black Star"}],"items_purged_floors":[47],"is_endless":false,"potions_floor_spawned":[1,6,10,14,22,24,30,31,33,39,42,45,46],"ascension_level":14}