{"path_per_floor":["M","?","?","M","M","E","R","E","T","R","M","?","R","M","R","B",null,"M","M","$","M","M","R","?","?","T","M","$","R","E","M","R","B",null,"M","?","M","$","?","R","M","$","T","M","$","?","M"],"character_chosen":"IRONCLAD","items_purchased":["Apotheosis","Inflame","Kunai","Toy Ornithopter","Double Tap"],"gold_per_floor":[109,59,59,80,98,141,141,182,182,182,206,206,206,221,221,349,349,374,388,174,197,217,217,217,217,241,261,10,10,43,61,61,186,186,200,200,221,23,86,86,101,101,178,192,114,0,16],"floor_reached":48,"campfire_rested":1,"playtime":3171,"current_hp_per_floor":[76,76,56,62,63,50,50,23,23,23,24,90,90,90,90,50,90,63,55,55,51,44,44,44,44,44,52,52,52,55,56,56,33,63,63,63,54,54,27,45,53,53,53,61,61,61,22],"items_purged":[],"gold":16,"play_id":"cdfc8137-bd19-467a-b299-848fba60d08c","is_prod":false,"is_daily":false,"is_ascension_mode":false,"campfire_upgraded":7,"path_taken":["M","?","?","M","?","E","R","E","T","R","M","?","R","M","R","BOSS","M","M","$","M","M","R","?","?","T","?","$","R","E","M","R","BOSS","M","?","M","$","?","R","M","?","T","M","$","?","?","E"],"build_version":"2018-01-25-PROD3","purchased_purges":2,"victory":false,"master_deck":["Defend_R","Defend_R","Defend_R","Defend_R","Heavy Blade+1","Clash","Pommel Strike+1","Flex+1","Barricade+1","Sword Boomerang","Limit Break+1","Flex","Evolve+1","Apotheosis+1","Inflame","Anger","Whirlwind+1","Bite_R","Bite_R","Bite_R","Bite_R","Shrug It Off","Dual Wield+1","Demon Form","Flex+1","Metallicize+1","Inflame+1","Headbutt+1","Double Tap","Clash+1"],"max_hp_per_floor":[80,80,80,80,80,80,80,80,80,80,80,90,90,90,90,90,90,90,90,90,90,90,90,90,63,63,63,63,63,63,63,63,63,63,63,63,63,63,63,63,63,63,63,63,63,63,63],"relics":["Burning Blood","Golden Idol","Lantern","Bottled Lightning","Ice Cream","Mark of Pain","Molten Egg","Kunai","Centennial Puzzle","White Beast Statue","Toy Ornithopter","Torii","Darkstone Periapt","Red Mask"],"card_choices":[{"not_picked":["Evolve","Metallicize"],"picked":"Heavy Blade"},{"not_picked":["Carnage","Evolve"],"picked":"Clash"},{"not_picked":["Second Wind","Sword Boomerang"],"picked":"Pommel Strike"},{"not_picked":["Clothesline","Sword Boomerang"],"picked":"Flex"},{"not_picked":["Cleave","Clash"],"picked":"Barricade"},{"not_picked":["Perfected Strike","Wild Strike"],"picked":"Sword Boomerang"},{"not_picked":["Double Tap","Barricade"],"picked":"Limit Break"},{"not_picked":["Body Slam","Havoc"],"picked":"Flex"},{"not_picked":["Inflame","Pommel Strike"],"picked":"Evolve"},{"not_picked":["Sever Soul","Clothesline"],"picked":"Anger"},{"not_picked":["Corruption","Reckless Charge"],"picked":"Shrug It Off"},{"not_picked":["Warcry","Second Wind"],"picked":"Dual Wield"},{"not_picked":["Fiend Fire","Dark Embrace"],"picked":"Demon Form"},{"not_picked":["Sword Boomerang","True Grit"],"picked":"Flex"},{"not_picked":["Body Slam","Cleave"],"picked":"Metallicize"},{"not_picked":["Infernal Blade","Wild Strike"],"picked":"Inflame"},{"not_picked":["Warcry","Havoc"],"picked":"Headbutt"},{"not_picked":["Power Through","Shrug It Off"],"picked":"Clash"}],"player_experience":332893,"potions_floor_usage":[8,16,18,21,21,30,33,35,39,39,48],"damage_taken":[{"damage":10,"enemies":"2 Louse","floor":1,"turns":3},{"damage":0,"enemies":"Cultist","floor":4,"turns":4},{"damage":5,"enemies":"Jaw Worm","floor":5,"turns":5},{"damage":19,"enemies":"Gremlin Nob","floor":6,"turns":4},{"damage":33,"enemies":"3 Sentries","floor":8,"turns":7},{"damage":5,"enemies":"Looter","floor":11,"turns":2},{"damage":6,"enemies":"Lots of Slimes","floor":14,"turns":5},{"damage":46,"enemies":"Slime Boss","floor":16,"turns":9},{"damage":33,"enemies":"Chosen","floor":18,"turns":7},{"damage":14,"enemies":"Shell Parasite","floor":19,"turns":4},{"damage":10,"enemies":"Chosen and Byrds","floor":21,"turns":3},{"damage":13,"enemies":"Snake Plant","floor":22,"turns":3},{"damage":10,"enemies":"3 Cultists","floor":27,"turns":4},{"damage":18,"enemies":"Slavers","floor":30,"turns":4},{"damage":15,"enemies":"Snecko","floor":31,"turns":4},{"damage":48,"enemies":"Collector","floor":33,"turns":7},{"damage":2,"enemies":"3 Darklings","floor":35,"turns":2},{"damage":15,"enemies":"3 Shapes","floor":37,"turns":3},{"damage":42,"enemies":"Mysterious Sphere","floor":39,"turns":5},{"damage":1,"enemies":"Maw","floor":41,"turns":5},{"damage":0,"enemies":"3 Darklings","floor":44,"turns":2},{"damage":47,"enemies":"4 Shapes","floor":47,"turns":2},{"damage":38,"enemies":"Giant Head","floor":48,"turns":6}],"event_choices":[{"event_name":"The Cleric","player_choice":"Card Removal","floor":2,"damage_taken":0},{"event_name":"Golden Idol","player_choice":"Take Damage","floor":3,"damage_taken":0},{"event_name":"Bonfire Elementals","player_choice":"RARE","floor":12,"damage_taken":0},{"event_name":"The Library","player_choice":"Read","floor":24,"damage_taken":0},{"event_name":"Vampires","player_choice":"Became a vampire","floor":25,"damage_taken":0},{"event_name":"Mysterious Sphere","player_choice":"Fight","floor":39,"damage_taken":0},{"event_name":"Tomb of Lord Red Mask","player_choice":"Paid","floor":46,"damage_taken":0}],"boss_relics":[{"not_picked":["Runic Cube","Philosopher\u0027s Stone"],"picked":"Mark of Pain"},{"not_picked":["Astrolabe","Orrery"],"picked":"White Beast Statue"}],"potions_floor_spawned":[1,4,6,11,16,18,27,30,35,37,39,41,44,47],"seed_played":"-8088664562509469203","killed_by":"Giant Head","ascension_level":0,"is_trial":false}