{"gold_per_floor":[111,111,131,56,56,56,80,80,80,99,143,167,167,188,188,318,348,367,10,28,28,51,51,91,91,91,91],"floor_reached":27,"playtime":1393,"items_purged":["Injury","Strike_R"],"score":256,"play_id":"4c6648f4-858a-4bf6-9b51-b047a6bea751","local_time":"20180831025520","is_ascension_mode":true,"campfire_choices":[{"data":"Juggernaut","floor":6,"key":"SMITH"},{"data":"Feel No Pain","floor":8,"key":"SMITH"},{"floor":15,"key":"REST"},{"floor":23,"key":"REST"},{"floor":25,"key":"REST"}],"neow_cost":"PERCENT_DAMAGE","seed_source_timestamp":9883054613544,"circlet_count":0,"master_deck":["Strike_R","Strike_R","Strike_R","Defend_R","Defend_R","Defend_R+1","Defend_R","Bash","Juggernaut+1","Iron Wave","Feel No Pain+1","Shrug It Off","Flex","Iron Wave+1","Ghostly Armor","Fiend Fire","Doubt","Decay","Normality","Rampage+1","Twin Strike","Shrug It Off+1","Corruption+1"],"relics":["Burning Blood","Golden Idol","Blue Candle","Lantern","Calling Bell","Tiny Chest","Singing Bowl","Bird Faced Urn","Frozen Egg 2","Shuriken","Gremlin Horn"],"potions_floor_usage":[16,16,22],"damage_taken":[{"damage":13,"enemies":"Jaw Worm","floor":1,"turns":4},{"damage":0,"enemies":"Small Slimes","floor":3,"turns":3},{"damage":6,"enemies":"Cultist","floor":7,"turns":4},{"damage":7,"enemies":"Looter","floor":10,"turns":4},{"damage":13,"enemies":"3 Sentries","floor":11,"turns":6},{"damage":3,"enemies":"Blue Slaver","floor":12,"turns":4},{"damage":9,"enemies":"Large Slime","floor":14,"turns":7},{"damage":41,"enemies":"Slime Boss","floor":16,"turns":9},{"damage":31,"enemies":"Spheric Guardian","floor":18,"turns":6},{"damage":32,"enemies":"Shell Parasite","floor":20,"turns":9},{"damage":27,"enemies":"Shelled Parasite and Fungi","floor":22,"turns":8},{"damage":51,"enemies":"Slavers","floor":24,"turns":7},{"damage":50,"enemies":"Gremlin Leader","floor":27,"turns":6}],"seed_played":"1305885117484511543","potions_obtained":[{"floor":10,"key":"SkillPotion"},{"floor":11,"key":"AttackPotion"},{"floor":16,"key":"Fire Potion"},{"floor":18,"key":"SteroidPotion"},{"floor":20,"key":"FearPotion"}],"is_trial":false,"path_per_floor":["M","?","M","$","?","R","M","R","T","M","E","M","?","M","R","B",null,"M","$","M","?","M","R","E","R","T"],"character_chosen":"IRONCLAD","items_purchased":["Frozen Egg 2"],"campfire_rested":3,"item_purchase_floors":[19],"current_hp_per_floor":[49,49,55,55,60,60,60,60,60,59,52,55,38,35,60,25,85,64,64,42,42,25,51,10,36,36,0],"gold":91,"neow_bonus":"THREE_RARE_CARDS","is_prod":false,"is_daily":false,"chose_seed":false,"campfire_upgraded":2,"win_rate":0,"timestamp":1535698520,"path_taken":["M","?","M","$","?","R","M","R","T","M","E","M","?","M","R","BOSS","M","?","?","?","M","R","E","R","T","E"],"build_version":"2018-08-30","purchased_purges":2,"victory":false,"max_hp_per_floor":[80,80,80,80,85,85,85,85,85,85,85,85,85,85,85,85,85,87,87,87,87,87,87,87,87,87,87],"card_choices":[{"not_picked":["Berserk","Immolate"],"picked":"Juggernaut","floor":0},{"not_picked":["Sword Boomerang","Clothesline"],"picked":"Iron Wave","floor":1},{"not_picked":["Clothesline","Sword Boomerang","Anger"],"picked":"SKIP","floor":3},{"not_picked":["Sword Boomerang","Sentinel"],"picked":"Feel No Pain","floor":7},{"not_picked":["Hemokinesis","Brutality"],"picked":"Shrug It Off","floor":10},{"not_picked":["Wild Strike","Iron Wave"],"picked":"Flex","floor":11},{"not_picked":["Thunderclap","Clothesline"],"picked":"Iron Wave","floor":12},{"not_picked":["Warcry","Clash"],"picked":"Ghostly Armor","floor":14},{"not_picked":["Immolate","Double Tap"],"picked":"Fiend Fire","floor":16},{"not_picked":["Sword Boomerang","Clothesline","Warcry"],"picked":"Singing Bowl","floor":18},{"not_picked":["Wild Strike","Perfected Strike+1"],"picked":"Rampage+1","floor":20},{"not_picked":["Heavy Blade","Body Slam"],"picked":"Shrug It Off+1","floor":22},{"not_picked":["Twin Strike","Clothesline"],"picked":"Corruption+1","floor":24}],"player_experience":674827,"relics_obtained":[{"floor":9,"key":"Blue Candle"},{"floor":11,"key":"Lantern"},{"floor":17,"key":"Tiny Chest"},{"floor":17,"key":"Singing Bowl"},{"floor":17,"key":"Bird Faced Urn"},{"floor":24,"key":"Shuriken"},{"floor":26,"key":"Gremlin Horn"}],"event_choices":[{"event_name":"Golden Idol","player_choice":"Take Wound","floor":2,"damage_taken":0},{"event_name":"Big Fish","player_choice":"Donut","floor":5,"damage_taken":0},{"event_name":"Shining Light","player_choice":"Entered Light","floor":13,"damage_taken":0},{"event_name":"Transmorgrifier","player_choice":"Transform","floor":21,"damage_taken":0}],"is_beta":false,"boss_relics":[{"not_picked":["Fusion Hammer","Runic Dome"],"picked":"Calling Bell"}],"items_purged_floors":[4,19],"is_endless":false,"potions_floor_spawned":[10,11,16,18,20],"killed_by":"Gremlin Leader","ascension_level":2}