{"gold_per_floor":[111,122,139,158,233,233,258,275,275,275,295,295,313,0,0,100,150,170,189,89,101,101,101,128,43,125,175,250,284,284,284,284,380,380,399,419,49,0,0],"floor_reached":39,"playtime":1665,"items_purged":["Strike_R","Strike_R","Defend_R"],"score":509,"play_id":"9c769346-d1f7-4bc1-b6a7-a047e4dd62ed","local_time":"20180906232334","is_ascension_mode":true,"campfire_choices":[{"data":"Immolate","floor":6,"key":"SMITH"},{"floor":10,"key":"REST"},{"data":"Whirlwind","floor":12,"key":"SMITH"},{"data":"Spot Weakness","floor":15,"key":"SMITH"},{"floor":23,"key":"REST"},{"floor":32,"key":"REST"}],"neow_cost":"PERCENT_DAMAGE","seed_source_timestamp":87490077101045,"circlet_count":0,"master_deck":["Defend_R","Defend_R","Defend_R+1","Bash","Sword Boomerang","Wild Strike","Immolate+1","Spot Weakness+1","Whirlwind+1","Spot Weakness","Feed","Power Through","Shrug It Off+1","Sword Boomerang","Whirlwind+1","J.A.X.","Impervious","Rage+1","Bite","Bite","Bite","Bite","Bite","Impervious","Shrug It Off","Flex","Armaments"],"relics":["Burning Blood","Ice Cream","Bottled Lightning","Ornamental Fan","Pantograph","Tiny House","Pocketwatch","Pear","Mummified Hand","Centennial Puzzle","Eternal Feather","PrismaticShard","Red Mask"],"potions_floor_usage":[21,21,24,24,29,30,39],"damage_taken":[{"damage":1,"enemies":"Cultist","floor":1,"turns":4},{"damage":2,"enemies":"Jaw Worm","floor":2,"turns":3},{"damage":10,"enemies":"2 Louse","floor":3,"turns":2},{"damage":14,"enemies":"Blue Slaver","floor":4,"turns":4},{"damage":20,"enemies":"3 Sentries","floor":7,"turns":3},{"damage":12,"enemies":"Exordium Wildlife","floor":8,"turns":2},{"damage":6,"enemies":"Large Slime","floor":11,"turns":4},{"damage":0,"enemies":"3 Louse","floor":13,"turns":1},{"damage":69,"enemies":"Hexaghost","floor":16,"turns":9},{"damage":6,"enemies":"3 Byrds","floor":18,"turns":2},{"damage":22,"enemies":"Shell Parasite","floor":19,"turns":4},{"damage":46,"enemies":"Sentry and Sphere","floor":21,"turns":6},{"damage":34,"enemies":"Gremlin Leader","floor":24,"turns":5},{"damage":22,"enemies":"Book of Stabbing","floor":29,"turns":4},{"damage":0,"enemies":"Centurion and Healer","floor":30,"turns":2},{"damage":74,"enemies":"Collector","floor":33,"turns":10},{"damage":33,"enemies":"3 Shapes","floor":35,"turns":4},{"damage":37,"enemies":"3 Darklings","floor":36,"turns":4},{"damage":47,"enemies":"Transient","floor":39,"turns":5}],"seed_played":"-8495278747825411277","potions_obtained":[{"floor":2,"key":"Ancient Potion"},{"floor":11,"key":"Ancient Potion"},{"floor":13,"key":"BloodPotion"},{"floor":16,"key":"EntropicBrew"},{"floor":18,"key":"Explosive Potion"},{"floor":29,"key":"FearPotion"},{"floor":35,"key":"Weak Potion"}],"is_trial":false,"path_per_floor":["M","M","M","M","?","R","E","M","T","R","M","R","M","$","R","B",null,"M","M","$","M","?","R","E","?","T","?","?","E","M","?","R","B",null,"M","M","$","?"],"character_chosen":"IRONCLAD","items_purchased":["Pantograph","PrismaticShard","Armaments"],"campfire_rested":3,"item_purchase_floors":[14,37,37],"current_hp_per_floor":[61,65,61,53,42,42,28,22,22,46,46,46,52,52,52,14,85,88,72,72,43,43,70,42,52,52,52,42,26,32,32,53,10,70,50,25,25,25,0],"gold":0,"neow_bonus":"ONE_RARE_RELIC","is_prod":false,"is_daily":false,"chose_seed":false,"campfire_upgraded":3,"win_rate":0,"timestamp":1536290614,"path_taken":["M","M","?","M","?","R","E","M","T","R","M","R","M","$","R","BOSS","M","M","$","M","?","R","E","?","T","?","?","E","?","?","R","BOSS","M","M","$","?","M"],"build_version":"2018-09-06","purchased_purges":3,"victory":false,"max_hp_per_floor":[80,80,80,80,80,80,80,80,80,80,80,80,80,80,80,80,85,88,88,88,91,91,91,91,101,101,101,101,101,101,70,70,70,70,73,73,73,73,73],"card_choices":[{"not_picked":["Wild Strike","Headbutt"],"picked":"Sword Boomerang","floor":1},{"not_picked":["Clothesline","Clash"],"picked":"Wild Strike","floor":2},{"not_picked":["Fire Breathing","Warcry"],"picked":"Immolate","floor":3},{"not_picked":["Twin Strike","Pommel Strike"],"picked":"Spot Weakness","floor":4},{"not_picked":["True Grit","Blood for Blood","Havoc"],"picked":"SKIP","floor":7},{"not_picked":["Twin Strike","Thunderclap","Warcry"],"picked":"SKIP","floor":8},{"not_picked":["Brutality","Heavy Blade"],"picked":"Whirlwind","floor":11},{"not_picked":["Dropkick","Flame Barrier"],"picked":"Spot Weakness","floor":13},{"not_picked":["Fiend Fire","Berserk"],"picked":"Feed","floor":16},{"not_picked":["Dropkick","Twin Strike"],"picked":"Power Through","floor":17},{"not_picked":["Battle Trance","Seeing Red+1"],"picked":"Shrug It Off+1","floor":18},{"not_picked":["Havoc","Burning Pact"],"picked":"Sword Boomerang","floor":19},{"not_picked":["Clash","Reckless Charge"],"picked":"Whirlwind+1","floor":21},{"not_picked":["Pummel","Cleave"],"picked":"Impervious","floor":24},{"not_picked":["Havoc","Clothesline"],"picked":"Rage+1","floor":29},{"not_picked":["Berserk","Brutality"],"picked":"Impervious","floor":33},{"not_picked":["Feel No Pain","Pommel Strike"],"picked":"Shrug It Off","floor":35},{"not_picked":["Intimidate","Havoc"],"picked":"Flex","floor":36}],"player_experience":752770,"relics_obtained":[{"floor":7,"key":"Bottled Lightning"},{"floor":9,"key":"Ornamental Fan"},{"floor":24,"key":"Pocketwatch"},{"floor":26,"key":"Mummified Hand"},{"floor":29,"key":"Centennial Puzzle"}],"event_choices":[{"event_name":"World of Goop","player_choice":"Gather Gold","floor":5,"damage_taken":0},{"event_name":"Drug Dealer","player_choice":"Got JAX","floor":22,"damage_taken":0},{"event_name":"Addict","player_choice":"Obtained Relic","floor":25,"damage_taken":0},{"event_name":"The Joust","player_choice":"Bet on Murderer","floor":27,"damage_taken":0},{"event_name":"FaceTrader","player_choice":"Touch","floor":28,"damage_taken":0},{"event_name":"Vampires","player_choice":"Became a vampire","floor":31,"damage_taken":0},{"event_name":"Tomb of Lord Red Mask","player_choice":"Paid","floor":38,"damage_taken":0}],"is_beta":false,"boss_relics":[{"not_picked":["Fusion Hammer","Philosopher\u0027s Stone"],"picked":"Tiny House"},{"not_picked":["Calling Bell","Coffee Dripper"],"picked":"Eternal Feather"}],"items_purged_floors":[14,20,37],"is_endless":false,"potions_floor_spawned":[2,11,13,16,18,29,30,35],"killed_by":"Transient","ascension_level":3}