{"gold_per_floor":[110,120,63,79,95,95,120,270,270,270],"floor_reached":10,"playtime":306,"items_purged":[],"score":133,"play_id":"f0db76a6-8a4c-492d-8a23-16e87e7d4599","local_time":"20190509191259","is_ascension_mode":true,"campfire_choices":[{"data":"Doom and Gloom","floor":6,"key":"SMITH"}],"neow_cost":"TEN_PERCENT_HP_LOSS","seed_source_timestamp":1573521714003479,"circlet_count":0,"master_deck":["AscendersBane","Strike_B","Strike_B","Defend_B","Defend_B","Defend_B","Defend_B","Zap","Dualcast","Static Discharge","Biased Cognition","Doom and Gloom+1","Barrage","Sweeping Beam","Cold Snap","Conserve Battery","Beam Cell+1","Doubt"],"relics":["Cracked Core","Molten Egg 2","Matryoshka"],"potions_floor_usage":[7,10],"damage_taken":[{"damage":2,"enemies":"2 Louse","floor":1,"turns":3},{"damage":9,"enemies":"Small Slimes","floor":2,"turns":2},{"damage":2,"enemies":"Jaw Worm","floor":4,"turns":3},{"damage":12,"enemies":"Looter","floor":5,"turns":3},{"damage":17,"enemies":"Lagavulin","floor":7,"turns":6},{"damage":31,"enemies":"Gremlin Nob","floor":10,"turns":3}],"seed_played":"8611786518868252136","potions_obtained":[{"floor":1,"key":"AttackPotion"},{"floor":5,"key":"LiquidBronze"}],"is_trial":false,"path_per_floor":["M","M","$","M","M","R","E","?","T","E"],"character_chosen":"DEFECT","items_purchased":["Sweeping Beam"],"campfire_rested":0,"item_purchase_floors":[3],"current_hp_per_floor":[62,53,53,51,39,39,22,22,22,0],"gold":270,"neow_bonus":"TRANSFORM_TWO_CARDS","is_prod":false,"is_daily":false,"chose_seed":false,"campfire_upgraded":1,"win_rate":0,"timestamp":1557421979,"path_taken":["M","M","$","M","M","R","E","?","T","E"],"build_version":"2019-05-07","purchased_purges":0,"victory":false,"max_hp_per_floor":[64,64,64,64,64,64,64,64,64,64],"card_choices":[{"not_picked":["Reprogram","Coolheaded"],"picked":"Doom and Gloom","floor":1},{"not_picked":["Storm","Beam Cell"],"picked":"Barrage","floor":2},{"not_picked":["Storm","Beam Cell"],"picked":"Cold Snap","floor":4},{"not_picked":["Reprogram","Loop"],"picked":"Conserve Battery","floor":5},{"not_picked":["Undo","Leap"],"picked":"Beam Cell","floor":7}],"player_experience":1677238,"relics_obtained":[{"floor":7,"key":"Molten Egg 2"},{"floor":9,"key":"Matryoshka"}],"event_choices":[{"damage_healed":0,"gold_gain":150,"player_choice":"AGREE","damage_taken":0,"max_hp_gain":0,"max_hp_loss":0,"event_name":"Liars Game","floor":8,"gold_loss":0,"cards_obtained":["Doubt"]}],"is_beta":true,"boss_relics":[],"items_purged_floors":[],"is_endless":false,"potions_floor_spawned":[1,5],"killed_by":"Gremlin Nob","ascension_level":19}