{"path_per_floor":["M","?","M","?","M","E","R","E","T","M","$","R","?","M","R","B",null,"M","?","?","$","?","R","E","R","T","T","$","M","M","M","R","B",null,"M","?","?","M","?","R","M","R","T","R"],"character_chosen":"IRONCLAD","items_purchased":["Flame Barrier","Inflame","Seeing Red"],"gold_per_floor":[116,66,79,79,92,117,117,148,148,158,45,45,45,60,60,162,162,176,176,176,32,32,32,60,60,139,165,65,83,94,114,114,212,212,229,229,229,244,244,244,263,263,263,263],"floor_reached":45,"campfire_rested":0,"playtime":4720,"current_hp_per_floor":[76,76,80,80,80,57,57,55,55,56,56,56,56,60,60,27,80,77,77,77,77,62,62,46,46,46,46,46,56,66,70,70,41,85,85,85,75,85,85,85,72,72,72,72],"items_purged":["Defend_R","Strike_R"],"gold":263,"play_id":"efde9fc7-b056-48f3-90d3-4289b72cec85","is_prod":false,"is_daily":false,"campfire_rituals":0,"campfire_upgraded":8,"is_hardmode":false,"path_taken":["M","?","M","?","?","E","R","E","T","M","$","R","?","M","R","BOSS","M","?","?","?","?","R","E","R","T","?","$","M","M","M","R","BOSS","M","?","?","M","?","R","M","R","T","R","E"],"build_version":"2018-01-18-PROD4","purchased_purges":2,"victory":false,"master_deck":["Strike_R","Strike_R","Strike_R","Defend_R","Defend_R","Defend_R","Bash","Anger","Sever Soul","Warcry","Impervious","Juggernaut","Shrug It Off","Flame Barrier","Inflame","Dark Shackles","Immolate","Rage","Offering","Whirlwind","Shockwave","Seeing Red","Heavy Blade","Inflame","Headbutt","Dual Wield","Limit Break","Decay","Madness","Madness","Shrug It Off","Iron Wave","Flash of Steel","Decay"],"max_hp_per_floor":[80,80,80,80,80,80,80,80,80,80,80,80,80,80,80,80,80,80,80,80,80,85,85,85,85,85,85,85,85,85,85,85,85,85,85,85,85,85,85,85,85,85,85,85],"relics":["Black Blood","Ice Cream","War Paint","Orichalcum","Thread and Needle","Ginger","Bird Faced Urn","Paper Frog","Molten Egg","Cursed Key","Peace Pipe"],"campfire_meditates":0,"card_choices":[{"not_picked":["Feel No Pain","Dual Wield"],"picked":"Anger"},{"not_picked":["Wild Strike","Cleave"],"picked":"Sever Soul"},{"not_picked":["Wild Strike","Shrug It Off"],"picked":"Warcry"},{"not_picked":["Twin Strike","Wild Strike"],"picked":"Impervious"},{"not_picked":["Wild Strike","Pommel Strike"],"picked":"Juggernaut"},{"not_picked":["Twin Strike","Pommel Strike"],"picked":"Shrug It Off"},{"not_picked":["Uppercut","Clothesline"],"picked":"Rage"},{"not_picked":["Brutality","Limit Break"],"picked":"Offering"},{"not_picked":["Iron Wave","Combust"],"picked":"Whirlwind"},{"not_picked":["Sword Boomerang","Twin Strike"],"picked":"Heavy Blade"},{"not_picked":["Combust","Flex"],"picked":"Inflame"},{"not_picked":["Perfected Strike","Hemokinesis"],"picked":"Headbutt"},{"not_picked":["Headbutt","Iron Wave"],"picked":"Dual Wield"},{"not_picked":["Berserk","Juggernaut"],"picked":"Limit Break"},{"not_picked":["Fire Breathing","Shockwave"],"picked":"Shrug It Off"}],"player_experience":28292,"potions_floor_usage":[6,8,31,33,45,45],"damage_taken":[{"damage":10,"enemies":"Jaw Worm","floor":1,"turns":5},{"damage":1,"enemies":"Cultist","floor":3,"turns":3},{"damage":2,"enemies":"Blue Slaver","floor":5,"turns":4},{"damage":29,"enemies":"3 Sentries","floor":6,"turns":8},{"damage":8,"enemies":"Gremlin Nob","floor":8,"turns":4},{"damage":5,"enemies":"2 Fungi Beasts","floor":10,"turns":5},{"damage":2,"enemies":"Lots of Slimes","floor":14,"turns":4},{"damage":39,"enemies":"The Guardian","floor":16,"turns":10},{"damage":13,"enemies":"Shell Parasite","floor":18,"turns":6},{"damage":26,"enemies":"Book of Stabbing","floor":24,"turns":7},{"damage":4,"enemies":"Spheric Guardian","floor":29,"turns":4},{"damage":4,"enemies":"Centurion and Healer","floor":30,"turns":4},{"damage":21,"enemies":"3 Cultists","floor":31,"turns":5},{"damage":43,"enemies":"Collector","floor":33,"turns":7},{"damage":4,"enemies":"3 Darklings","floor":35,"turns":4},{"damage":0,"enemies":"Orb Walker","floor":38,"turns":3},{"damage":25,"enemies":"3 Darklings","floor":41,"turns":3},{"damage":78,"enemies":"2 Orb Walkers","floor":45,"turns":4}],"event_choices":[{"event_name":"The Cleric","player_choice":"Card Removal","floor":2,"damage_taken":0},{"event_name":"Big Fish","player_choice":"Box","floor":4,"damage_taken":0},{"event_name":"Match and Keep!","player_choice":"2 cards matched","floor":13,"damage_taken":0},{"event_name":"Fountain of Cleansing","player_choice":"Removed Curse","floor":19,"damage_taken":0},{"event_name":"The Library","player_choice":"Read","floor":20,"damage_taken":0},{"event_name":"Forgotten Altar","player_choice":"Shed Blood","floor":22,"damage_taken":0},{"event_name":"Wheel of Change","player_choice":"Curse","floor":36,"damage_taken":0},{"event_name":"Winding Halls","player_choice":"Embrace Madness","floor":37,"damage_taken":0},{"event_name":"Match and Keep!","player_choice":"2 cards matched","floor":39,"damage_taken":0}],"boss_relics":[{"not_picked":["White Beast Statue","Philosopher\u0027s Stone"],"picked":"Black Blood"},{"not_picked":["Question Card","Tiny House"],"picked":"Cursed Key"}],"potions_floor_spawned":[1,6,8,16,29,30,38],"seed_played":"51305845771415569","killed_by":"2 Orb Walkers","is_trial":false}