{"gold_per_floor":[119,129,129,140,140,140,169,244,268,268,297,311,340,340,340,416,416,434,452,74,74,91,91,117,117,196,196],"floor_reached":27,"playtime":1169,"items_purged":["Strike_B"],"score":486,"play_id":"339845e0-3d9c-43d7-b13c-2a870d37779f","local_time":"20190510184809","is_ascension_mode":true,"campfire_choices":[{"data":"Coolheaded","floor":6,"key":"SMITH"},{"floor":10,"key":"REST"},{"floor":15,"key":"REST"},{"floor":23,"key":"REST"},{"floor":25,"key":"REST"}],"neow_cost":"NONE","seed_source_timestamp":1657569508452360,"circlet_count":0,"master_deck":["AscendersBane","Strike_B","Strike_B","Strike_B","Defend_B","Defend_B","Defend_B","Defend_B","Zap","Dualcast","Glacier","Coolheaded+1","Force Field","Ball Lightning","Self Repair","Leap+1","Redo+1","Doom and Gloom","Echo Form","Stack+1","Reinforced Body+1","Reinforced Body+1","Tempest+1","FTL+1","Genetic Algorithm+1","Tempest+1"],"relics":["Cracked Core","NeowsBlessing","Pen Nib","Pantograph","Oddly Smooth Stone","Toxic Egg 2","Dream Catcher","WingedGreaves","Sozu","OrangePellets","FaceOfCleric","Bottled Flame","Bottled Lightning"],"potions_floor_usage":[7,13,13,16],"damage_taken":[{"damage":0,"enemies":"Small Slimes","floor":1,"turns":1},{"damage":0,"enemies":"Cultist","floor":2,"turns":1},{"damage":0,"enemies":"2 Louse","floor":4,"turns":1},{"damage":19,"enemies":"Lagavulin","floor":7,"turns":8},{"damage":38,"enemies":"Gremlin Nob","floor":11,"turns":6},{"damage":8,"enemies":"2 Fungi Beasts","floor":12,"turns":4},{"damage":4,"enemies":"Lagavulin","floor":13,"turns":9},{"damage":20,"enemies":"The Guardian","floor":16,"turns":9},{"damage":31,"enemies":"2 Thieves","floor":18,"turns":5},{"damage":3,"enemies":"3 Byrds","floor":19,"turns":6},{"damage":26,"enemies":"Shelled Parasite and Fungi","floor":22,"turns":7},{"damage":32,"enemies":"Gremlin Leader","floor":24,"turns":7},{"damage":61,"enemies":"Slavers","floor":27,"turns":4}],"seed_played":"852285250926303976","potions_obtained":[{"floor":1,"key":"SteroidPotion"},{"floor":4,"key":"SpeedPotion"},{"floor":12,"key":"Fire Potion"},{"floor":13,"key":"FocusPotion"}],"is_trial":false,"path_per_floor":["M","M","?","M","?","R","E","?","T","R","E","M","E","T","R","B",null,"M","M","$","?","M","R","E","R","T","E"],"character_chosen":"DEFECT","items_purchased":["OrangePellets","Reinforced Body+1"],"campfire_rested":4,"item_purchase_floors":[20,20],"current_hp_per_floor":[64,64,64,64,59,59,40,29,29,50,12,11,14,14,35,47,65,48,45,45,45,34,55,38,59,59,0],"gold":196,"neow_bonus":"THREE_ENEMY_KILL","is_prod":false,"is_daily":false,"chose_seed":false,"campfire_upgraded":1,"win_rate":0,"timestamp":1557506889,"path_taken":["M","M","?","?","?","R","E","?","T","R","E","M","E","?","R","BOSS","M","M","$","?","M","R","E","R","T","E"],"build_version":"2019-05-07","purchased_purges":1,"victory":false,"max_hp_per_floor":[71,71,71,71,71,71,71,71,71,71,71,71,71,71,71,71,71,71,71,71,71,72,72,73,73,73,73],"card_choices":[{"not_picked":["Recycle","Coolheaded"],"picked":"Glacier","floor":1},{"not_picked":["Rebound","Barrage"],"picked":"Coolheaded","floor":2},{"not_picked":["Fusion","Barrage"],"picked":"Ball Lightning","floor":4},{"not_picked":["Rebound","Machine Learning","Force Field"],"picked":"SKIP","floor":7},{"not_picked":["Cold Snap","Fusion"],"picked":"Self Repair","floor":11},{"not_picked":["Ball Lightning","FTL"],"picked":"Leap+1","floor":12},{"not_picked":["Streamline","Barrage"],"picked":"Redo+1","floor":13},{"not_picked":["Glacier+1","Hello World"],"picked":"Doom and Gloom","floor":15},{"not_picked":["Amplify+1","Hyperbeam"],"picked":"Echo Form","floor":16},{"not_picked":["Steam+1","Rebound"],"picked":"Stack+1","floor":18},{"not_picked":["Doom and Gloom","Streamline"],"picked":"Reinforced Body+1","floor":19},{"not_picked":["Melter","Fusion+1"],"picked":"Tempest+1","floor":22},{"not_picked":["Double Energy+1","Self Repair"],"picked":"FTL+1","floor":23},{"not_picked":["Turbo+1","Cold Snap"],"picked":"Genetic Algorithm+1","floor":24},{"not_picked":["Cold Snap","Melter"],"picked":"Tempest+1","floor":25}],"player_experience":1717909,"relics_obtained":[{"floor":7,"key":"Pantograph"},{"floor":9,"key":"Oddly Smooth Stone"},{"floor":11,"key":"Toxic Egg 2"},{"floor":13,"key":"Dream Catcher"},{"floor":14,"key":"WingedGreaves"},{"floor":24,"key":"Bottled Flame"},{"floor":26,"key":"Bottled Lightning"}],"event_choices":[{"damage_healed":0,"gold_gain":0,"player_choice":"1 cards matched","damage_taken":0,"max_hp_gain":0,"max_hp_loss":0,"event_name":"Match and Keep!","floor":3,"gold_loss":0,"cards_obtained":["Force Field"]},{"damage_healed":0,"gold_gain":0,"player_choice":"Success","damage_taken":5,"relics_obtained":["Pen Nib"],"max_hp_gain":0,"max_hp_loss":0,"event_name":"Scrap Ooze","floor":5,"gold_loss":0},{"damage_healed":0,"gold_gain":75,"player_choice":"Gather Gold","damage_taken":11,"max_hp_gain":0,"max_hp_loss":0,"event_name":"World of Goop","floor":8,"gold_loss":0},{"damage_healed":0,"gold_gain":0,"player_choice":"Trade","damage_taken":0,"relics_obtained":["FaceOfCleric"],"max_hp_gain":0,"max_hp_loss":0,"event_name":"FaceTrader","floor":21,"gold_loss":0}],"is_beta":true,"boss_relics":[{"not_picked":["Calling Bell","Nuclear Battery"],"picked":"Sozu"}],"items_purged_floors":[20],"is_endless":false,"potions_floor_spawned":[1,4,12,13,18,22],"killed_by":"Slavers","ascension_level":19}