{"gold_per_floor":[117,133,149,165,165,165,90,122,122,149,149,169,22,42,42,141,141,156,85,85,85,85,113,113,125,155,155,155,167,91,111,111,212,212,222,322,143,103,122,122,134,164,176,201,232,260,272,610,622,634],"floor_reached":50,"playtime":3078,"items_purged":["Strike_B","Strike_B"],"score":773,"play_id":"86c61886-43aa-42ac-a424-f095c3c65970","local_time":"20190421164813","is_ascension_mode":true,"campfire_choices":[{"data":"Zap","floor":6,"key":"SMITH"},{"data":"Multi-Cast","floor":11,"key":"SMITH"},{"floor":15,"key":"REST"},{"floor":24,"key":"REST"},{"data":"Seek","floor":27,"key":"SMITH"},{"data":"Darkness","floor":32,"key":"SMITH"},{"floor":40,"key":"REST"},{"data":"Loop","floor":47,"key":"SMITH"},{"floor":49,"key":"REST"}],"neow_cost":"NONE","seed_source_timestamp":6863220823413,"circlet_count":0,"master_deck":["Defend_B","Defend_B","Defend_B","Defend_B","Zap+1","Dualcast","Multi-Cast+1","Doom and Gloom+1","Ball Lightning","Sweeping Beam+1","Loop","Darkness+1","Streamline","Seek+1","Loop+1","Necronomicurse","Multi-Cast+1","Loop+1","Buffer+1","Self Repair+1","Capacitor+1","Leap+1","Redo+1"],"relics":["Cracked Core","Shuriken","Mercury Hourglass","Singing Bowl","Happy Flower","Snecko Eye","Necronomicon","Frozen Egg 2","Tiny Chest","Girya","Sozu","Nunchaku","MawBank","Pear","Old Coin"],"potions_floor_usage":[14,18,23,48,50,50],"damage_taken":[{"damage":4,"enemies":"Jaw Worm","floor":1,"turns":4},{"damage":6,"enemies":"Cultist","floor":2,"turns":4},{"damage":3,"enemies":"2 Louse","floor":3,"turns":2},{"damage":3,"enemies":"Blue Slaver","floor":4,"turns":3},{"damage":20,"enemies":"3 Sentries","floor":8,"turns":4},{"damage":16,"enemies":"Gremlin Nob","floor":10,"turns":3},{"damage":5,"enemies":"Gremlin Gang","floor":12,"turns":2},{"damage":8,"enemies":"Large Slime","floor":14,"turns":4},{"damage":0,"enemies":"Slime Boss","floor":16,"turns":3},{"damage":22,"enemies":"3 Byrds","floor":18,"turns":3},{"damage":25,"enemies":"Gremlin Leader","floor":23,"turns":4},{"damage":0,"enemies":"Spheric Guardian","floor":25,"turns":2},{"damage":0,"enemies":"3 Cultists","floor":29,"turns":2},{"damage":5,"enemies":"Snecko","floor":31,"turns":3},{"damage":28,"enemies":"Champ","floor":33,"turns":7},{"damage":6,"enemies":"Orb Walker","floor":35,"turns":3},{"damage":0,"enemies":"Mind Bloom Boss Battle","floor":36,"turns":4},{"damage":35,"enemies":"3 Shapes","floor":39,"turns":2},{"damage":0,"enemies":"Transient","floor":41,"turns":5},{"damage":21,"enemies":"Giant Head","floor":42,"turns":5},{"damage":25,"enemies":"Jaw Worm Horde","floor":44,"turns":4},{"damage":3,"enemies":"Spire Growth","floor":45,"turns":4},{"damage":0,"enemies":"Transient","floor":46,"turns":5},{"damage":17,"enemies":"Reptomancer","floor":48,"turns":5},{"damage":121,"enemies":"Awakened One","floor":50,"turns":7}],"seed_played":"-3110221332305713770","potions_obtained":[{"floor":2,"key":"GamblersBrew"},{"floor":8,"key":"GamblersBrew"},{"floor":10,"key":"Weak Potion"},{"floor":14,"key":"Strength Potion"},{"floor":25,"key":"Fruit Juice"},{"floor":29,"key":"SpeedPotion"}],"is_trial":false,"path_per_floor":["M","M","M","M","?","R","$","E","T","E","R","M","$","M","R","B",null,"M","$","?","?","?","E","R","M","T","R","?","M","$","M","R","B",null,"M","?","$","?","M","R","M","E","T","M","M","M","R","E","R","B"],"character_chosen":"DEFECT","items_purchased":["Happy Flower","Loop","Loop+1","Capacitor+1"],"campfire_rested":4,"item_purchase_floors":[13,19,30,37],"current_hp_per_floor":[71,65,62,59,59,59,59,39,39,23,23,18,18,10,32,32,75,55,55,39,39,39,16,39,41,41,41,41,43,43,40,40,12,85,81,81,81,81,46,72,82,63,73,60,59,71,71,66,98,0],"gold":634,"neow_bonus":"TRANSFORM_CARD","is_prod":false,"is_daily":false,"chose_seed":false,"campfire_upgraded":5,"win_rate":0,"timestamp":1555858093,"path_taken":["M","M","M","M","?","R","$","E","T","E","R","M","$","?","R","BOSS","M","$","?","?","?","E","R","?","T","R","?","M","?","M","R","BOSS","M","?","$","?","M","R","M","E","T","M","M","M","R","E","R","BOSS"],"build_version":"2019-04-20","purchased_purges":2,"victory":false,"max_hp_per_floor":[75,75,75,75,75,75,75,75,75,75,75,75,75,75,75,75,75,77,77,77,77,77,79,79,81,81,81,81,83,83,85,85,85,85,87,87,87,87,87,87,87,89,99,101,103,105,105,107,107,112],"card_choices":[{"not_picked":["Hologram","Barrage"],"picked":"Doom and Gloom","floor":1},{"not_picked":["Skim","Lockon","Doom and Gloom"],"picked":"SKIP","floor":2},{"not_picked":["FTL","Recycle"],"picked":"Ball Lightning","floor":3},{"not_picked":["Sunder","Melter","Force Field"],"picked":"SKIP","floor":4},{"not_picked":["Rip and Tear","Ball Lightning"],"picked":"Sweeping Beam","floor":8},{"not_picked":["Redo","Reboot"],"picked":"Loop","floor":10},{"not_picked":["Chaos","Redo"],"picked":"Darkness","floor":12},{"not_picked":["Reprogram","FTL"],"picked":"Streamline","floor":14},{"not_picked":["Meteor Strike","Multi-Cast"],"picked":"Seek","floor":16},{"not_picked":["Beam Cell","Blizzard","Leap"],"picked":"Singing Bowl","floor":18},{"not_picked":["Conserve Battery","Lockon","Sweeping Beam"],"picked":"Singing Bowl","floor":23},{"not_picked":["Coolheaded+1","Go for the Eyes","Genetic Algorithm"],"picked":"Singing Bowl","floor":25},{"not_picked":["Gash","Reprogram","Beam Cell+1"],"picked":"Singing Bowl","floor":29},{"not_picked":["Turbo+1","Rebound","Genetic Algorithm"],"picked":"Singing Bowl","floor":31},{"not_picked":["Creative AI+1","Electrodynamics+1"],"picked":"Buffer+1","floor":33},{"not_picked":["Steam","Barrage","Recycle+1"],"picked":"Singing Bowl","floor":35},{"not_picked":["Turbo","Reprogram"],"picked":"Self Repair+1","floor":36},{"not_picked":["Hologram","Gash"],"picked":"Leap+1","floor":39},{"not_picked":["Storm+1","Gash+1"],"picked":"Redo+1","floor":41},{"not_picked":["Double Energy+1","Rebound","Tempest"],"picked":"Singing Bowl","floor":42},{"not_picked":["Gash","Blizzard","FTL"],"picked":"Singing Bowl","floor":44},{"not_picked":["Force Field","Rainbow","Chaos+1"],"picked":"Singing Bowl","floor":45},{"not_picked":["Sweeping Beam","White Noise","Gash+1"],"picked":"Singing Bowl","floor":46},{"not_picked":["Reboot","Hologram","Blizzard+1"],"picked":"Singing Bowl","floor":48}],"player_experience":1143002,"relics_obtained":[{"floor":8,"key":"Shuriken"},{"floor":9,"key":"Mercury Hourglass"},{"floor":10,"key":"Singing Bowl"},{"floor":20,"key":"Necronomicon"},{"floor":23,"key":"Frozen Egg 2"},{"floor":26,"key":"Tiny Chest"},{"floor":36,"key":"Nunchaku"},{"floor":42,"key":"MawBank"},{"floor":43,"key":"Pear"},{"floor":48,"key":"Old Coin"}],"event_choices":[{"cards_removed":["Strike_B"],"damage_healed":0,"gold_gain":0,"player_choice":"Card Removal","damage_taken":0,"max_hp_gain":0,"max_hp_loss":0,"event_name":"Wheel of Change","floor":5,"gold_loss":0},{"damage_healed":0,"gold_gain":0,"player_choice":"Obtained Book","damage_taken":16,"max_hp_gain":0,"max_hp_loss":0,"event_name":"Cursed Tome","floor":20,"gold_loss":0},{"damage_healed":0,"gold_gain":0,"player_choice":"Ignored","damage_taken":0,"max_hp_gain":0,"max_hp_loss":0,"event_name":"Vampires","floor":21,"gold_loss":0},{"damage_healed":0,"gold_gain":0,"player_choice":"Copied","damage_taken":0,"max_hp_gain":0,"max_hp_loss":0,"event_name":"Duplicator","floor":22,"gold_loss":0,"cards_obtained":["Multi-Cast"]},{"damage_healed":0,"gold_gain":0,"player_choice":"Opened","damage_taken":0,"relics_obtained":["Girya"],"max_hp_gain":0,"max_hp_loss":0,"event_name":"The Mausoleum","floor":28,"gold_loss":0},{"damage_healed":0,"gold_gain":0,"player_choice":"Fight","damage_taken":0,"max_hp_gain":0,"max_hp_loss":0,"event_name":"MindBloom","floor":36,"gold_loss":0},{"damage_healed":0,"gold_gain":0,"player_choice":"Upgraded Two","damage_taken":0,"max_hp_gain":0,"max_hp_loss":0,"event_name":"Designer","floor":38,"gold_loss":40,"cards_upgraded":["Doom and Gloom","Sweeping Beam"]}],"is_beta":true,"boss_relics":[{"not_picked":["Eternal Feather","White Beast Statue"],"picked":"Snecko Eye"},{"not_picked":["Inserter","Orrery"],"picked":"Sozu"}],"items_purged_floors":[7,37],"is_endless":false,"potions_floor_spawned":[2,8,10,14,16,25,29,31,36,39,42],"killed_by":"Awakened One","ascension_level":3}