{"gold_per_floor":[110,127,127,144,159,159,190,190,217,232,232,251,264,55,55,153,153,165,176,53,53,53],"floor_reached":22,"playtime":976,"items_purged":[],"score":282,"play_id":"61f81c50-6313-41a5-9f69-0a188c972cac","local_time":"20190111000530","is_ascension_mode":true,"campfire_choices":[{"data":"Perfected Strike","floor":6,"key":"SMITH"},{"floor":8,"key":"REST"},{"data":"Shockwave","floor":15,"key":"SMITH"}],"neow_cost":"NONE","seed_source_timestamp":955174301128800,"circlet_count":0,"master_deck":["AscendersBane","Strike_R","Strike_R+1","Strike_R","Strike_R+1","Defend_R","Defend_R","Defend_R","Defend_R","Bash","Perfected Strike+1","Twin Strike+1","Pommel Strike","Flame Barrier","Twin Strike+1","Shockwave+1","Rage","Demon Form","Shrug It Off","Shrug It Off"],"relics":["Burning Blood","PreservedInsect","Whetstone","Toolbox","Black Star","Tiny Chest","Boot"],"potions_floor_usage":[13,16,22],"damage_taken":[{"damage":19,"enemies":"Small Slimes","floor":1,"turns":5},{"damage":1,"enemies":"Cultist","floor":2,"turns":3},{"damage":6,"enemies":"2 Louse","floor":4,"turns":2},{"damage":10,"enemies":"Large Slime","floor":5,"turns":5},{"damage":20,"enemies":"3 Sentries","floor":7,"turns":8},{"damage":8,"enemies":"Lots of Slimes","floor":10,"turns":4},{"damage":8,"enemies":"Gremlin Gang","floor":12,"turns":4},{"damage":2,"enemies":"Blue Slaver","floor":13,"turns":4},{"damage":46,"enemies":"Slime Boss","floor":16,"turns":12},{"damage":7,"enemies":"Chosen","floor":18,"turns":4},{"damage":35,"enemies":"Shell Parasite","floor":19,"turns":7},{"damage":46,"enemies":"Cultist and Chosen","floor":22,"turns":8}],"seed_played":"-254104887657530545","potions_obtained":[{"floor":1,"key":"Fire Potion"},{"floor":4,"key":"Energy Potion"},{"floor":7,"key":"Regen Potion"}],"is_trial":false,"path_per_floor":["M","M","?","M","M","R","E","R","T","M","?","M","M","$","R","B",null,"M","M","$","T","M"],"character_chosen":"IRONCLAD","items_purchased":["Toolbox","Tiny Chest"],"campfire_rested":1,"item_purchase_floors":[14,20],"current_hp_per_floor":[67,72,54,54,50,50,36,62,62,60,60,58,67,67,67,27,73,72,43,43,43,0],"gold":53,"neow_bonus":"TEN_PERCENT_HP_BONUS","is_prod":false,"is_daily":false,"chose_seed":false,"campfire_upgraded":2,"win_rate":0,"timestamp":1547183130,"path_taken":["M","M","?","M","M","R","E","R","T","M","?","M","?","?","R","BOSS","M","M","$","?","M"],"build_version":"2019-01-10","purchased_purges":0,"victory":false,"max_hp_per_floor":[88,88,88,88,88,88,88,88,88,88,88,88,88,88,88,88,88,88,88,88,88,88],"card_choices":[{"not_picked":["Second Wind","Flex"],"picked":"Perfected Strike","floor":1},{"not_picked":["True Grit","Feel No Pain"],"picked":"Twin Strike","floor":2},{"not_picked":["Flame Barrier","Clash"],"picked":"Pommel Strike","floor":4},{"not_picked":["Flex","Iron Wave"],"picked":"Flame Barrier","floor":5},{"not_picked":["Dark Embrace","Ghostly Armor"],"picked":"Twin Strike","floor":7},{"not_picked":["Flex","Evolve"],"picked":"Shockwave","floor":10},{"not_picked":["Sentinel","Intimidate"],"picked":"Rage","floor":12},{"not_picked":["Sword Boomerang","Cleave","Flex"],"picked":"SKIP","floor":13},{"not_picked":["Feed","Offering"],"picked":"Demon Form","floor":16},{"not_picked":["Carnage","True Grit"],"picked":"Shrug It Off","floor":18},{"not_picked":["Fire Breathing+1","Heavy Blade"],"picked":"Shrug It Off","floor":19}],"player_experience":1728040,"relics_obtained":[{"floor":7,"key":"PreservedInsect"},{"floor":9,"key":"Whetstone"},{"floor":21,"key":"Boot"}],"event_choices":[{"damage_healed":0,"gold_gain":0,"player_choice":"Entered Light","damage_taken":18,"max_hp_gain":0,"max_hp_loss":0,"event_name":"Shining Light","floor":3,"gold_loss":0,"cards_upgraded":["Strike_R","Strike_R"]},{"cards_removed":["Strike_R"],"damage_healed":0,"gold_gain":0,"player_choice":"Offered Basic","damage_taken":0,"max_hp_gain":0,"max_hp_loss":0,"event_name":"Bonfire Elementals","floor":11,"gold_loss":0}],"is_beta":false,"boss_relics":[{"not_picked":["Runic Pyramid","Velvet Choker"],"picked":"Black Star"}],"items_purged_floors":[],"is_endless":false,"potions_floor_spawned":[1,4,7],"killed_by":"Cultist and Chosen","ascension_level":10}