{"gold_per_floor":[114,133,147,32,52,78,78,89,113,113,139,157,157,176,176,176],"floor_reached":16,"playtime":623,"items_purged":[],"score":222,"play_id":"2179ea97-bd05-4ea5-a66a-e15daaba2d07","local_time":"20190511100053","is_ascension_mode":true,"campfire_choices":[{"data":"Conserve Battery","floor":7,"key":"SMITH"},{"data":"Leap","floor":13,"key":"SMITH"},{"data":"Stack","floor":15,"key":"SMITH"}],"neow_cost":"NONE","seed_source_timestamp":1712879584194808,"circlet_count":0,"master_deck":["AscendersBane","Strike_B","Strike_B","Strike_B","Defend_B","Defend_B","Defend_B","Defend_B","Zap","Dualcast","Beam Cell","Gash","Leap+1","Conserve Battery+1","Compile Driver","Stack+1","FTL","Genetic Algorithm","Coolheaded","Rainbow","Go for the Eyes","Stack"],"relics":["Cracked Core","Happy Flower","PreservedInsect","Omamori"],"potions_floor_usage":[6,16],"damage_taken":[{"damage":7,"enemies":"Small Slimes","floor":1,"turns":3},{"damage":4,"enemies":"Jaw Worm","floor":2,"turns":3},{"damage":0,"enemies":"2 Louse","floor":3,"turns":3},{"damage":13,"enemies":"Exordium Wildlife","floor":5,"turns":6},{"damage":5,"enemies":"Gremlin Nob","floor":6,"turns":3},{"damage":6,"enemies":"Large Slime","floor":8,"turns":5},{"damage":6,"enemies":"Lagavulin","floor":11,"turns":8},{"damage":0,"enemies":"Looter","floor":12,"turns":3},{"damage":2,"enemies":"Exordium Wildlife","floor":14,"turns":5},{"damage":28,"enemies":"Slime Boss","floor":16,"turns":7}],"seed_played":"636653439169391239","potions_obtained":[{"floor":5,"key":"Fire Potion"},{"floor":12,"key":"SteroidPotion"},{"floor":14,"key":"Fire Potion"}],"is_trial":false,"path_per_floor":["M","M","M","$","M","E","R","M","T","?","E","M","R","M","R","B"],"character_chosen":"DEFECT","items_purchased":["Compile Driver","Stack"],"campfire_rested":0,"item_purchase_floors":[4,4],"current_hp_per_floor":[57,53,53,53,40,35,35,29,29,29,23,23,23,21,21,0],"gold":176,"neow_bonus":"TRANSFORM_CARD","is_prod":false,"is_daily":false,"chose_seed":false,"campfire_upgraded":3,"win_rate":0,"timestamp":1557561653,"path_taken":["M","M","M","$","M","E","R","M","T","?","E","M","R","M","R","BOSS"],"build_version":"2019-05-07","purchased_purges":0,"victory":false,"max_hp_per_floor":[71,71,71,71,71,71,71,71,71,71,71,71,71,71,71,71],"card_choices":[{"not_picked":["Coolheaded","Barrage"],"picked":"Gash","floor":1},{"not_picked":["White Noise","Coolheaded"],"picked":"Leap","floor":2},{"not_picked":["FTL","Double Energy"],"picked":"Conserve Battery","floor":3},{"not_picked":["Static Discharge","Coolheaded"],"picked":"FTL","floor":5},{"not_picked":["Steam","Rebound"],"picked":"Genetic Algorithm","floor":6},{"not_picked":["Rebound","Conserve Battery"],"picked":"Coolheaded","floor":8},{"not_picked":["Chaos","Heatsinks"],"picked":"Rainbow","floor":11},{"not_picked":["White Noise","Barrage"],"picked":"Go for the Eyes","floor":12},{"not_picked":["Fusion","Beam Cell"],"picked":"Stack","floor":14}],"player_experience":1770878,"relics_obtained":[{"floor":6,"key":"Happy Flower"},{"floor":9,"key":"PreservedInsect"},{"floor":11,"key":"Omamori"}],"event_choices":[{"damage_healed":0,"gold_gain":0,"player_choice":"Ignored","damage_taken":0,"max_hp_gain":0,"max_hp_loss":0,"event_name":"Golden Wing","floor":10,"gold_loss":0}],"is_beta":true,"boss_relics":[],"items_purged_floors":[],"is_endless":false,"potions_floor_spawned":[5,12,14],"killed_by":"Slime Boss","ascension_level":19}