{"gold_per_floor":[111,124,199,219,232,232,252,252,252,266,266,266,301,315,315,392,392,403,422,10,20,20,20,20,20,20,20,33,33,47,47],"floor_reached":31,"playtime":1061,"items_purged":["Strike_G"],"score":454,"play_id":"b483c451-1f25-45ed-b9c8-6505d3a6713f","local_time":"20190505171715","is_ascension_mode":true,"campfire_choices":[{"data":"Cloak And Dagger","floor":6,"key":"SMITH"},{"data":"Bouncing Flask","floor":8,"key":"SMITH"},{"floor":12,"key":"REST"},{"floor":15,"key":"REST"},{"data":"Noxious Fumes","floor":23,"key":"SMITH"},{"data":"Neutralize","floor":25,"key":"SMITH"},{"data":"Footwork","floor":27,"key":"SMITH"}],"neow_cost":"NONE","seed_source_timestamp":1220222402246418,"circlet_count":0,"master_deck":["AscendersBane","Defend_G","Defend_G","Defend_G","Defend_G","Defend_G","Strike_G","Strike_G","Strike_G","Survivor","Neutralize+1","Cloak And Dagger+1","PiercingWail","Bouncing Flask+1","Crippling Poison","Cloak And Dagger","Backflip","Poisoned Stab","Prepared","Corpse Explosion","Escape Plan","Noxious Fumes+1","Footwork+1","Heel Hook","PiercingWail"],"relics":["Ring of the Snake","NeowsBlessing","Oddly Smooth Stone","Happy Flower","Runic Pyramid","Singing Bowl","Potion Belt","Blue Candle"],"potions_floor_usage":[5,10,13,31],"damage_taken":[{"damage":0,"enemies":"Cultist","floor":1,"turns":1},{"damage":0,"enemies":"Small Slimes","floor":2,"turns":1},{"damage":0,"enemies":"Jaw Worm","floor":4,"turns":1},{"damage":4,"enemies":"Gremlin Gang","floor":5,"turns":5},{"damage":4,"enemies":"3 Louse","floor":7,"turns":4},{"damage":21,"enemies":"Large Slime","floor":10,"turns":8},{"damage":9,"enemies":"Lagavulin","floor":13,"turns":7},{"damage":0,"enemies":"Blue Slaver","floor":14,"turns":5},{"damage":34,"enemies":"The Guardian","floor":16,"turns":9},{"damage":0,"enemies":"3 Byrds","floor":18,"turns":3},{"damage":11,"enemies":"Shell Parasite","floor":19,"turns":5},{"damage":5,"enemies":"Snecko","floor":21,"turns":8},{"damage":8,"enemies":"Snake Plant","floor":28,"turns":5},{"damage":6,"enemies":"3 Cultists","floor":30,"turns":4},{"damage":35,"enemies":"Slavers","floor":31,"turns":4}],"seed_played":"4975643077588964260","potions_obtained":[{"floor":2,"key":"Weak Potion"},{"floor":4,"key":"Fire Potion"},{"floor":10,"key":"Poison Potion"},{"floor":16,"key":"LiquidBronze"},{"floor":28,"key":"Ancient Potion"}],"is_trial":false,"path_per_floor":["M","M","?","M","M","R","M","R","T","M","?","R","E","M","R","B",null,"M","M","$","M","$","R","$","R","T","R","M","?","M","E"],"character_chosen":"THE_SILENT","items_purchased":["Footwork","Singing Bowl"],"campfire_rested":2,"item_purchase_floors":[20,20],"current_hp_per_floor":[59,59,48,48,44,44,40,40,40,19,19,38,29,29,48,14,53,53,42,42,37,37,37,37,37,37,37,29,29,25,0],"gold":47,"neow_bonus":"THREE_ENEMY_KILL","is_prod":false,"is_daily":false,"chose_seed":false,"campfire_upgraded":5,"win_rate":0,"timestamp":1557069435,"path_taken":["M","?","?","M","M","R","M","R","T","M","?","R","E","M","R","BOSS","M","M","$","M","$","R","$","R","T","R","M","?","M","E"],"build_version":"2019-04-23","purchased_purges":1,"victory":false,"max_hp_per_floor":[66,66,66,66,66,66,66,66,66,66,66,66,66,66,66,66,66,66,66,66,66,66,66,66,66,66,66,66,66,68,68],"card_choices":[{"not_picked":["Poisoned Stab","Heel Hook"],"picked":"Cloak And Dagger","floor":1},{"not_picked":["Underhanded Strike","Skewer"],"picked":"PiercingWail","floor":2},{"not_picked":["Deflect","Prepared"],"picked":"Bouncing Flask","floor":4},{"not_picked":["Dodge and Roll","Bane"],"picked":"Crippling Poison","floor":5},{"not_picked":["Underhanded Strike","Dagger Throw"],"picked":"Cloak And Dagger","floor":7},{"not_picked":["Distraction","Terror"],"picked":"Backflip","floor":10},{"not_picked":["Sucker Punch","Crippling Poison"],"picked":"Poisoned Stab","floor":13},{"not_picked":["Bane","Distraction"],"picked":"Prepared","floor":14},{"not_picked":["Bullet Time","After Image"],"picked":"Corpse Explosion","floor":16},{"not_picked":["Expertise+1","Flying Knee"],"picked":"Escape Plan","floor":18},{"not_picked":["Backflip","PiercingWail"],"picked":"Noxious Fumes","floor":19},{"not_picked":["Underhanded Strike","Crippling Poison"],"picked":"Heel Hook","floor":21},{"not_picked":["Deadly Poison","Slice"],"picked":"PiercingWail","floor":28},{"not_picked":["Flechettes","Finisher+1","Bane"],"picked":"Singing Bowl","floor":30}],"player_experience":1527423,"relics_obtained":[{"floor":9,"key":"Oddly Smooth Stone"},{"floor":13,"key":"Happy Flower"},{"floor":26,"key":"Potion Belt"}],"event_choices":[{"damage_healed":0,"gold_gain":75,"player_choice":"Gather Gold","damage_taken":11,"max_hp_gain":0,"max_hp_loss":0,"event_name":"World of Goop","floor":3,"gold_loss":0},{"cards_removed":["Strike_G"],"damage_healed":0,"gold_gain":0,"player_choice":"Offered Basic","damage_taken":0,"max_hp_gain":0,"max_hp_loss":0,"event_name":"Bonfire Elementals","floor":11,"gold_loss":0},{"damage_healed":0,"gold_gain":0,"player_choice":"Gave Potion","damage_taken":0,"relics_obtained":["Blue Candle"],"max_hp_gain":0,"max_hp_loss":0,"event_name":"WeMeetAgain","floor":29,"gold_loss":0}],"is_beta":true,"boss_relics":[{"not_picked":["Eternal Feather","Orrery"],"picked":"Runic Pyramid"}],"items_purged_floors":[20],"is_endless":false,"potions_floor_spawned":[2,4,10,16,28],"killed_by":"Slavers","ascension_level":18}