{"gold_per_floor":[118,118,43,62,82,82,94,104,104,104,104,104,179,179,179,179],"floor_reached":16,"playtime":705,"items_purged":["Strike_R"],"score":113,"play_id":"b1ddbc23-53fb-4f4e-acdd-aaf29a291a6b","local_time":"20180926001034","is_ascension_mode":true,"campfire_choices":[{"data":"Armaments","floor":6,"key":"SMITH"},{"data":"Bash","floor":10,"key":"SMITH"},{"data":"Metallicize","floor":12,"key":"SMITH"},{"data":"Shrug It Off","floor":15,"key":"SMITH"}],"neow_cost":"NONE","seed_source_timestamp":605816566686084,"circlet_count":0,"master_deck":["Strike_R","Strike_R","Defend_R","Defend_R","Defend_R","Defend_R","Bash+1","Brutality","Metallicize+1","Shrug It Off+1","Armaments+1","Madness"],"relics":["Burning Blood","Bottled Flame"],"potions_floor_usage":[8,8],"damage_taken":[{"damage":9,"enemies":"2 Louse","floor":1,"turns":4},{"damage":11,"enemies":"Jaw Worm","floor":4,"turns":7},{"damage":2,"enemies":"Small Slimes","floor":5,"turns":4},{"damage":10,"enemies":"2 Fungi Beasts","floor":7,"turns":6},{"damage":14,"enemies":"Lots of Slimes","floor":8,"turns":5},{"damage":55,"enemies":"Hexaghost","floor":16,"turns":14}],"seed_played":"-2188509445727083276","potions_obtained":[{"floor":4,"key":"SkillPotion"},{"floor":5,"key":"LiquidBronze"},{"floor":8,"key":"Energy Potion"}],"is_trial":false,"path_per_floor":["M","?","$","M","M","R","M","M","T","R","?","R","?","?","R"],"character_chosen":"IRONCLAD","items_purchased":[],"campfire_rested":0,"item_purchase_floors":[],"current_hp_per_floor":[77,70,70,65,69,69,65,57,57,57,57,57,46,46,46,0],"gold":179,"neow_bonus":"ONE_RANDOM_RARE_CARD","is_prod":false,"is_daily":false,"chose_seed":false,"campfire_upgraded":4,"win_rate":0,"timestamp":1537935034,"path_taken":["M","?","$","M","M","R","M","M","T","R","?","R","?","?","R","BOSS"],"build_version":"2018-09-20","purchased_purges":1,"victory":false,"max_hp_per_floor":[80,80,80,80,80,80,80,80,80,80,80,80,80,80,80,80],"card_choices":[{"not_picked":["Cleave","Battle Trance"],"picked":"Metallicize","floor":1},{"not_picked":["Wild Strike","Iron Wave"],"picked":"Shrug It Off","floor":4},{"not_picked":["Cleave","Shrug It Off"],"picked":"Armaments","floor":5},{"not_picked":["Pommel Strike","Immolate","Wild Strike"],"picked":"SKIP","floor":7},{"not_picked":["True Grit","Pommel Strike","Wild Strike"],"picked":"SKIP","floor":8}],"player_experience":912416,"relics_obtained":[{"floor":9,"key":"Bottled Flame"}],"event_choices":[{"event_name":"Golden Wing","player_choice":"Card Removal","floor":2,"damage_taken":0},{"event_name":"Bonfire Elementals","player_choice":"BASIC","floor":11,"damage_taken":0},{"event_name":"World of Goop","player_choice":"Gather Gold","floor":13,"damage_taken":0},{"event_name":"Match and Keep!","player_choice":"1 cards matched","floor":14,"damage_taken":0}],"is_beta":false,"boss_relics":[],"items_purged_floors":[3],"is_endless":false,"potions_floor_spawned":[4,5,8],"killed_by":"Hexaghost","ascension_level":5}