{"gold_per_floor":[116,130,130,55,67,67,67,67,67,67,67,67,67,21,21,116,116,130,130,130,30,46,46,62,62,62,62],"floor_reached":27,"playtime":1051,"items_purged":["Strike_B","Defend_B"],"score":246,"play_id":"2196a858-65a3-4d77-82d7-687fb1be749d","local_time":"20181026211732","is_ascension_mode":true,"campfire_choices":[{"data":"Genetic Algorithm","floor":6,"key":"SMITH"},{"data":"Zap","floor":8,"key":"SMITH"},{"data":"Coolheaded","floor":10,"key":"SMITH"},{"data":"Dualcast","floor":12,"key":"SMITH"},{"data":"Panacea","floor":15,"key":"SMITH"},{"data":"Storm","floor":23,"key":"SMITH"}],"neow_cost":"NONE","seed_source_timestamp":362678883035700,"circlet_count":0,"master_deck":["Strike_B","Defend_B","Defend_B","Defend_B","Zap+1","Dualcast+1","Panacea+1","Genetic Algorithm+1","Tempest","Coolheaded+1","Gash","Creative AI+1","Hello World+1","Storm+1","Biased Cognition","Writhe"],"relics":["Cracked Core","Art of War","Symbiotic Virus","Pocketwatch","Eternal Feather","Calipers","Ornamental Fan"],"potions_floor_usage":[16],"damage_taken":[{"damage":2,"enemies":"Jaw Worm","floor":1,"turns":3},{"damage":1,"enemies":"Cultist","floor":2,"turns":3},{"damage":1,"enemies":"Small Slimes","floor":5,"turns":3},{"damage":22,"enemies":"Slime Boss","floor":16,"turns":8},{"damage":8,"enemies":"Spheric Guardian","floor":18,"turns":4},{"damage":7,"enemies":"Shell Parasite","floor":22,"turns":4},{"damage":23,"enemies":"Centurion and Healer","floor":24,"turns":8},{"damage":35,"enemies":"Snake Plant","floor":27,"turns":2}],"seed_played":"-2509791950744485990","potions_obtained":[{"floor":1,"key":"Strength Potion"},{"floor":2,"key":"FocusPotion"}],"is_trial":false,"path_per_floor":["M","M","?","$","M","R","?","R","T","R","$","R","?","$","R","B",null,"M","?","?","$","M","R","M","?","T"],"character_chosen":"DEFECT","items_purchased":["Gash"],"campfire_rested":0,"item_purchase_floors":[14],"current_hp_per_floor":[73,72,72,72,71,71,64,64,64,64,64,64,52,52,52,30,64,56,56,56,56,49,55,32,32,32,0],"gold":62,"neow_bonus":"RANDOM_COLORLESS","is_prod":false,"is_daily":false,"chose_seed":false,"campfire_upgraded":6,"win_rate":0,"timestamp":1540603052,"path_taken":["M","M","?","$","M","R","?","R","T","R","$","R","?","?","R","BOSS","M","?","?","$","M","R","M","?","T","?"],"build_version":"2018-10-25v2","purchased_purges":2,"victory":false,"max_hp_per_floor":[75,75,75,75,75,75,75,75,75,75,75,75,75,75,75,75,75,75,75,75,75,75,75,75,75,75,75],"card_choices":[{"not_picked":["Compile Driver","Force Field"],"picked":"Genetic Algorithm","floor":1},{"not_picked":["Rip and Tear","Chaos"],"picked":"Tempest","floor":2},{"not_picked":["Steam","Aggregate"],"picked":"Coolheaded","floor":5},{"not_picked":["Biased Cognition","Machine Learning"],"picked":"Creative AI","floor":16},{"not_picked":["Compile Driver","Ball Lightning"],"picked":"Hello World+1","floor":18},{"not_picked":["Coolheaded+1","Steam"],"picked":"Storm","floor":22},{"not_picked":["Go for the Eyes","Barrage+1"],"picked":"Biased Cognition","floor":24}],"player_experience":1463161,"relics_obtained":[{"floor":9,"key":"Symbiotic Virus"},{"floor":26,"key":"Ornamental Fan"}],"event_choices":[{"damage_healed":0,"gold_gain":0,"player_choice":"Gave Potion","damage_taken":0,"relics_obtained":["Art of War"],"max_hp_gain":0,"max_hp_loss":0,"event_name":"WeMeetAgain","floor":3,"gold_loss":0},{"cards_removed":["Strike_B"],"damage_healed":0,"gold_gain":0,"player_choice":"Card Removal","damage_taken":7,"max_hp_gain":0,"max_hp_loss":0,"event_name":"Golden Wing","floor":7,"gold_loss":0},{"damage_healed":0,"gold_gain":0,"player_choice":"Success","damage_taken":12,"relics_obtained":["Pocketwatch"],"max_hp_gain":0,"max_hp_loss":0,"event_name":"Scrap Ooze","floor":13,"gold_loss":0},{"cards_removed":["Strike_B"],"damage_healed":0,"gold_gain":0,"player_choice":"Elegance","damage_taken":0,"max_hp_gain":0,"max_hp_loss":0,"event_name":"Back to Basics","floor":19,"gold_loss":0},{"damage_healed":0,"gold_gain":0,"player_choice":"Upgraded","damage_taken":0,"max_hp_gain":0,"max_hp_loss":0,"event_name":"Upgrade Shrine","floor":20,"gold_loss":0,"cards_upgraded":["Creative AI"]},{"damage_healed":0,"gold_gain":0,"player_choice":"Opened","damage_taken":0,"relics_obtained":["Calipers"],"max_hp_gain":0,"max_hp_loss":0,"event_name":"The Mausoleum","floor":25,"gold_loss":0,"cards_obtained":["Writhe"]}],"is_beta":false,"boss_relics":[{"not_picked":["Velvet Choker","White Beast Statue"],"picked":"Eternal Feather"}],"items_purged_floors":[4,21],"is_endless":false,"potions_floor_spawned":[1,2],"killed_by":"Snake Plant","ascension_level":5}