{"gold_per_floor":[368,150,150,164,181,211,226,226,226,226,236,248,267,279,279,384,384,398,418,418],"floor_reached":20,"playtime":870,"items_purged":["Strike_B"],"score":234,"play_id":"f641d397-2ae2-4ec7-9148-d924880b50d8","local_time":"20181106205333","is_ascension_mode":true,"campfire_choices":[{"floor":10,"key":"REST"},{"floor":15,"key":"REST"}],"neow_cost":"PERCENT_DAMAGE","seed_source_timestamp":676908850131700,"circlet_count":0,"master_deck":["Strike_B","Strike_B","Defend_B","Defend_B","Defend_B","Defend_B","Zap","Dualcast","Sweeping Beam","Steam","Genetic Algorithm","Redo","Steam","Decay","Loop","Ball Lightning","Ball Lightning","Leap","Echo Form","Steam","Conserve Battery"],"relics":["Cracked Core","PreservedInsect","Blue Candle","Question Card","Black Star"],"potions_floor_usage":[7,11,13,16],"damage_taken":[{"damage":3,"enemies":"Small Slimes","floor":1,"turns":3},{"damage":7,"enemies":"Jaw Worm","floor":4,"turns":3},{"damage":0,"enemies":"Cultist","floor":5,"turns":4},{"damage":29,"enemies":"Gremlin Nob","floor":6,"turns":4},{"damage":3,"enemies":"Blue Slaver","floor":7,"turns":4},{"damage":5,"enemies":"3 Louse","floor":11,"turns":3},{"damage":6,"enemies":"Looter","floor":12,"turns":4},{"damage":1,"enemies":"Blue Slaver","floor":13,"turns":4},{"damage":2,"enemies":"Large Slime","floor":14,"turns":4},{"damage":20,"enemies":"The Guardian","floor":16,"turns":10},{"damage":29,"enemies":"2 Thieves","floor":18,"turns":4},{"damage":4,"enemies":"Chosen","floor":19,"turns":5},{"damage":30,"enemies":"Shelled Parasite and Fungi","floor":20,"turns":4}],"seed_played":"7457561968123276607","potions_obtained":[{"floor":4,"key":"Poison Potion"},{"floor":5,"key":"AttackPotion"},{"floor":6,"key":"Block Potion"},{"floor":12,"key":"GamblersBrew"},{"floor":18,"key":"Strength Potion"}],"is_trial":false,"path_per_floor":["M","$","?","M","M","E","M","?","T","R","M","M","M","M","R","B",null,"M","M","M"],"character_chosen":"DEFECT","items_purchased":["PreservedInsect"],"campfire_rested":2,"item_purchase_floors":[2],"current_hp_per_floor":[47,47,40,33,33,4,1,1,1,23,18,12,11,9,31,11,59,30,26,0],"gold":418,"neow_bonus":"TWO_FIFTY_GOLD","is_prod":false,"is_daily":false,"chose_seed":false,"campfire_upgraded":0,"win_rate":0,"timestamp":1541555613,"path_taken":["M","$","?","M","M","E","M","?","T","R","?","M","M","M","R","BOSS","M","M","M"],"build_version":"2018-11-01","purchased_purges":1,"victory":false,"max_hp_per_floor":[75,75,75,75,75,75,75,75,75,75,75,75,75,75,75,75,75,75,75,75],"card_choices":[{"not_picked":["Stack","Cold Snap"],"picked":"Sweeping Beam","floor":1},{"not_picked":["Turbo","Tempest"],"picked":"Steam","floor":4},{"not_picked":["Sweeping Beam","Fusion"],"picked":"Genetic Algorithm","floor":5},{"not_picked":["Barrage","Steam"],"picked":"Redo","floor":6},{"not_picked":["Undo","Rip and Tear"],"picked":"Steam","floor":7},{"not_picked":["Scrape","Redo","Cold Snap"],"picked":"Loop","floor":11},{"not_picked":["Gash","Turbo","Undo"],"picked":"Ball Lightning","floor":12},{"not_picked":["Hyperbeam","Static Discharge","Fusion"],"picked":"Ball Lightning","floor":13},{"not_picked":["Beam Cell","Streamline","Compile Driver"],"picked":"Leap","floor":14},{"not_picked":["Core Surge","Hyperbeam","Multi-Cast"],"picked":"Echo Form","floor":16},{"not_picked":["Beam Cell","Cold Snap","Sweeping Beam"],"picked":"Steam","floor":18},{"not_picked":["Gash","Auto Shields","Sweeping Beam"],"picked":"Conserve Battery","floor":19}],"player_experience":1542832,"relics_obtained":[{"floor":6,"key":"Blue Candle"},{"floor":9,"key":"Question Card"}],"event_choices":[{"cards_removed":["Strike_B"],"damage_healed":0,"gold_gain":0,"player_choice":"Card Removal","damage_taken":7,"max_hp_gain":0,"max_hp_loss":0,"event_name":"Golden Wing","floor":3,"gold_loss":0},{"damage_healed":0,"gold_gain":0,"player_choice":"Cursed","damage_taken":0,"max_hp_gain":0,"max_hp_loss":0,"event_name":"Wheel of Change","floor":8,"gold_loss":0,"cards_obtained":["Decay"]}],"is_beta":false,"boss_relics":[{"not_picked":["Orrery","Coffee Dripper"],"picked":"Black Star"}],"items_purged_floors":[2],"is_endless":false,"potions_floor_spawned":[4,5,6,12,18],"killed_by":"Shelled Parasite and Fungi","ascension_level":6}