{"gold_per_floor":[215,57,70,70,86,111,111,146,146,146,157,157,169,86,86,164,164,177,77,92,7,19,19,32,32,110,110,110,139,209,209,209,209],"floor_reached":33,"playtime":1895,"items_purged":["Strike_G","Strike_G"],"score":505,"play_id":"c2d382ad-ae84-435a-a2e7-80246f38f03c","local_time":"20190503221449","is_ascension_mode":true,"campfire_choices":[{"floor":7,"key":"REST"},{"data":"Dash","floor":10,"key":"SMITH"},{"data":"Backflip","floor":12,"key":"SMITH"},{"data":"Caltrops","floor":15,"key":"SMITH"},{"data":"Leg Sweep","floor":23,"key":"SMITH"},{"data":"Adrenaline","floor":28,"key":"SMITH"},{"data":"Well Laid Plans","floor":32,"key":"SMITH"}],"neow_cost":"NONE","seed_source_timestamp":1064443454403594,"circlet_count":0,"master_deck":["AscendersBane","Defend_G+1","Defend_G+1","Defend_G+1","Defend_G+1","Defend_G+1","Strike_G+1","Strike_G+1","Survivor","Neutralize","Dash+1","Well Laid Plans+1","Dash+1","Leg Sweep+1","Die Die Die","After Image","Backflip+1","Acrobatics","Caltrops+1","Adrenaline+1","Dodge and Roll","Flying Knee","PiercingWail"],"relics":["Ring of the Snake","Whetstone","Mercury Hourglass","Art of War","Black Star","Lantern","Bottled Lightning","PreservedInsect","Sundial","Mummified Hand"],"potions_floor_usage":[16,16,33],"damage_taken":[{"damage":6,"enemies":"2 Louse","floor":1,"turns":7},{"damage":1,"enemies":"Small Slimes","floor":3,"turns":4},{"damage":2,"enemies":"Jaw Worm","floor":5,"turns":3},{"damage":23,"enemies":"Lagavulin","floor":6,"turns":13},{"damage":5,"enemies":"3 Sentries","floor":8,"turns":12},{"damage":0,"enemies":"Lots of Slimes","floor":11,"turns":2},{"damage":0,"enemies":"Blue Slaver","floor":13,"turns":3},{"damage":42,"enemies":"Slime Boss","floor":16,"turns":13},{"damage":7,"enemies":"Shell Parasite","floor":18,"turns":8},{"damage":0,"enemies":"3 Byrds","floor":20,"turns":2},{"damage":11,"enemies":"Snake Plant","floor":22,"turns":4},{"damage":5,"enemies":"Centurion and Healer","floor":24,"turns":12},{"damage":17,"enemies":"Gremlin Leader","floor":29,"turns":10},{"damage":24,"enemies":"Champ","floor":33,"turns":13}],"seed_played":"4299903929160152840","potions_obtained":[{"floor":3,"key":"Block Potion"},{"floor":6,"key":"GamblersBrew"},{"floor":13,"key":"Regen Potion"},{"floor":16,"key":"Explosive Potion"},{"floor":22,"key":"EssenceOfSteel"},{"floor":29,"key":"Energy Potion"}],"is_trial":false,"path_per_floor":["M","$","M","?","M","E","R","E","T","R","M","R","M","$","R","B",null,"M","$","M","?","M","R","M","?","T","?","R","E","T","$","R","B"],"character_chosen":"THE_SILENT","items_purchased":["Well Laid Plans","Caltrops"],"campfire_rested":1,"item_purchase_floors":[2,14],"current_hp_per_floor":[53,53,52,45,43,20,39,34,34,34,34,34,34,34,34,7,51,44,44,44,44,33,33,28,41,41,41,41,24,24,24,24,0],"gold":209,"neow_bonus":"HUNDRED_GOLD","is_prod":false,"is_daily":false,"chose_seed":false,"campfire_upgraded":6,"win_rate":0,"timestamp":1556914489,"path_taken":["M","$","M","?","M","E","R","E","T","R","M","R","M","$","R","BOSS","M","$","M","?","M","R","M","?","T","?","R","E","?","?","R","BOSS"],"build_version":"2019-04-23","purchased_purges":2,"victory":false,"max_hp_per_floor":[66,66,66,66,66,66,66,66,66,66,66,66,66,66,66,66,66,66,66,66,66,66,66,66,66,66,66,66,66,66,66,66,66],"card_choices":[{"not_picked":["Cloak And Dagger","Deflect"],"picked":"Dash","floor":1},{"not_picked":["Concentrate","Outmaneuver"],"picked":"Dash","floor":3},{"not_picked":["Sucker Punch","Flying Knee"],"picked":"Leg Sweep","floor":5},{"not_picked":["A Thousand Cuts","Prepared"],"picked":"Die Die Die","floor":6},{"not_picked":["Deadly Poison","Infinite Blades"],"picked":"After Image","floor":8},{"not_picked":["Poisoned Stab","Reflex"],"picked":"Backflip","floor":11},{"not_picked":["All Out Attack","Deadly Poison"],"picked":"Acrobatics","floor":13},{"not_picked":["After Image","Wraith Form v2"],"picked":"Adrenaline","floor":16},{"not_picked":["Accuracy","Dagger Throw"],"picked":"Dodge and Roll","floor":18},{"not_picked":["Eviscerate","Poisoned Stab+1"],"picked":"Flying Knee","floor":20},{"not_picked":["Dodge and Roll","Reflex","Cloak And Dagger"],"picked":"SKIP","floor":22},{"not_picked":["Underhanded Strike","Slice","Quick Slash"],"picked":"SKIP","floor":24},{"not_picked":["Acrobatics","Dagger Throw"],"picked":"PiercingWail","floor":29}],"player_experience":1480280,"relics_obtained":[{"floor":6,"key":"Whetstone"},{"floor":8,"key":"Mercury Hourglass"},{"floor":9,"key":"Art of War"},{"floor":26,"key":"Bottled Lightning"},{"floor":29,"key":"PreservedInsect"},{"floor":29,"key":"Sundial"},{"floor":30,"key":"Mummified Hand"}],"event_choices":[{"cards_removed":["Strike_G"],"damage_healed":0,"gold_gain":0,"player_choice":"Card Removal","damage_taken":7,"max_hp_gain":0,"max_hp_loss":0,"event_name":"Golden Wing","floor":4,"gold_loss":0},{"damage_healed":0,"gold_gain":0,"player_choice":"Obtained Relic","damage_taken":0,"relics_obtained":["Lantern"],"max_hp_gain":0,"max_hp_loss":0,"event_name":"Addict","floor":21,"gold_loss":85},{"damage_healed":13,"gold_gain":0,"player_choice":"Heal","damage_taken":0,"max_hp_gain":0,"max_hp_loss":0,"event_name":"The Library","floor":25,"gold_loss":0},{"damage_healed":0,"gold_gain":0,"player_choice":"Simplicity","damage_taken":0,"max_hp_gain":0,"max_hp_loss":0,"event_name":"Back to Basics","floor":27,"gold_loss":0,"cards_upgraded":["Defend_G","Defend_G","Defend_G","Defend_G","Defend_G","Strike_G"]}],"is_beta":true,"boss_relics":[{"not_picked":["Eternal Feather","Lizard Tail"],"picked":"Black Star"}],"items_purged_floors":[2,19],"is_endless":false,"potions_floor_spawned":[3,6,13,16,22,24,29],"killed_by":"Champ","ascension_level":17}