{"gold_per_floor":[116,41,51,100,100,135,150,150,199,229,240,240,240,274,274,274],"floor_reached":16,"playtime":438,"items_purged":[],"score":279,"play_id":"954d3f24-5497-4cc6-b297-e9570f71d2cf","local_time":"20190512105053","is_ascension_mode":true,"campfire_choices":[{"data":"Armaments","floor":8,"key":"SMITH"},{"data":"Bash","floor":13,"key":"SMITH"},{"data":"Iron Wave","floor":15,"key":"SMITH"}],"neow_cost":"NONE","seed_source_timestamp":1802464420806675,"circlet_count":0,"master_deck":["AscendersBane","Strike_R","Strike_R","Strike_R","Strike_R","Strike_R","Defend_R","Defend_R+1","Defend_R","Defend_R","Bash+1","Body Slam","Rampage","Armaments+1","Shrug It Off+1","Headbutt","Havoc","Iron Wave+1"],"relics":["Burning Blood","NeowsBlessing","Pen Nib","Shovel","Charon\u0027s Ashes","War Paint","Darkstone Periapt","Anchor"],"potions_floor_usage":[16],"damage_taken":[{"damage":0,"enemies":"Cultist","floor":1,"turns":1},{"damage":0,"enemies":"Jaw Worm","floor":3,"turns":1},{"damage":0,"enemies":"Lagavulin","floor":6,"turns":1},{"damage":3,"enemies":"2 Louse","floor":7,"turns":2},{"damage":7,"enemies":"3 Sentries","floor":10,"turns":7},{"damage":11,"enemies":"Looter","floor":11,"turns":3},{"damage":47,"enemies":"Lagavulin","floor":14,"turns":7},{"damage":34,"enemies":"The Guardian","floor":16,"turns":9}],"seed_played":"8724522255813093954","potions_obtained":[{"floor":1,"key":"LiquidBronze"},{"floor":10,"key":"AttackPotion"}],"is_trial":false,"path_per_floor":["M","$","M","T","T","E","M","R","T","E","M","?","R","E","R","B"],"character_chosen":"IRONCLAD","items_purchased":["Rampage"],"campfire_rested":0,"item_purchase_floors":[2],"current_hp_per_floor":[74,74,75,75,75,75,75,75,75,74,69,74,74,33,33,0],"gold":274,"neow_bonus":"THREE_ENEMY_KILL","is_prod":false,"is_daily":false,"chose_seed":false,"campfire_upgraded":3,"win_rate":0,"timestamp":1557651053,"path_taken":["M","?","?","?","?","E","M","R","T","E","M","?","R","E","R","BOSS"],"build_version":"2019-05-07","purchased_purges":0,"victory":false,"max_hp_per_floor":[75,75,75,75,75,75,75,75,75,75,75,80,80,80,80,80],"card_choices":[{"not_picked":["Intimidate","Heavy Blade"],"picked":"Body Slam","floor":1},{"not_picked":["Corruption","Perfected Strike"],"picked":"Armaments","floor":3},{"not_picked":["Wild Strike","Evolve"],"picked":"Shrug It Off","floor":6},{"not_picked":["Warcry","Dropkick"],"picked":"Headbutt","floor":7},{"not_picked":["Heavy Blade","Anger","Dual Wield"],"picked":"SKIP","floor":10},{"not_picked":["Carnage","Brutality"],"picked":"Havoc","floor":11},{"not_picked":["Wild Strike","Dropkick"],"picked":"Iron Wave","floor":14}],"player_experience":1836881,"relics_obtained":[{"floor":4,"key":"Pen Nib"},{"floor":5,"key":"Shovel"},{"floor":6,"key":"Charon\u0027s Ashes"},{"floor":9,"key":"War Paint"},{"floor":10,"key":"Darkstone Periapt"},{"floor":14,"key":"Anchor"}],"event_choices":[{"damage_healed":0,"gold_gain":0,"player_choice":"Donut","damage_taken":0,"max_hp_gain":5,"max_hp_loss":0,"event_name":"Big Fish","floor":12,"gold_loss":0}],"is_beta":true,"boss_relics":[],"items_purged_floors":[],"is_endless":false,"potions_floor_spawned":[1,10,14],"killed_by":"The Guardian","ascension_level":19}