{"gold_per_floor":[109,123,48,58,68,68,82,113,137,137,155,155,130,130,130,204,204,224,224,244,169,219,219],"floor_reached":23,"playtime":800,"items_purged":["Strike_B"],"score":382,"play_id":"ff7dd3b6-2362-4bd0-af74-57d8c4a366fa","local_time":"20190503211238","is_ascension_mode":true,"campfire_choices":[{"data":"Hologram","floor":6,"key":"SMITH"},{"data":"Leap","floor":10,"key":"SMITH"},{"data":"BootSequence","floor":12,"key":"SMITH"},{"floor":15,"key":"REST"}],"neow_cost":"NONE","seed_source_timestamp":1061807832099608,"circlet_count":0,"master_deck":["AscendersBane","Strike_B","Defend_B","Defend_B","Defend_B+1","Defend_B","Zap","Dualcast","Gash","Ball Lightning","Hologram+1","Gash","Leap+1","Auto Shields+1","BootSequence+1","Genetic Algorithm","Fission","Ball Lightning+1","Stack"],"relics":["Cracked Core","Mango","War Paint","Nuclear Battery"],"potions_floor_usage":[16,16],"damage_taken":[{"damage":12,"enemies":"Small Slimes","floor":1,"turns":4},{"damage":1,"enemies":"2 Louse","floor":2,"turns":3},{"damage":1,"enemies":"Cultist","floor":4,"turns":3},{"damage":13,"enemies":"3 Louse","floor":5,"turns":3},{"damage":6,"enemies":"Looter","floor":7,"turns":2},{"damage":11,"enemies":"Lagavulin","floor":8,"turns":7},{"damage":1,"enemies":"2 Fungi Beasts","floor":11,"turns":3},{"damage":0,"enemies":"Exordium Thugs","floor":13,"turns":4},{"damage":37,"enemies":"Slime Boss","floor":16,"turns":9},{"damage":22,"enemies":"Shell Parasite","floor":18,"turns":7},{"damage":10,"enemies":"Chosen","floor":20,"turns":5},{"damage":52,"enemies":"Gremlin Leader","floor":23,"turns":6}],"seed_played":"5679755346247937079","potions_obtained":[{"floor":4,"key":"SteroidPotion"},{"floor":7,"key":"SteroidPotion"}],"is_trial":false,"path_per_floor":["M","M","$","M","M","R","M","E","T","R","M","R","M","?","R","B",null,"M","?","M","?","?","E"],"character_chosen":"DEFECT","items_purchased":[],"campfire_rested":1,"item_purchase_floors":[],"current_hp_per_floor":[59,58,58,57,44,44,38,41,41,41,40,40,40,45,74,37,82,60,60,50,50,50,0],"gold":219,"neow_bonus":"TEN_PERCENT_HP_BONUS","is_prod":false,"is_daily":false,"chose_seed":false,"campfire_upgraded":3,"win_rate":0,"timestamp":1556910758,"path_taken":["M","M","$","M","M","R","M","E","T","R","M","R","M","?","R","BOSS","M","?","?","?","?","E"],"build_version":"2019-04-23","purchased_purges":1,"victory":false,"max_hp_per_floor":[78,78,78,78,78,78,78,92,92,92,92,92,92,97,97,97,97,97,97,97,97,97,97],"card_choices":[{"not_picked":["Stack","Conserve Battery"],"picked":"Gash","floor":1},{"not_picked":["Self Repair","Stack"],"picked":"Ball Lightning","floor":2},{"not_picked":["Double Energy","Fusion"],"picked":"Hologram","floor":4},{"not_picked":["Beam Cell","Leap"],"picked":"Gash","floor":5},{"not_picked":["Recycle","Streamline"],"picked":"Leap","floor":7},{"not_picked":["Turbo","Cold Snap"],"picked":"Auto Shields","floor":8},{"not_picked":["Fission","Leap"],"picked":"BootSequence","floor":11},{"not_picked":["Cold Snap","Compile Driver"],"picked":"Genetic Algorithm","floor":13},{"not_picked":["Reboot","Amplify"],"picked":"Fission","floor":16},{"not_picked":["Barrage","Reprogram"],"picked":"Ball Lightning+1","floor":18},{"not_picked":["Skim","Melter","Chill"],"picked":"SKIP","floor":20}],"player_experience":1477684,"relics_obtained":[{"floor":8,"key":"Mango"},{"floor":9,"key":"War Paint"}],"event_choices":[{"damage_healed":0,"gold_gain":0,"player_choice":"Donut","damage_taken":0,"max_hp_gain":5,"max_hp_loss":0,"event_name":"Big Fish","floor":14,"gold_loss":0},{"damage_healed":0,"gold_gain":0,"cards_transformed":["Strike_B"],"player_choice":"Transformed","damage_taken":0,"max_hp_gain":0,"max_hp_loss":0,"event_name":"Transmorgrifier","floor":19,"gold_loss":0,"cards_obtained":["Stack"]},{"cards_removed":["Strike_B"],"damage_healed":0,"gold_gain":0,"player_choice":"Gave Gold","damage_taken":0,"max_hp_gain":0,"max_hp_loss":0,"event_name":"Beggar","floor":21,"gold_loss":75},{"damage_healed":0,"gold_gain":50,"player_choice":"Stole From Cult","damage_taken":0,"max_hp_gain":0,"max_hp_loss":0,"event_name":"Nest","floor":22,"gold_loss":0}],"is_beta":true,"boss_relics":[{"not_picked":["Philosopher\u0027s Stone","FrozenCore"],"picked":"Nuclear Battery"}],"items_purged_floors":[3],"is_endless":false,"potions_floor_spawned":[4,7,8,13],"killed_by":"Gremlin Leader","ascension_level":17}