{"gold_per_floor":[115,115,115,40,5,30,55,83,164,14,24,24,24,36,36,36],"floor_reached":16,"playtime":341,"items_purged":["Strike_B"],"score":262,"play_id":"6b0a6ed0-ddef-4e3b-8021-9e310e515e62","local_time":"20190512212411","is_ascension_mode":true,"campfire_choices":[{"data":"Loop","floor":12,"key":"SMITH"},{"data":"Barrage","floor":15,"key":"SMITH"}],"neow_cost":"NONE","seed_source_timestamp":1840558911908877,"circlet_count":0,"master_deck":["AscendersBane","Strike_B","Strike_B","Strike_B","Defend_B","Defend_B","Defend_B","Defend_B","Zap","Dualcast","Rip and Tear+1","Capacitor","Conserve Battery","Loop+1","Defragment+1","Compile Driver","Stack","Genetic Algorithm","Barrage+1"],"relics":["Cracked Core","NeowsBlessing","Oddly Smooth Stone","Meat on the Bone","Odd Mushroom","Unceasing Top","Frozen Egg 2"],"potions_floor_usage":[8,16],"damage_taken":[{"damage":0,"enemies":"2 Louse","floor":1,"turns":1},{"damage":0,"enemies":"Gremlin Nob","floor":6,"turns":1},{"damage":0,"enemies":"The Mushroom Lair","floor":7,"turns":1},{"damage":14,"enemies":"Lagavulin","floor":8,"turns":5},{"damage":6,"enemies":"Jaw Worm","floor":11,"turns":2},{"damage":8,"enemies":"Small Slimes","floor":14,"turns":2},{"damage":48,"enemies":"Slime Boss","floor":16,"turns":7}],"seed_played":"8912995879023215125","potions_obtained":[{"floor":1,"key":"Weak Potion"},{"floor":6,"key":"SkillPotion"},{"floor":7,"key":"AttackPotion"},{"floor":14,"key":"Dexterity Potion"}],"is_trial":false,"path_per_floor":["M","?","?","$","?","E","?","E","T","$","M","R","$","M","R","B"],"character_chosen":"DEFECT","items_purchased":["Defragment+1","Compile Driver","Stack"],"campfire_rested":0,"item_purchase_floors":[10,10,10],"current_hp_per_floor":[64,64,53,53,70,70,70,56,56,56,50,50,50,42,42,0],"gold":36,"neow_bonus":"THREE_ENEMY_KILL","is_prod":false,"is_daily":false,"chose_seed":false,"campfire_upgraded":2,"win_rate":0,"timestamp":1557689051,"path_taken":["M","?","?","$","?","E","?","E","T","?","M","R","$","M","R","BOSS"],"build_version":"2019-05-07","purchased_purges":1,"victory":false,"max_hp_per_floor":[71,71,71,71,71,71,71,71,71,71,71,71,71,71,71,71],"card_choices":[{"not_picked":["BootSequence","Gash"],"picked":"Rip and Tear","floor":1},{"not_picked":["Hologram","Static Discharge"],"picked":"Capacitor","floor":6},{"not_picked":["Rebound","Leap"],"picked":"Conserve Battery","floor":7},{"not_picked":["Undo","Steam"],"picked":"Loop","floor":8},{"not_picked":["Turbo","Force Field"],"picked":"Genetic Algorithm","floor":11},{"not_picked":["Meteor Strike","Streamline"],"picked":"Barrage","floor":14}],"player_experience":1864525,"relics_obtained":[{"floor":6,"key":"Meat on the Bone"},{"floor":7,"key":"Odd Mushroom"},{"floor":8,"key":"Unceasing Top"},{"floor":9,"key":"Frozen Egg 2"}],"event_choices":[{"damage_healed":0,"gold_gain":0,"player_choice":"Grow","damage_taken":0,"max_hp_gain":0,"max_hp_loss":0,"event_name":"Living Wall","floor":2,"gold_loss":0,"cards_upgraded":["Rip and Tear"]},{"damage_healed":0,"gold_gain":0,"player_choice":"Success","damage_taken":11,"relics_obtained":["Oddly Smooth Stone"],"max_hp_gain":0,"max_hp_loss":0,"event_name":"Scrap Ooze","floor":3,"gold_loss":0},{"damage_healed":17,"gold_gain":0,"player_choice":"Healed","damage_taken":0,"max_hp_gain":0,"max_hp_loss":0,"event_name":"The Cleric","floor":5,"gold_loss":35},{"damage_healed":0,"gold_gain":0,"player_choice":"Fought Mushrooms","damage_taken":0,"max_hp_gain":0,"max_hp_loss":0,"event_name":"Mushrooms","floor":7,"gold_loss":0}],"is_beta":true,"boss_relics":[],"items_purged_floors":[4],"is_endless":false,"potions_floor_spawned":[1,6,7,14],"killed_by":"Slime Boss","ascension_level":20}