{"gold_per_floor":[111,111,121,25,25,50,7,7,7,7,7,7,27,43,43,116,116,128,128,43,43,17,17,36,36,36,83,108,134,146,173,185,197],"floor_reached":33,"playtime":1257,"items_purged":[],"score":587,"play_id":"958d65d9-b0d9-43bc-8152-7944a9b327d8","local_time":"20190512151255","is_ascension_mode":true,"campfire_choices":[{"data":"Uppercut","floor":8,"key":"SMITH"},{"data":"Shockwave","floor":12,"key":"SMITH"},{"data":"Inflame","floor":15,"key":"SMITH"},{"data":"Iron Wave","floor":23,"key":"SMITH"},{"data":"Shrug It Off","floor":25,"key":"SMITH"},{"data":"Pummel","floor":32,"key":"SMITH"}],"neow_cost":"NONE","seed_source_timestamp":1817367895724697,"circlet_count":0,"master_deck":["AscendersBane","Strike_R","Strike_R","Strike_R","Strike_R","Strike_R","Defend_R","Defend_R","Defend_R","Defend_R","Bash+1","Iron Wave+1","Inflame+1","Shrug It Off+1","Uppercut+1","Shockwave+1","Sword Boomerang","Feed","Pummel+1","Shrug It Off","Iron Wave","Exhume","Shrug It Off","Thunderclap+1"],"relics":["Burning Blood","NeowsBlessing","Pen Nib","Ice Cream","Red Skull","Dream Catcher","Philosopher\u0027s Stone","Enchiridion","Matryoshka","MawBank","Bottled Lightning","Meat on the Bone","NlothsMask"],"potions_floor_usage":[27],"damage_taken":[{"damage":0,"enemies":"Small Slimes","floor":1,"turns":1},{"damage":0,"enemies":"Jaw Worm","floor":3,"turns":1},{"damage":0,"enemies":"3 Sentries","floor":6,"turns":2},{"damage":0,"enemies":"Cultist","floor":13,"turns":3},{"damage":17,"enemies":"2 Fungi Beasts","floor":14,"turns":3},{"damage":64,"enemies":"Slime Boss","floor":16,"turns":10},{"damage":28,"enemies":"2 Thieves","floor":18,"turns":4},{"damage":16,"enemies":"Shell Parasite","floor":24,"turns":4},{"damage":16,"enemies":"Gremlin Leader","floor":27,"turns":6},{"damage":0,"enemies":"Chosen and Byrds","floor":28,"turns":5},{"damage":1,"enemies":"Centurion and Healer","floor":29,"turns":4},{"damage":19,"enemies":"Snecko","floor":31,"turns":5},{"damage":83,"enemies":"Automaton","floor":33,"turns":6}],"seed_played":"-6284483941548068272","potions_obtained":[{"floor":3,"key":"SkillPotion"},{"floor":16,"key":"Dexterity Potion"},{"floor":24,"key":"Fire Potion"},{"floor":27,"key":"LiquidBronze"}],"is_trial":false,"path_per_floor":["M","?","M","$","?","E","$","R","T","?","?","R","M","M","R","B",null,"M","?","?","?","$","R","M","R","T","E","M","M","?","M","R","B"],"character_chosen":"IRONCLAD","items_purchased":["Inflame","Shrug It Off","Shockwave","Shrug It Off"],"campfire_rested":0,"item_purchase_floors":[4,4,7,22],"current_hp_per_floor":[74,79,80,80,80,80,80,80,80,75,75,75,80,69,69,11,63,44,23,23,40,40,40,33,33,33,23,44,64,64,54,54,0],"gold":197,"neow_bonus":"THREE_ENEMY_KILL","is_prod":false,"is_daily":false,"chose_seed":false,"campfire_upgraded":6,"win_rate":0,"timestamp":1557666775,"path_taken":["M","?","M","$","?","E","$","R","T","?","?","R","M","?","R","BOSS","M","?","?","?","$","R","M","R","T","E","M","M","?","M","R","BOSS"],"build_version":"2019-05-07","purchased_purges":0,"victory":false,"max_hp_per_floor":[75,80,80,80,80,80,80,80,80,80,80,80,80,80,80,80,80,83,83,83,83,83,83,86,86,86,86,89,92,92,95,95,95],"card_choices":[{"not_picked":["Havoc","Battle Trance"],"picked":"Iron Wave","floor":1},{"not_picked":["Havoc","Pommel Strike","Warcry"],"picked":"SKIP","floor":3},{"not_picked":["Barricade","Body Slam"],"picked":"Uppercut","floor":6},{"not_picked":["Headbutt","Pommel Strike"],"picked":"Sword Boomerang","floor":13},{"not_picked":["Shockwave","Fire Breathing","Havoc"],"picked":"SKIP","floor":14},{"not_picked":["Barricade","Fiend Fire"],"picked":"Feed","floor":16},{"not_picked":["Cleave","Armaments"],"picked":"Pummel","floor":18},{"not_picked":["Thunderclap","Heavy Blade"],"picked":"Iron Wave","floor":24},{"not_picked":["Headbutt","Power Through"],"picked":"Exhume","floor":27},{"not_picked":["Pommel Strike","Rupture"],"picked":"Shrug It Off","floor":28},{"not_picked":["Perfected Strike","Dual Wield+1","Warcry"],"picked":"SKIP","floor":29},{"not_picked":["Thunderclap+1","Headbutt","Power Through"],"picked":"SKIP","floor":31},{"not_picked":["Headbutt","Power Through"],"picked":"Thunderclap+1","floor":31}],"player_experience":1845469,"relics_obtained":[{"floor":6,"key":"Pen Nib"},{"floor":9,"key":"Ice Cream"},{"floor":19,"key":"Enchiridion"},{"floor":26,"key":"MawBank"},{"floor":26,"key":"Bottled Lightning"},{"floor":27,"key":"Meat on the Bone"}],"event_choices":[{"damage_healed":0,"gold_gain":0,"player_choice":"Donut","damage_taken":0,"max_hp_gain":5,"max_hp_loss":0,"event_name":"Big Fish","floor":2,"gold_loss":0},{"damage_healed":0,"gold_gain":0,"player_choice":"Grow","damage_taken":0,"max_hp_gain":0,"max_hp_loss":0,"event_name":"Living Wall","floor":5,"gold_loss":0,"cards_upgraded":["Bash"]},{"damage_healed":0,"gold_gain":0,"player_choice":"Success","damage_taken":5,"relics_obtained":["Red Skull"],"max_hp_gain":0,"max_hp_loss":0,"event_name":"Scrap Ooze","floor":10,"gold_loss":0},{"damage_healed":0,"gold_gain":0,"player_choice":"Gave Potion","damage_taken":0,"relics_obtained":["Dream Catcher"],"max_hp_gain":0,"max_hp_loss":0,"event_name":"WeMeetAgain","floor":11,"gold_loss":0},{"damage_healed":0,"gold_gain":0,"player_choice":"Obtained Book","damage_taken":21,"max_hp_gain":0,"max_hp_loss":0,"event_name":"Cursed Tome","floor":19,"gold_loss":0},{"damage_healed":0,"gold_gain":0,"player_choice":"Obtained Relic","damage_taken":0,"relics_obtained":["Matryoshka"],"max_hp_gain":0,"max_hp_loss":0,"event_name":"Addict","floor":20,"gold_loss":85},{"damage_healed":17,"gold_gain":0,"player_choice":"Heal","damage_taken":0,"max_hp_gain":0,"max_hp_loss":0,"event_name":"The Library","floor":21,"gold_loss":0},{"damage_healed":0,"gold_gain":0,"player_choice":"Trade","damage_taken":0,"relics_obtained":["NlothsMask"],"max_hp_gain":0,"max_hp_loss":0,"event_name":"FaceTrader","floor":30,"gold_loss":0}],"is_beta":true,"boss_relics":[{"not_picked":["Calling Bell","Ectoplasm"],"picked":"Philosopher\u0027s Stone"}],"items_purged_floors":[],"is_endless":false,"potions_floor_spawned":[3,16,24,27,28],"killed_by":"Automaton","ascension_level":19}