{"gold_per_floor":[109,119,194,194,208,208,220,14,62,62,89,89,9,29,29,124,124,136,235,235,255,266,266,41,58,58,72,72,83,83],"floor_reached":30,"playtime":2763,"items_purged":["Strike_B"],"score":232,"play_id":"b5706fcc-45b3-4bac-ad11-e79ec974135d","local_time":"20181024190442","is_ascension_mode":false,"campfire_choices":[{"data":"Conserve Battery","floor":6,"key":"SMITH"},{"data":"Defragment","floor":10,"key":"SMITH"},{"data":"Machine Learning","floor":12,"key":"SMITH"},{"data":"Chill","floor":15,"key":"SMITH"},{"floor":23,"key":"REST"},{"floor":28,"key":"REST"}],"neow_cost":"NONE","seed_source_timestamp":560306166311237,"circlet_count":0,"master_deck":["Defend_B","Defend_B","Defend_B","Defend_B","Zap","Dualcast","Conserve Battery+1","Cold Snap","Darkness","Go for the Eyes","Defragment+1","Chill+1","Sweeping Beam","Machine Learning+1","Melter","Fusion+1","Doom and Gloom+1","Auto Shields+1","All For One","Force Field","Redo+1","White Noise","Electrodynamics","Enlightenment","Loop+1","Coolheaded+1"],"relics":["Cracked Core","Vajra","Bag of Preparation","Astrolabe","WingedGreaves"],"potions_floor_usage":[14,16,16,16,21,22,29],"damage_taken":[{"damage":0,"enemies":"Small Slimes","floor":1,"turns":2},{"damage":0,"enemies":"2 Louse","floor":2,"turns":3},{"damage":5,"enemies":"Jaw Worm","floor":5,"turns":4},{"damage":0,"enemies":"Exordium Thugs","floor":7,"turns":4},{"damage":10,"enemies":"3 Sentries","floor":11,"turns":7},{"damage":0,"enemies":"Large Slime","floor":14,"turns":4},{"damage":28,"enemies":"The Guardian","floor":16,"turns":10},{"damage":26,"enemies":"3 Byrds","floor":18,"turns":7},{"damage":13,"enemies":"2 Thieves","floor":21,"turns":5},{"damage":14,"enemies":"Snake Plant","floor":22,"turns":6},{"damage":23,"enemies":"3 Cultists","floor":25,"turns":5},{"damage":1,"enemies":"Cultist and Chosen","floor":27,"turns":6},{"damage":3,"enemies":"Centurion and Healer","floor":29,"turns":8},{"damage":17,"enemies":"Colosseum Slavers","floor":30,"turns":5},{"damage":37,"enemies":"Colosseum Nobs","floor":30,"turns":4}],"seed_played":"8687377358006017348","potions_obtained":[{"floor":0,"key":"SpeedPotion"},{"floor":0,"key":"LiquidBronze"},{"floor":0,"key":"LiquidBronze"},{"floor":5,"key":"PowerPotion"},{"floor":11,"key":"Regen Potion"},{"floor":14,"key":"SpeedPotion"},{"floor":18,"key":"FocusPotion"},{"floor":21,"key":"Regen Potion"},{"floor":25,"key":"Block Potion"},{"floor":27,"key":"Swift Potion"}],"is_trial":false,"path_per_floor":["M","M","?","?","M","R","M","$","T","R","E","R","$","M","R","B",null,"M","?","?","M","M","R","$","M","T","M","R","M"],"character_chosen":"DEFECT","items_purchased":["Chill","Sweeping Beam","Melter","Electrodynamics","Enlightenment"],"campfire_rested":2,"item_purchase_floors":[8,8,13,24,24],"current_hp_per_floor":[75,75,64,64,59,59,59,59,59,59,49,49,49,49,49,36,75,49,49,49,36,37,59,59,36,36,35,57,54,0],"gold":83,"neow_bonus":"THREE_SMALL_POTIONS","is_prod":false,"is_daily":false,"chose_seed":false,"campfire_upgraded":4,"win_rate":0.0,"timestamp":1540400682,"path_taken":["M","M","?","?","M","R","M","$","T","R","E","R","?","?","R","BOSS","M","?","?","M","M","R","$","M","T","?","R","M","?"],"build_version":"2018-10-18","purchased_purges":1,"victory":false,"max_hp_per_floor":[75,75,75,75,75,75,75,75,75,75,75,75,75,75,75,75,75,75,75,75,75,75,75,75,75,75,75,75,75,75],"card_choices":[{"not_picked":["Skim","Stack"],"picked":"Conserve Battery","floor":1},{"not_picked":["Sweeping Beam","Beam Cell"],"picked":"Cold Snap","floor":2},{"not_picked":["Storm","Amplify"],"picked":"Go for the Eyes","floor":5},{"not_picked":["Beam Cell","Barrage"],"picked":"Defragment","floor":7},{"not_picked":["Barrage","Defragment"],"picked":"Machine Learning","floor":11},{"not_picked":["Steam","Sweeping Beam"],"picked":"Static Discharge","floor":14},{"not_picked":["All For One","Machine Learning"],"picked":"Creative AI","floor":16},{"not_picked":["Reprogram","Go for the Eyes"],"picked":"FTL+1","floor":18},{"not_picked":["Barrage","Consume+1"],"picked":"Redo+1","floor":21},{"not_picked":["Gash+1","FTL"],"picked":"White Noise","floor":22},{"not_picked":["Rainbow","Streamline+1"],"picked":"Loop+1","floor":25},{"not_picked":["Steam","Go for the Eyes"],"picked":"Coolheaded+1","floor":27},{"not_picked":["Go for the Eyes","Streamline","Steam+1"],"picked":"SKIP","floor":29}],"player_experience":116326,"relics_obtained":[{"floor":9,"key":"Vajra"},{"floor":11,"key":"Bag of Preparation"},{"floor":26,"key":"WingedGreaves"}],"event_choices":[{"damage_healed":0,"gold_gain":75,"player_choice":"Gather Gold","damage_taken":11,"max_hp_gain":0,"max_hp_loss":0,"event_name":"World of Goop","floor":3,"gold_loss":0},{"damage_healed":0,"gold_gain":0,"cards_transformed":["Strike_B"],"player_choice":"Change","damage_taken":0,"max_hp_gain":0,"max_hp_loss":0,"event_name":"Living Wall","floor":4,"gold_loss":0,"cards_obtained":["Darkness"]},{"damage_healed":0,"gold_gain":99,"player_choice":"Stole From Cult","damage_taken":0,"max_hp_gain":0,"max_hp_loss":0,"event_name":"Nest","floor":19,"gold_loss":0},{"damage_healed":0,"gold_gain":0,"cards_transformed":["Creative AI","FTL"],"player_choice":"Became Test Subject","damage_taken":0,"max_hp_gain":0,"max_hp_loss":0,"event_name":"Drug Dealer","floor":20,"gold_loss":0,"cards_obtained":["All For One","Force Field"]},{"damage_healed":0,"gold_gain":0,"player_choice":"Fight","damage_taken":0,"max_hp_gain":0,"max_hp_loss":0,"event_name":"Colosseum","floor":30,"gold_loss":0},{"damage_healed":0,"gold_gain":0,"player_choice":"Fought Nobs","damage_taken":0,"max_hp_gain":0,"max_hp_loss":0,"event_name":"Colosseum","floor":30,"gold_loss":0}],"is_beta":false,"boss_relics":[{"not_picked":["Eternal Feather","White Beast Statue"],"picked":"Astrolabe"}],"items_purged_floors":[8],"is_endless":false,"potions_floor_spawned":[5,7,11,14,18,21,25,27,30],"killed_by":"Colosseum Nobs","ascension_level":0}