{"gold_per_floor":[109,7,7,7,7,7,38,38,90,165,227,244,275,292,292,366,366,385,404,118,128,128,158,17,31,54,54,74,74,74,90,90,90],"floor_reached":33,"playtime":1220,"items_purged":["Strike_G"],"score":581,"play_id":"6c01a617-4225-4e80-ae1a-06d0b73972c4","local_time":"20190502181535","is_ascension_mode":true,"campfire_choices":[{"data":"Neutralize","floor":6,"key":"SMITH"},{"data":"Blur","floor":8,"key":"SMITH"},{"data":"Cloak And Dagger","floor":15,"key":"SMITH"},{"floor":27,"key":"REST"},{"floor":30,"key":"REST"},{"data":"Footwork","floor":32,"key":"SMITH"}],"neow_cost":"NONE","seed_source_timestamp":964364971316659,"circlet_count":0,"master_deck":["AscendersBane","Defend_G","Defend_G","Defend_G","Defend_G","Defend_G","Strike_G+1","Strike_G","Survivor","Neutralize+1","Deadly Poison","Caltrops+1","Deadly Poison","Blur+1","Poisoned Stab+1","Escape Plan","Cloak And Dagger+1","Dodge and Roll","Corpse Explosion","Flying Knee+1","Cloak And Dagger","Blur","Acrobatics+1","Well Laid Plans","Backflip","Poisoned Stab+1","Backstab+1","Footwork+1"],"relics":["Ring of the Snake","NeowsBlessing","Orichalcum","Lantern","PreservedInsect","Question Card","Sozu","Membership Card","Strawberry","Molten Egg 2","Whetstone"],"potions_floor_usage":[13,16],"damage_taken":[{"damage":0,"enemies":"Jaw Worm","floor":1,"turns":1},{"damage":0,"enemies":"Lagavulin","floor":7,"turns":1},{"damage":0,"enemies":"Gremlin Nob","floor":11,"turns":1},{"damage":0,"enemies":"Small Slimes","floor":12,"turns":3},{"damage":0,"enemies":"Gremlin Nob","floor":13,"turns":3},{"damage":0,"enemies":"2 Louse","floor":14,"turns":3},{"damage":32,"enemies":"Slime Boss","floor":16,"turns":10},{"damage":1,"enemies":"3 Byrds","floor":18,"turns":4},{"damage":14,"enemies":"Shell Parasite","floor":19,"turns":4},{"damage":15,"enemies":"Snake Plant","floor":21,"turns":4},{"damage":16,"enemies":"Book of Stabbing","floor":23,"turns":6},{"damage":0,"enemies":"3 Cultists","floor":25,"turns":3},{"damage":13,"enemies":"Chosen and Byrds","floor":28,"turns":6},{"damage":0,"enemies":"Shelled Parasite and Fungi","floor":31,"turns":5},{"damage":57,"enemies":"Collector","floor":33,"turns":7}],"seed_played":"6583023681057232779","potions_obtained":[{"floor":1,"key":"SteroidPotion"},{"floor":7,"key":"PowerPotion"},{"floor":12,"key":"Fire Potion"}],"is_trial":false,"path_per_floor":["M","$","?","?","?","R","E","R","T","?","?","M","E","M","R","B",null,"M","M","$","M","?","E","$","M","T","R","M","?","R","M","R","B"],"character_chosen":"THE_SILENT","items_purchased":["Caltrops","Deadly Poison","Membership Card","Blur","Molten Egg 2"],"campfire_rested":2,"item_purchase_floors":[2,2,20,20,24],"current_hp_per_floor":[59,59,59,52,52,52,52,52,52,41,41,41,41,41,41,9,52,51,37,37,22,22,13,13,13,13,34,21,36,57,57,57,0],"gold":90,"neow_bonus":"THREE_ENEMY_KILL","is_prod":false,"is_daily":false,"chose_seed":false,"campfire_upgraded":4,"win_rate":0,"timestamp":1556813735,"path_taken":["M","$","?","?","?","R","E","R","T","?","?","M","E","M","R","BOSS","M","M","$","M","?","E","?","M","T","R","?","?","R","M","R","BOSS"],"build_version":"2019-04-23","purchased_purges":1,"victory":false,"max_hp_per_floor":[66,66,66,66,66,66,66,66,66,66,66,66,66,66,66,66,66,66,66,66,66,66,73,73,73,73,73,73,73,73,73,73,73],"card_choices":[{"not_picked":["Heel Hook","Acrobatics"],"picked":"Deadly Poison","floor":1},{"not_picked":["Blade Dance","All Out Attack"],"picked":"Blur","floor":7},{"not_picked":["Bane","Deadly Poison"],"picked":"Poisoned Stab","floor":11},{"not_picked":["Riddle With Holes","Eviscerate"],"picked":"Escape Plan","floor":12},{"not_picked":["Expertise","Dagger Spray"],"picked":"Cloak And Dagger","floor":13},{"not_picked":["Flechettes","Prepared","Flying Knee"],"picked":"Dodge and Roll","floor":14},{"not_picked":["Night Terror","Malaise","Unload"],"picked":"Corpse Explosion","floor":16},{"not_picked":["Sucker Punch","Well Laid Plans","Outmaneuver"],"picked":"Flying Knee+1","floor":18},{"not_picked":["Sucker Punch","Outmaneuver","Deadly Poison"],"picked":"Cloak And Dagger","floor":19},{"not_picked":["Sucker Punch","Underhanded Strike","All Out Attack+1"],"picked":"Acrobatics+1","floor":21},{"not_picked":["Distraction","Doppelganger","Underhanded Strike"],"picked":"Backflip","floor":23},{"not_picked":["Flying Knee+1","Bane+1","Quick Slash+1"],"picked":"Poisoned Stab+1","floor":25},{"not_picked":["Quick Slash+1","Well Laid Plans","Escape Plan+1"],"picked":"Backstab+1","floor":28},{"not_picked":["Poisoned Stab+1","Backflip","Caltrops+1"],"picked":"Footwork","floor":31}],"player_experience":1433330,"relics_obtained":[{"floor":7,"key":"Orichalcum"},{"floor":9,"key":"Lantern"},{"floor":11,"key":"PreservedInsect"},{"floor":13,"key":"Question Card"},{"floor":23,"key":"Strawberry"},{"floor":26,"key":"Whetstone"}],"event_choices":[{"damage_healed":0,"gold_gain":0,"player_choice":"Leave","damage_taken":0,"max_hp_gain":0,"max_hp_loss":0,"event_name":"The Cleric","floor":3,"gold_loss":0},{"cards_removed":["Strike_G"],"damage_healed":0,"gold_gain":0,"player_choice":"Card Removal","damage_taken":7,"max_hp_gain":0,"max_hp_loss":0,"event_name":"Golden Wing","floor":4,"gold_loss":0},{"damage_healed":0,"gold_gain":0,"player_choice":"Grow","damage_taken":0,"max_hp_gain":0,"max_hp_loss":0,"event_name":"Living Wall","floor":5,"gold_loss":0,"cards_upgraded":["Caltrops"]},{"damage_healed":0,"gold_gain":75,"player_choice":"Gather Gold","damage_taken":11,"max_hp_gain":0,"max_hp_loss":0,"event_name":"World of Goop","floor":10,"gold_loss":0},{"damage_healed":0,"gold_gain":0,"player_choice":"Searched \u00272\u0027 times","damage_taken":0,"max_hp_gain":0,"max_hp_loss":0,"event_name":"Dead Adventurer","floor":11,"gold_loss":0},{"damage_healed":0,"gold_gain":0,"cards_transformed":["Strike_G"],"player_choice":"Transformed","damage_taken":0,"max_hp_gain":0,"max_hp_loss":0,"event_name":"Transmorgrifier","floor":22,"gold_loss":0,"cards_obtained":["Well Laid Plans"]},{"damage_healed":15,"gold_gain":0,"player_choice":"Heal","damage_taken":0,"max_hp_gain":0,"max_hp_loss":0,"event_name":"The Library","floor":29,"gold_loss":0}],"is_beta":true,"boss_relics":[{"not_picked":["Pandora\u0027s Box","Astrolabe"],"picked":"Sozu"}],"items_purged_floors":[20],"is_endless":false,"potions_floor_spawned":[1,7,12,19,25,31],"killed_by":"Collector","ascension_level":16}