{"gold_per_floor":[110,121,140,90,90,90,117,127,200,200,219,219,235,247,247,343,343,327,327,70,70,87,87,112,112,112,138,154,154,170,186,186,290,290,305,305,12,26,44,44],"floor_reached":40,"playtime":2597,"items_purged":[],"score":472,"play_id":"a8ea9034-4682-4315-a32f-1aaf7a830e44","local_time":"20190421203428","is_ascension_mode":true,"campfire_choices":[{"data":"Sweeping Beam","floor":6,"key":"SMITH"},{"data":"Loop","floor":10,"key":"SMITH"},{"floor":12,"key":"REST"},{"data":"Coolheaded","floor":15,"key":"SMITH"},{"data":"Strike_B+1","floor":23,"key":"PURGE"},{"data":"Strike_B+1","floor":25,"key":"PURGE"},{"data":"Electrodynamics","floor":29,"key":"SMITH"},{"data":"Defragment","floor":32,"key":"SMITH"}],"neow_cost":"NONE","seed_source_timestamp":20919855613011,"circlet_count":0,"master_deck":["Strike_B+1","Defend_B+1","Defend_B+1","Defend_B+1","Defend_B+1","Zap+1","Dualcast+1","Sweeping Beam+1","Loop+1","Coolheaded+1","Ball Lightning+1","Streamline+1","Electrodynamics+1","Capacitor+1","Barrage+1","Defragment+1","Leap+1","Loop+1","Defragment","Auto Shields+1","Parasite","Redo"],"relics":["Cracked Core","Peace Pipe","Question Card","Coffee Dripper","Singing Bowl","Boot","Dodecahedron","Regal Pillow","Nuclear Battery","Meat on the Bone"],"potions_floor_usage":[22,33,33,33,40,40],"damage_taken":[{"damage":0,"enemies":"Small Slimes","floor":1,"turns":2},{"damage":0,"enemies":"2 Louse","floor":2,"turns":2},{"damage":0,"enemies":"Cultist","floor":3,"turns":3},{"damage":36,"enemies":"Gremlin Nob","floor":7,"turns":4},{"damage":7,"enemies":"Gremlin Gang","floor":8,"turns":3},{"damage":6,"enemies":"Looter","floor":11,"turns":2},{"damage":8,"enemies":"Large Slime","floor":13,"turns":5},{"damage":7,"enemies":"Blue Slaver","floor":14,"turns":4},{"damage":25,"enemies":"The Guardian","floor":16,"turns":14},{"damage":18,"enemies":"2 Thieves","floor":18,"turns":4},{"damage":6,"enemies":"Shell Parasite","floor":22,"turns":4},{"damage":47,"enemies":"Slavers","floor":27,"turns":4},{"damage":0,"enemies":"Cultist and Chosen","floor":28,"turns":4},{"damage":3,"enemies":"Centurion and Healer","floor":30,"turns":4},{"damage":0,"enemies":"3 Cultists","floor":31,"turns":2},{"damage":14,"enemies":"Collector","floor":33,"turns":5},{"damage":14,"enemies":"Orb Walker","floor":35,"turns":3},{"damage":0,"enemies":"3 Shapes","floor":38,"turns":2},{"damage":26,"enemies":"Writhing Mass","floor":39,"turns":5},{"damage":72,"enemies":"Giant Head","floor":40,"turns":7}],"seed_played":"1044754725748398879","potions_obtained":[{"floor":1,"key":"SkillPotion"},{"floor":3,"key":"SteroidPotion"},{"floor":7,"key":"Weak Potion"},{"floor":18,"key":"Energy Potion"},{"floor":27,"key":"SkillPotion"},{"floor":31,"key":"Block Potion"},{"floor":33,"key":"FearPotion"},{"floor":38,"key":"GamblersBrew"}],"is_trial":false,"path_per_floor":["M","M","M","?","?","R","E","M","T","R","M","R","M","M","R","B",null,"M","?","$","?","M","R","T","R","T","E","M","R","M","M","R","B",null,"M","?","$","M","M","E"],"character_chosen":"DEFECT","items_purchased":["Singing Bowl","Defragment","Meat on the Bone"],"campfire_rested":1,"item_purchase_floors":[20,37,37],"current_hp_per_floor":[75,75,75,75,75,75,39,32,32,32,26,48,40,33,33,8,75,57,57,57,75,69,69,69,69,69,22,22,22,19,19,19,7,77,63,63,63,63,49,0],"gold":44,"neow_bonus":"UPGRADE_CARD","is_prod":false,"is_daily":false,"chose_seed":false,"campfire_upgraded":5,"win_rate":0,"timestamp":1555871668,"path_taken":["M","M","M","?","?","R","E","M","T","R","?","R","M","?","R","BOSS","M","?","$","?","M","R","?","R","T","E","M","R","?","M","R","BOSS","M","?","$","M","?","E"],"build_version":"2019-04-20","purchased_purges":0,"victory":false,"max_hp_per_floor":[75,75,75,75,75,75,75,75,75,75,75,75,75,75,75,75,75,75,75,75,75,75,75,75,75,75,75,75,75,75,75,75,77,77,77,77,77,77,77,77],"card_choices":[{"not_picked":["Double Energy","Go for the Eyes","Reprogram"],"picked":"SKIP","floor":1},{"not_picked":["Turbo","Double Energy","Melter"],"picked":"SKIP","floor":2},{"not_picked":["Leap","Reinforced Body"],"picked":"Sweeping Beam","floor":3},{"not_picked":["Gash","Recycle","Reinforced Body"],"picked":"SKIP","floor":7},{"not_picked":["Hello World","Turbo"],"picked":"Loop","floor":8},{"not_picked":["Blizzard","Barrage","Reinforced Body"],"picked":"Coolheaded","floor":11},{"not_picked":["Static Discharge","Undo","Sweeping Beam","Recycle"],"picked":"SKIP","floor":13},{"not_picked":["Compile Driver","Gash","Skim","Rip and Tear"],"picked":"SKIP","floor":14},{"not_picked":["Hologram+1","Coolheaded","Redo"],"picked":"Ball Lightning+1","floor":18},{"not_picked":["Capacitor","Ball Lightning+1","Compile Driver+1"],"picked":"Streamline+1","floor":22},{"not_picked":["Beam Cell","Auto Shields","Glacier"],"picked":"Electrodynamics","floor":27},{"not_picked":["Storm+1","Steam+1","Ball Lightning+1"],"picked":"Capacitor+1","floor":28},{"not_picked":["Turbo+1","Gash","Force Field"],"picked":"Barrage+1","floor":30},{"not_picked":["Lockon","Redo","Leap+1"],"picked":"Defragment","floor":31},{"not_picked":["Creative AI","Hyperbeam","Biased Cognition","Meteor Strike"],"picked":"Singing Bowl","floor":33},{"not_picked":["Beam Cell+1","Gash","Coolheaded+1"],"picked":"Leap+1","floor":35},{"not_picked":["Barrage","Buffer","Scrape+1"],"picked":"Auto Shields+1","floor":38},{"not_picked":["Double Energy","Storm+1","Streamline+1"],"picked":"Redo","floor":39}],"player_experience":1152930,"relics_obtained":[{"floor":7,"key":"Peace Pipe"},{"floor":9,"key":"Question Card"},{"floor":24,"key":"Boot"},{"floor":26,"key":"Dodecahedron"},{"floor":27,"key":"Regal Pillow"}],"event_choices":[{"cards_removed":["Strike_B"],"damage_healed":0,"gold_gain":0,"player_choice":"Card Removal","damage_taken":0,"max_hp_gain":0,"max_hp_loss":0,"event_name":"The Cleric","floor":4,"gold_loss":50},{"damage_healed":0,"gold_gain":0,"player_choice":"Forge","damage_taken":0,"max_hp_gain":0,"max_hp_loss":0,"event_name":"Accursed Blacksmith","floor":5,"gold_loss":0,"cards_upgraded":["Dualcast"]},{"damage_healed":0,"gold_gain":0,"player_choice":"Simplicity","damage_taken":0,"max_hp_gain":0,"max_hp_loss":0,"event_name":"Back to Basics","floor":19,"gold_loss":0,"cards_upgraded":["Strike_B","Strike_B","Strike_B","Defend_B","Defend_B","Defend_B","Defend_B"]},{"damage_healed":25,"gold_gain":0,"player_choice":"Heal","damage_taken":0,"max_hp_gain":0,"max_hp_loss":0,"event_name":"The Library","floor":21,"gold_loss":0},{"damage_healed":0,"gold_gain":0,"player_choice":"Copied","damage_taken":0,"max_hp_gain":0,"max_hp_loss":0,"event_name":"Duplicator","floor":36,"gold_loss":0,"cards_obtained":["Loop"]}],"is_beta":true,"boss_relics":[{"not_picked":["Astrolabe","Runic Dome"],"picked":"Coffee Dripper"},{"not_picked":["Tiny House","White Beast Statue"],"picked":"Nuclear Battery"}],"items_purged_floors":[],"is_endless":false,"potions_floor_spawned":[1,3,7,11,16,18,27,30,31,33,38],"killed_by":"Giant Head","ascension_level":3}