{"gold_per_floor":[117,129,129,129,74,74,105,105,105,138,167,187,187,187],"floor_reached":14,"playtime":283,"items_purged":[],"score":230,"play_id":"f59b00a3-75c6-4d0f-bdd6-874d4c825526","local_time":"20190507120331","is_ascension_mode":true,"campfire_choices":[{"data":"Dagger Spray","floor":6,"key":"SMITH"},{"data":"Dagger Spray","floor":8,"key":"SMITH"},{"data":"Footwork","floor":13,"key":"SMITH"}],"neow_cost":"NONE","seed_source_timestamp":1374977615255274,"circlet_count":0,"master_deck":["AscendersBane","Defend_G","Defend_G","Defend_G","Defend_G","Defend_G","Strike_G","Strike_G","Strike_G+1","Strike_G","Survivor+1","Neutralize","Dagger Spray+1","Acrobatics","Dagger Spray+1","Blur","Cloak And Dagger","Footwork+1","Flying Knee"],"relics":["Ring of the Snake","NeowsBlessing","Bag of Preparation","Matryoshka","FossilizedHelix","Odd Mushroom"],"potions_floor_usage":[10,11],"damage_taken":[{"damage":0,"enemies":"2 Louse","floor":1,"turns":1},{"damage":0,"enemies":"Small Slimes","floor":2,"turns":1},{"damage":0,"enemies":"3 Sentries","floor":7,"turns":1},{"damage":6,"enemies":"Gremlin Nob","floor":10,"turns":3},{"damage":0,"enemies":"The Mushroom Lair","floor":11,"turns":2},{"damage":0,"enemies":"Cultist","floor":12,"turns":4},{"damage":43,"enemies":"Lagavulin","floor":14,"turns":9}],"seed_played":"2307787340641613309","potions_obtained":[{"floor":7,"key":"FearPotion"},{"floor":10,"key":"Explosive Potion"}],"is_trial":false,"path_per_floor":["M","M","?","?","$","R","E","R","T","E","?","M","R","E"],"character_chosen":"THE_SILENT","items_purchased":["Dagger Spray"],"campfire_rested":0,"item_purchase_floors":[5],"current_hp_per_floor":[59,59,52,32,32,32,32,32,32,26,26,26,26,0],"gold":187,"neow_bonus":"THREE_ENEMY_KILL","is_prod":false,"is_daily":false,"chose_seed":false,"campfire_upgraded":3,"win_rate":0,"timestamp":1557223411,"path_taken":["M","M","?","?","$","R","E","R","T","E","?","M","R","E"],"build_version":"2019-04-23","purchased_purges":0,"victory":false,"max_hp_per_floor":[66,66,66,66,66,66,66,66,66,66,66,66,66,66],"card_choices":[{"not_picked":["Bane","Blade Dance"],"picked":"Dagger Spray","floor":1},{"not_picked":["All Out Attack","Poisoned Stab"],"picked":"Acrobatics","floor":2},{"not_picked":["Accuracy","Eviscerate"],"picked":"Blur","floor":7},{"not_picked":["Bane","Heel Hook"],"picked":"Cloak And Dagger","floor":10},{"not_picked":["Escape Plan","All Out Attack"],"picked":"Footwork","floor":11},{"not_picked":["Distraction","Deadly Poison"],"picked":"Flying Knee","floor":12}],"player_experience":1555620,"relics_obtained":[{"floor":7,"key":"Bag of Preparation"},{"floor":9,"key":"Matryoshka"},{"floor":10,"key":"FossilizedHelix"},{"floor":11,"key":"Odd Mushroom"}],"event_choices":[{"cards_removed":["Strike_G"],"damage_healed":0,"gold_gain":0,"player_choice":"Card Removal","damage_taken":7,"max_hp_gain":0,"max_hp_loss":0,"event_name":"Golden Wing","floor":3,"gold_loss":0},{"damage_healed":0,"gold_gain":0,"player_choice":"Entered Light","damage_taken":20,"max_hp_gain":0,"max_hp_loss":0,"event_name":"Shining Light","floor":4,"gold_loss":0,"cards_upgraded":["Survivor","Strike_G"]},{"damage_healed":0,"gold_gain":0,"player_choice":"Fought Mushrooms","damage_taken":0,"max_hp_gain":0,"max_hp_loss":0,"event_name":"Mushrooms","floor":11,"gold_loss":0}],"is_beta":true,"boss_relics":[],"items_purged_floors":[],"is_endless":false,"potions_floor_spawned":[7,10],"killed_by":"Lagavulin","ascension_level":18}