{"path_per_floor":["M","?","?","?","M","E","M","M","T","R","M","$","R","M","R","B",null,"M","$","M","M","?","E","R"],"character_chosen":"IRONCLAD","items_purchased":["Whirlwind","Gremlin Horn","Searing Blow","Battle Trance","Flex"],"gold_per_floor":[110,110,360,360,380,410,423,438,508,508,518,57,57,69,69,168,168,182,97,108,118,118,151,151],"floor_reached":25,"campfire_rested":2,"playtime":2296,"current_hp_per_floor":[82,82,82,82,79,30,23,16,16,42,17,17,43,39,39,17,87,85,85,87,55,55,64,64],"items_purged":["Strike_R"],"gold":151,"play_id":"f95667fa-78b3-47c9-a2d7-ac75ea7e0702","is_prod":false,"is_daily":false,"campfire_rituals":0,"campfire_upgraded":2,"is_hardmode":false,"path_taken":["M","?","?","?","M","E","M","M","T","R","M","$","R","?","R","BOSS","M","$","M","M","?","E","R","E"],"build_version":"2018-01-18-PROD4","purchased_purges":1,"victory":false,"master_deck":["Strike_R","Strike_R","Strike_R","Strike_R","Defend_R","Defend_R","Defend_R","Bash","Clash","Regret","Offering","Inflame","Anger","Impervious","Seeing Red","Whirlwind","Searing Blow","Flex","Demon Form","Dual Wield","Battle Trance","Flex","Headbutt","Spot Weakness","Barricade"],"max_hp_per_floor":[87,87,87,87,87,87,87,87,87,87,87,87,87,87,87,87,87,87,87,87,87,87,101,101],"relics":["Burning Blood","Oddly Smooth Stone","Bottled Lightning","Gremlin Horn","Black Star","Nloth\u0027s Gift","Mango","Ginger"],"campfire_meditates":0,"card_choices":[{"not_picked":["Cleave","Pommel Strike"],"picked":"Clash"},{"not_picked":["Armaments","Warcry"],"picked":"Offering"},{"not_picked":["Thunderclap","Pommel Strike"],"picked":"Inflame"},{"not_picked":["Pommel Strike","Wild Strike"],"picked":"Anger"},{"not_picked":["Pommel Strike","Anger"],"picked":"Impervious"},{"not_picked":["Anger","Clothesline"],"picked":"Seeing Red"},{"not_picked":["Impervious","Combust"],"picked":"Flex"},{"not_picked":["Dark Embrace","Immolate"],"picked":"Demon Form"},{"not_picked":["Headbutt","Combust"],"picked":"Dual Wield"},{"not_picked":["Shrug It Off","Body Slam"],"picked":"Headbutt"},{"not_picked":["Rupture","Flame Barrier"],"picked":"Spot Weakness"},{"not_picked":["Immolate","Flex"],"picked":"Barricade"}],"player_experience":44941,"potions_floor_usage":[6,16,16,21,25],"damage_taken":[{"damage":11,"enemies":"Jaw Worm","floor":1,"turns":4},{"damage":9,"enemies":"Blue Slaver","floor":5,"turns":3},{"damage":55,"enemies":"3 Sentries","floor":6,"turns":7},{"damage":13,"enemies":"Cultist","floor":7,"turns":3},{"damage":13,"enemies":"2 Fungi Beasts","floor":8,"turns":3},{"damage":31,"enemies":"Gremlin Gang","floor":11,"turns":4},{"damage":10,"enemies":"Large Slime","floor":14,"turns":4},{"damage":28,"enemies":"Hexaghost","floor":16,"turns":9},{"damage":8,"enemies":"Spheric Guardian","floor":18,"turns":4},{"damage":4,"enemies":"3 Byrds","floor":20,"turns":3},{"damage":47,"enemies":"Centurion and Healer","floor":21,"turns":5},{"damage":11,"enemies":"Gremlin Leader","floor":23,"turns":7},{"damage":66,"enemies":"Book of Stabbing","floor":25,"turns":5}],"event_choices":[{"event_name":"Wheel of Change","player_choice":"Card Removal","floor":2,"damage_taken":0},{"event_name":"Golden Shrine","player_choice":"Desecrate","floor":3,"damage_taken":0},{"event_name":"Living Wall","player_choice":"Grow","floor":4,"damage_taken":0},{"event_name":"N\u0027loth","player_choice":"Traded a Strawberry","floor":22,"damage_taken":0}],"boss_relics":[{"not_picked":["Eternal Feather","Runic Dome"],"picked":"Black Star"}],"potions_floor_spawned":[5,8,11,16,18],"seed_played":"837705623521737783","killed_by":"Book of Stabbing","is_trial":false}