{"gold_per_floor":[112,112,130,25,175,208,208,208,235,248,282,282,38,53,53,53],"floor_reached":16,"playtime":351,"items_purged":["Doubt"],"score":266,"play_id":"5116d82d-8476-4e02-9f48-f53e7fca9726","local_time":"20190516140816","is_ascension_mode":true,"campfire_choices":[{"data":"Bash","floor":7,"key":"SMITH"},{"data":"Offering","floor":12,"key":"SMITH"},{"data":"Iron Wave","floor":15,"key":"SMITH"}],"neow_cost":"NONE","seed_source_timestamp":2159994350026760,"circlet_count":0,"master_deck":["AscendersBane","Strike_R","Strike_R","Strike_R","Strike_R+1","Strike_R","Defend_R","Defend_R","Defend_R","Defend_R","Bash+1","Dropkick","Cleave","Rampage+1","True Grit","Headbutt","Metallicize","Offering+1","Iron Wave+1"],"relics":["Burning Blood","NeowsBlessing","Golden Idol","Whetstone","Mummified Hand","Art of War","Pen Nib","PreservedInsect"],"potions_floor_usage":[11,14,16],"damage_taken":[{"damage":0,"enemies":"Jaw Worm","floor":1,"turns":1},{"damage":0,"enemies":"Small Slimes","floor":3,"turns":1},{"damage":0,"enemies":"3 Sentries","floor":6,"turns":1},{"damage":11,"enemies":"Cultist","floor":10,"turns":4},{"damage":20,"enemies":"Lagavulin","floor":11,"turns":3},{"damage":13,"enemies":"Blue Slaver","floor":14,"turns":2},{"damage":39,"enemies":"Slime Boss","floor":16,"turns":7}],"seed_played":"95374118521049107","potions_obtained":[{"floor":1,"key":"SteroidPotion"},{"floor":6,"key":"EssenceOfSteel"},{"floor":11,"key":"BloodPotion"}],"is_trial":false,"path_per_floor":["M","?","M","$","?","E","R","?","T","M","E","R","$","M","R","B"],"character_chosen":"IRONCLAD","items_purchased":["Rampage","True Grit","PreservedInsect"],"campfire_rested":0,"item_purchase_floors":[4,4,13],"current_hp_per_floor":[74,48,54,54,54,60,60,49,49,44,30,30,30,30,30,0],"gold":53,"neow_bonus":"THREE_ENEMY_KILL","is_prod":false,"is_daily":false,"chose_seed":false,"campfire_upgraded":3,"win_rate":0,"timestamp":1558008496,"path_taken":["M","?","M","$","?","E","R","?","T","M","E","R","$","M","R","BOSS"],"build_version":"2019-05-07","purchased_purges":1,"victory":false,"max_hp_per_floor":[75,75,75,75,75,75,75,75,75,75,75,75,75,75,75,75],"card_choices":[{"not_picked":["Fire Breathing","Blood for Blood"],"picked":"Dropkick","floor":1},{"not_picked":["Heavy Blade","Body Slam"],"picked":"Cleave","floor":3},{"not_picked":["Fire Breathing","True Grit"],"picked":"Headbutt","floor":6},{"not_picked":["Intimidate","Flex"],"picked":"Metallicize","floor":10},{"not_picked":["Iron Wave","Pommel Strike"],"picked":"Offering","floor":11},{"not_picked":["Flex","Intimidate"],"picked":"Iron Wave","floor":14}],"player_experience":1977721,"relics_obtained":[{"floor":6,"key":"Whetstone"},{"floor":9,"key":"Art of War"},{"floor":11,"key":"Pen Nib"}],"event_choices":[{"damage_healed":0,"gold_gain":0,"player_choice":"Take Damage","damage_taken":26,"relics_obtained":["Golden Idol"],"max_hp_gain":0,"max_hp_loss":0,"event_name":"Golden Idol","floor":2,"gold_loss":0},{"damage_healed":0,"gold_gain":150,"player_choice":"AGREE","damage_taken":0,"max_hp_gain":0,"max_hp_loss":0,"event_name":"Liars Game","floor":5,"gold_loss":0,"cards_obtained":["Doubt"]},{"damage_healed":0,"gold_gain":0,"player_choice":"Success","damage_taken":11,"relics_obtained":["Mummified Hand"],"max_hp_gain":0,"max_hp_loss":0,"event_name":"Scrap Ooze","floor":8,"gold_loss":0}],"is_beta":true,"boss_relics":[],"items_purged_floors":[13],"is_endless":false,"potions_floor_spawned":[1,6,11],"killed_by":"Slime Boss","ascension_level":20}