{"gold_per_floor":[113,113,113,113,132,132,159,53,78,104,104,23,23,51,51,124,124,137,137,137,152,37,37,72,87,87,120,120,167,167,187,187,187],"floor_reached":33,"playtime":1243,"items_purged":["Strike_G"],"score":593,"play_id":"d4eee80d-7aa8-49be-bbda-97d9e3440f72","local_time":"20190508185255","is_ascension_mode":true,"campfire_choices":[{"data":"All Out Attack","floor":6,"key":"SMITH"},{"data":"Dash","floor":11,"key":"SMITH"},{"data":"Bouncing Flask","floor":13,"key":"SMITH"},{"data":"Cloak And Dagger","floor":15,"key":"SMITH"},{"floor":23,"key":"REST"},{"floor":28,"key":"REST"},{"data":"Caltrops","floor":30,"key":"SMITH"},{"floor":32,"key":"REST"}],"neow_cost":"NONE","seed_source_timestamp":1484980891450423,"circlet_count":0,"master_deck":["AscendersBane","Defend_G","Defend_G","Defend_G","Defend_G","Defend_G","Strike_G","Strike_G","Survivor","Neutralize","All Out Attack+1","Poisoned Stab","Dash+1","Caltrops+1","Cloak And Dagger+1","Bouncing Flask+1","PiercingWail","Corpse Explosion","Cloak And Dagger+1","Sucker Punch","Die Die Die","PiercingWail","Heel Hook","Well Laid Plans","Backstab","Dagger Spray","Pain"],"relics":["Ring of the Snake","NeowsBlessing","Pen Nib","Potion Belt","Vajra","Bronze Scales","Snake Skull","Cursed Key","Orichalcum","Blue Candle","Omamori"],"potions_floor_usage":[24,27,33],"damage_taken":[{"damage":0,"enemies":"2 Louse","floor":1,"turns":1},{"damage":0,"enemies":"Jaw Worm","floor":5,"turns":1},{"damage":0,"enemies":"Gremlin Nob","floor":7,"turns":1},{"damage":4,"enemies":"3 Sentries","floor":14,"turns":6},{"damage":19,"enemies":"The Guardian","floor":16,"turns":7},{"damage":24,"enemies":"Spheric Guardian","floor":18,"turns":4},{"damage":0,"enemies":"3 Byrds","floor":21,"turns":2},{"damage":10,"enemies":"Book of Stabbing","floor":24,"turns":4},{"damage":0,"enemies":"Cultist and Chosen","floor":25,"turns":3},{"damage":21,"enemies":"Slavers","floor":27,"turns":2},{"damage":13,"enemies":"Snake Plant","floor":31,"turns":3},{"damage":62,"enemies":"Champ","floor":33,"turns":10}],"seed_played":"-4035938564154050825","potions_obtained":[{"floor":1,"key":"SkillPotion"},{"floor":21,"key":"Weak Potion"},{"floor":27,"key":"Explosive Potion"}],"is_trial":false,"path_per_floor":["M","$","?","?","M","R","E","$","T","T","R","$","R","E","R","B",null,"M","?","?","M","$","R","E","M","T","E","R","T","R","M","R","B"],"character_chosen":"THE_SILENT","items_purchased":["Caltrops","Cloak And Dagger","Bouncing Flask","Heel Hook"],"campfire_rested":3,"item_purchase_floors":[8,8,12,22],"current_hp_per_floor":[59,59,64,53,53,53,53,53,53,53,53,53,53,49,49,30,61,37,37,37,37,37,58,48,48,48,27,48,48,48,35,56,0],"gold":187,"neow_bonus":"THREE_ENEMY_KILL","is_prod":false,"is_daily":false,"chose_seed":false,"campfire_upgraded":5,"win_rate":0,"timestamp":1557334375,"path_taken":["M","$","?","?","M","R","E","?","T","?","R","$","R","E","R","BOSS","M","?","?","M","$","R","E","?","T","E","R","?","R","M","R","BOSS"],"build_version":"2019-05-07","purchased_purges":1,"victory":false,"max_hp_per_floor":[66,66,71,71,71,71,71,71,71,71,71,71,71,71,71,71,71,71,71,71,71,71,71,71,71,71,71,71,71,71,71,71,71],"card_choices":[{"not_picked":["Bane","Outmaneuver"],"picked":"All Out Attack","floor":1},{"not_picked":["Masterful Stab","Finisher"],"picked":"Poisoned Stab","floor":5},{"not_picked":["Accuracy","Corpse Explosion"],"picked":"Dash","floor":7},{"not_picked":["Sucker Punch","Terror"],"picked":"PiercingWail","floor":14},{"not_picked":["Glass Knife","After Image"],"picked":"Corpse Explosion","floor":16},{"not_picked":["Dagger Throw","Bane"],"picked":"Cloak And Dagger","floor":18},{"not_picked":["Dagger Throw","Outmaneuver"],"picked":"PiercingWail","floor":21},{"not_picked":["Distraction+1","Riddle With Holes"],"picked":"Well Laid Plans","floor":24},{"not_picked":["Expertise+1","Dagger Spray"],"picked":"Backstab","floor":25},{"not_picked":["Setup+1","Quick Slash"],"picked":"Dagger Spray","floor":27},{"not_picked":["Slice","Bane","Dodge and Roll"],"picked":"SKIP","floor":31}],"player_experience":1600682,"relics_obtained":[{"floor":7,"key":"Potion Belt"},{"floor":9,"key":"Vajra"},{"floor":10,"key":"Bronze Scales"},{"floor":14,"key":"Snake Skull"},{"floor":24,"key":"Orichalcum"},{"floor":27,"key":"Blue Candle"},{"floor":29,"key":"Omamori"}],"event_choices":[{"damage_healed":0,"gold_gain":0,"player_choice":"Donut","damage_taken":0,"max_hp_gain":5,"max_hp_loss":0,"event_name":"Big Fish","floor":3,"gold_loss":0},{"damage_healed":0,"gold_gain":0,"player_choice":"Success","damage_taken":11,"relics_obtained":["Pen Nib"],"max_hp_gain":0,"max_hp_loss":0,"event_name":"Scrap Ooze","floor":4,"gold_loss":0},{"damage_healed":0,"gold_gain":0,"cards_transformed":["Strike_G","Strike_G"],"player_choice":"Became Test Subject","damage_taken":0,"max_hp_gain":0,"max_hp_loss":0,"event_name":"Drug Dealer","floor":19,"gold_loss":0,"cards_obtained":["Sucker Punch","Die Die Die"]},{"damage_healed":0,"gold_gain":0,"player_choice":"Forge","damage_taken":0,"max_hp_gain":0,"max_hp_loss":0,"event_name":"Accursed Blacksmith","floor":20,"gold_loss":0,"cards_upgraded":["Cloak And Dagger"]}],"is_beta":true,"boss_relics":[{"not_picked":["Runic Dome","Eternal Feather"],"picked":"Cursed Key"}],"items_purged_floors":[22],"is_endless":false,"potions_floor_spawned":[1,21,27],"killed_by":"Champ","ascension_level":18}