{"gold_per_floor":[117,136,136,61,61,61,74,92,117,129,169,31,49,70,70,173,173,184,184,184,184,200,230,230,259,282,89,4,4,4,4,4,4],"floor_reached":33,"playtime":998,"items_purged":["Strike_B"],"score":419,"play_id":"8a12d4c8-450e-421b-9c40-d331a7f770e3","local_time":"20190317180829","is_ascension_mode":true,"campfire_choices":[{"data":"Sunder","floor":6,"key":"SMITH"},{"data":"Buffer","floor":10,"key":"SMITH"},{"data":"Biased Cognition","floor":15,"key":"SMITH"},{"floor":24,"key":"REST"},{"data":"Lockon","floor":30,"key":"SMITH"},{"data":"Lockon","floor":32,"key":"SMITH"}],"neow_cost":"NONE","seed_source_timestamp":342382582295600,"circlet_count":0,"master_deck":["AscendersBane","Strike_B+1","Strike_B+1","Defend_B+1","Defend_B+1","Defend_B+1","Defend_B+1","Zap","Dualcast","Lockon+1","Sunder+1","Leap","Zap","Buffer+1","Skim","Biased Cognition+1","Ball Lightning","Ball Lightning","Amplify","Defragment+1","Steam+1","Fusion","Lockon+1","The Bomb"],"relics":["Cracked Core","MawBank","PreservedInsect","Regal Pillow","Odd Mushroom","Nuclear Battery","Letter Opener","Darkstone Periapt","Lantern","Gremlin Horn","MutagenicStrength"],"potions_floor_usage":[22,23,33,33],"damage_taken":[{"damage":7,"enemies":"Jaw Worm","floor":1,"turns":2},{"damage":1,"enemies":"Cultist","floor":2,"turns":3},{"damage":0,"enemies":"2 Louse","floor":7,"turns":2},{"damage":0,"enemies":"Red Slaver","floor":8,"turns":3},{"damage":1,"enemies":"3 Sentries","floor":11,"turns":5},{"damage":0,"enemies":"Large Slime","floor":13,"turns":3},{"damage":4,"enemies":"The Mushroom Lair","floor":14,"turns":3},{"damage":18,"enemies":"Slime Boss","floor":16,"turns":10},{"damage":26,"enemies":"2 Thieves","floor":18,"turns":4},{"damage":3,"enemies":"Spheric Guardian","floor":22,"turns":3},{"damage":13,"enemies":"Gremlin Leader","floor":23,"turns":5},{"damage":5,"enemies":"Book of Stabbing","floor":25,"turns":3},{"damage":78,"enemies":"Collector","floor":33,"turns":9}],"seed_played":"-8998144678855240273","potions_obtained":[{"floor":1,"key":"SpeedPotion"},{"floor":7,"key":"EssenceOfSteel"},{"floor":8,"key":"SpeedPotion"},{"floor":11,"key":"LiquidBronze"},{"floor":22,"key":"Fruit Juice"},{"floor":25,"key":"Dexterity Potion"}],"is_trial":false,"path_per_floor":["M","M","?","$","?","R","M","M","T","R","E","$","M","?","R","B",null,"M","?","?","?","M","E","R","E","T","$","?","?","R","$","R","B"],"character_chosen":"DEFECT","items_purchased":["Regal Pillow","The Bomb"],"campfire_rested":1,"item_purchase_floors":[12,27],"current_hp_per_floor":[68,67,67,67,67,67,67,67,67,67,66,66,66,62,62,44,73,47,47,47,47,49,36,77,72,72,72,72,72,72,72,72,0],"gold":4,"neow_bonus":"TEN_PERCENT_HP_BONUS","is_prod":false,"is_daily":false,"chose_seed":false,"campfire_upgraded":5,"win_rate":0,"timestamp":1552860509,"path_taken":["M","M","?","?","?","R","M","?","T","R","E","$","M","?","R","BOSS","M","?","?","?","M","E","R","E","T","$","?","?","R","$","R","BOSS"],"build_version":"2019-01-23","purchased_purges":1,"victory":false,"max_hp_per_floor":[82,82,82,82,82,82,82,82,82,82,82,82,82,82,82,82,82,82,82,82,82,87,87,87,87,87,87,87,87,87,87,87,87],"card_choices":[{"not_picked":["Steam","Fusion"],"picked":"Lockon","floor":1},{"not_picked":["Ball Lightning","Hologram"],"picked":"Sunder","floor":2},{"not_picked":["Compile Driver","Sweeping Beam"],"picked":"Buffer","floor":7},{"not_picked":["Genetic Algorithm","Streamline"],"picked":"Skim","floor":8},{"not_picked":["White Noise","Auto Shields"],"picked":"Biased Cognition","floor":11},{"not_picked":["Rebound","Steam"],"picked":"Ball Lightning","floor":13},{"not_picked":["Coolheaded","Hologram"],"picked":"Ball Lightning","floor":14},{"not_picked":["Fission","Reboot"],"picked":"Amplify","floor":16},{"not_picked":["Sweeping Beam+1","Self Repair+1"],"picked":"Defragment+1","floor":18},{"not_picked":["Turbo+1","Doom and Gloom"],"picked":"Steam+1","floor":22},{"not_picked":["Scrape+1","Leap"],"picked":"Fusion","floor":23},{"not_picked":["Steam","Compile Driver"],"picked":"Lockon","floor":25}],"player_experience":2460394,"relics_obtained":[{"floor":9,"key":"MawBank"},{"floor":11,"key":"PreservedInsect"},{"floor":14,"key":"Odd Mushroom"},{"floor":23,"key":"Letter Opener"},{"floor":25,"key":"Darkstone Periapt"},{"floor":26,"key":"Lantern"}],"event_choices":[{"damage_healed":0,"gold_gain":0,"player_choice":"2 cards matched","damage_taken":0,"max_hp_gain":0,"max_hp_loss":0,"event_name":"Match and Keep!","floor":3,"gold_loss":0,"cards_obtained":["Leap","Zap"]},{"cards_removed":["Strike_B"],"damage_healed":0,"gold_gain":0,"player_choice":"Card Removal","damage_taken":0,"max_hp_gain":0,"max_hp_loss":0,"event_name":"Wheel of Change","floor":5,"gold_loss":0},{"damage_healed":0,"gold_gain":0,"player_choice":"Fought Mushrooms","damage_taken":0,"max_hp_gain":0,"max_hp_loss":0,"event_name":"Mushrooms","floor":14,"gold_loss":0},{"damage_healed":0,"gold_gain":0,"player_choice":"Simplicity","damage_taken":0,"max_hp_gain":0,"max_hp_loss":0,"event_name":"Back to Basics","floor":19,"gold_loss":0,"cards_upgraded":["Strike_B","Strike_B","Defend_B","Defend_B","Defend_B","Defend_B"]},{"damage_healed":0,"gold_gain":0,"player_choice":"Ignored","damage_taken":0,"max_hp_gain":0,"max_hp_loss":0,"event_name":"Ghosts","floor":20,"gold_loss":0},{"damage_healed":0,"gold_gain":0,"player_choice":"Ignored","damage_taken":0,"max_hp_gain":0,"max_hp_loss":0,"event_name":"Beggar","floor":21,"gold_loss":0},{"damage_healed":0,"gold_gain":0,"player_choice":"Obtained Relic","damage_taken":0,"relics_obtained":["Gremlin Horn"],"max_hp_gain":0,"max_hp_loss":0,"event_name":"Addict","floor":28,"gold_loss":85},{"damage_healed":0,"gold_gain":0,"player_choice":"Inject Mutagens","damage_taken":0,"relics_obtained":["MutagenicStrength"],"max_hp_gain":0,"max_hp_loss":0,"event_name":"Drug Dealer","floor":29,"gold_loss":0}],"is_beta":false,"boss_relics":[{"not_picked":["Ectoplasm","Orrery"],"picked":"Nuclear Battery"}],"items_purged_floors":[4],"is_endless":false,"potions_floor_spawned":[1,7,8,11,16,18,22,25],"killed_by":"Collector","ascension_level":10}