{"gold_per_floor":[111,124,73,89,89,114,114,138,138,153,153,189,17,30,30,30],"floor_reached":16,"playtime":644,"items_purged":["Strike_G"],"score":112,"play_id":"501830de-3ddd-4d74-b087-1cdd3ce8ff60","local_time":"20181129153449","is_ascension_mode":false,"campfire_choices":[{"floor":11,"key":"REST"},{"floor":15,"key":"REST"}],"neow_cost":"NONE","seed_source_timestamp":163827467975410,"circlet_count":0,"master_deck":["Defend_G","Defend_G","Defend_G","Defend_G","Defend_G","Strike_G","Strike_G","Strike_G","Strike_G","Survivor","Neutralize","Backstab","Flying Knee","Dodge and Roll","Backstab","Dagger Spray","Heel Hook","Glass Knife","Jack Of All Trades"],"special_seed":0,"relics":["Ring of the Snake","NeowsBlessing","Pen Nib","Golden Idol","Omamori","Letter Opener"],"potions_floor_usage":[10,16,16],"damage_taken":[{"damage":0.0,"enemies":"Cultist","floor":1.0,"turns":1.0},{"damage":0.0,"enemies":"Small Slimes","floor":2.0,"turns":1.0},{"damage":0.0,"enemies":"2 Louse","floor":4.0,"turns":1.0},{"damage":45.0,"enemies":"3 Sentries","floor":6.0,"turns":11.0},{"damage":5.0,"enemies":"Large Slime","floor":8.0,"turns":5.0},{"damage":5,"enemies":"Exordium Wildlife","floor":10,"turns":4},{"damage":13,"enemies":"Gremlin Nob","floor":12,"turns":4},{"damage":1,"enemies":"3 Louse","floor":14,"turns":2},{"damage":40,"enemies":"The Guardian","floor":16,"turns":17}],"seed_played":"6628086135353924519","potions_obtained":[{"floor":2.0,"key":"FearPotion"},{"floor":10,"key":"EssenceOfSteel"},{"floor":12,"key":"Weak Potion"}],"is_trial":false,"path_per_floor":["M","M","M","$","M","?","E","?","M","T","M","R","E","$","M","R","B"],"character_chosen":"THE_SILENT","items_purchased":["Dodge and Roll","Jack Of All Trades"],"campfire_rested":2,"item_purchase_floors":[3,13],"current_hp_per_floor":[70,70,70,70,70,25,25,20,20,15,34,21,21,20,39,0],"gold":30,"neow_bonus":"THREE_ENEMY_KILL","is_prod":false,"is_daily":false,"chose_seed":false,"campfire_upgraded":0,"win_rate":0,"timestamp":1543502089,"path_taken":["M","M","$","?","?","E","?","M","T","M","R","E","$","M","R","BOSS"],"build_version":"2018-11-15","purchased_purges":1,"victory":false,"max_hp_per_floor":[70,70,70,70,70,70,65,65,65,65,65,65,65,65,65,65],"card_choices":[{"not_picked":["Blade Dance","Underhanded Strike"],"picked":"Backstab","floor":1.0},{"not_picked":["Masterful Stab","Blade Dance"],"picked":"Flying Knee","floor":2.0},{"not_picked":["Endless Agony","Catalyst"],"picked":"Backstab","floor":4.0},{"not_picked":["Escape Plan","Bouncing Flask"],"picked":"Dagger Spray","floor":6.0},{"not_picked":["Deadly Poison","Poisoned Stab"],"picked":"Heel Hook","floor":8.0},{"not_picked":["Dagger Spray","Accuracy","All Out Attack"],"picked":"SKIP","floor":10},{"not_picked":["Deadly Poison","Concentrate"],"picked":"Glass Knife","floor":12},{"not_picked":["Blade Dance","Endless Agony","Crippling Poison"],"picked":"SKIP","floor":14}],"player_experience":254549,"relics_obtained":[{"floor":6.0,"key":"Pen Nib"},{"floor":9.0,"key":"Omamori"},{"floor":12,"key":"Letter Opener"}],"event_choices":[{"damage_healed":0.0,"max_hp_gain":0.0,"max_hp_loss":0.0,"gold_gain":0.0,"event_name":"Liars Game","player_choice":"Ignored","floor":5.0,"gold_loss":0.0,"damage_taken":0.0},{"damage_healed":0.0,"max_hp_gain":0.0,"max_hp_loss":5.0,"gold_gain":0.0,"event_name":"Golden Idol","player_choice":"Lose Max HP","floor":7.0,"gold_loss":0.0,"damage_taken":0.0,"relics_obtained":["Golden Idol"]}],"is_beta":true,"boss_relics":[],"items_purged_floors":[13],"is_endless":false,"potions_floor_spawned":[2,10,12],"killed_by":"The Guardian","ascension_level":0}