{"gold_per_floor":[116,116,116,129,139,139,174,185,185,197,208,208,228,59,59,131,131,151,151,167,167,182,214,214,227,227,242,116,416,416],"floor_reached":30,"playtime":1389,"items_purged":[],"score":432,"play_id":"b2cf9176-8d3e-467c-ac68-0e3d182442a4","local_time":"20190424084329","is_ascension_mode":true,"campfire_choices":[{"data":"Dualcast","floor":6,"key":"SMITH"},{"floor":15,"key":"REST"},{"floor":24,"key":"REST"}],"neow_cost":"TEN_PERCENT_HP_LOSS","seed_source_timestamp":120719066850400,"circlet_count":0,"master_deck":["AscendersBane","Strike_B","Strike_B","Strike_B","Defend_B","Defend_B","Defend_B","Defend_B","Zap","Dualcast+1","Bandage Up","Impatience","Sweeping Beam","Reinforced Body","BootSequence","Doom and Gloom","Coolheaded","Conserve Battery","Double Energy","Panache","Echo Form","Compile Driver","Melter","Panache","Glacier","Self Repair+1","Chill+1","Redo","Beam Cell","Steam","Glacier"],"relics":["Cracked Core","Regal Pillow","Omamori","Nuclear Battery","Frozen Egg 2","The Courier","Old Coin"],"potions_floor_usage":[16,25,30],"damage_taken":[{"damage":9,"enemies":"2 Louse","floor":1,"turns":3},{"damage":7,"enemies":"Jaw Worm","floor":4,"turns":3},{"damage":3,"enemies":"Small Slimes","floor":5,"turns":3},{"damage":34,"enemies":"Lagavulin","floor":7,"turns":9},{"damage":8,"enemies":"2 Fungi Beasts","floor":8,"turns":3},{"damage":10,"enemies":"Exordium Thugs","floor":10,"turns":5},{"damage":0,"enemies":"Large Slime","floor":11,"turns":5},{"damage":0,"enemies":"2 Fungi Beasts","floor":13,"turns":3},{"damage":13,"enemies":"The Guardian","floor":16,"turns":12},{"damage":7,"enemies":"Shell Parasite","floor":18,"turns":5},{"damage":24,"enemies":"2 Thieves","floor":20,"turns":5},{"damage":13,"enemies":"Snecko","floor":22,"turns":4},{"damage":9,"enemies":"Slavers","floor":23,"turns":3},{"damage":42,"enemies":"Cultist and Chosen","floor":25,"turns":8},{"damage":31,"enemies":"Snake Plant","floor":27,"turns":8},{"damage":32,"enemies":"Centurion and Healer","floor":30,"turns":4}],"seed_played":"86327783486102336","potions_obtained":[{"floor":1,"key":"FearPotion"},{"floor":7,"key":"Strength Potion"},{"floor":11,"key":"Fire Potion"},{"floor":22,"key":"GamblersBrew"},{"floor":27,"key":"SteroidPotion"}],"is_trial":false,"path_per_floor":["M","?","?","M","M","R","E","M","T","M","M","?","M","$","R","B",null,"M","?","M","?","M","E","R","M","T","M","$","?","M"],"character_chosen":"DEFECT","items_purchased":["Panache","Beam Cell","Steam","Glacier"],"campfire_rested":2,"item_purchase_floors":[14,28,28,28],"current_hp_per_floor":[59,59,59,56,57,57,27,23,23,17,21,14,18,18,52,43,59,56,56,36,36,27,22,56,28,28,21,21,21,0],"gold":416,"neow_bonus":"RANDOM_COLORLESS_2","is_prod":false,"is_daily":false,"chose_seed":false,"campfire_upgraded":1,"win_rate":0,"timestamp":1556109809,"path_taken":["M","?","?","?","M","R","E","M","T","M","M","?","M","$","R","BOSS","M","?","M","?","?","E","R","M","T","M","$","?","M"],"build_version":"2019-01-23","purchased_purges":0,"victory":false,"max_hp_per_floor":[64,64,64,64,64,64,64,64,64,64,64,64,64,64,64,64,64,64,64,64,64,64,64,64,64,64,64,64,64,64],"card_choices":[{"not_picked":["Redo","Rebound"],"picked":"Sweeping Beam","floor":1},{"not_picked":["Hologram","Stack"],"picked":"Reinforced Body","floor":4},{"not_picked":["Barrage","Reboot"],"picked":"BootSequence","floor":5},{"not_picked":["Force Field","Capacitor"],"picked":"Doom and Gloom","floor":7},{"not_picked":["Sweeping Beam","Gash","Rebound"],"picked":"SKIP","floor":8},{"not_picked":["Sweeping Beam","Gash"],"picked":"Coolheaded","floor":10},{"not_picked":["Leap","Sunder"],"picked":"Conserve Battery","floor":11},{"not_picked":["Barrage","Leap"],"picked":"Double Energy","floor":13},{"not_picked":["Reboot","Hyperbeam"],"picked":"Echo Form","floor":16},{"not_picked":["Steam","Rebound"],"picked":"Compile Driver","floor":18},{"not_picked":["Defragment","Doom and Gloom"],"picked":"Melter","floor":20},{"not_picked":["Blizzard","Rebound"],"picked":"Glacier","floor":22},{"not_picked":["Compile Driver","Melter"],"picked":"Self Repair","floor":23},{"not_picked":["Conserve Battery","Barrage+1"],"picked":"Chill+1","floor":25},{"not_picked":["Genetic Algorithm+1","Cold Snap"],"picked":"Redo","floor":27}],"player_experience":2795203,"relics_obtained":[{"floor":7,"key":"Regal Pillow"},{"floor":9,"key":"Omamori"},{"floor":23,"key":"Frozen Egg 2"},{"floor":26,"key":"The Courier"}],"event_choices":[{"damage_healed":0,"gold_gain":0,"player_choice":"Ignored","damage_taken":0,"max_hp_gain":0,"max_hp_loss":0,"event_name":"Golden Idol","floor":2,"gold_loss":0},{"damage_healed":0,"gold_gain":0,"player_choice":"Ignored","damage_taken":0,"max_hp_gain":0,"max_hp_loss":0,"event_name":"Shining Light","floor":3,"gold_loss":0},{"cards_removed":["Strike_B"],"damage_healed":0,"gold_gain":0,"player_choice":"Card Removal","damage_taken":7,"max_hp_gain":0,"max_hp_loss":0,"event_name":"Golden Wing","floor":12,"gold_loss":0},{"damage_healed":0,"gold_gain":0,"player_choice":"Ignored","damage_taken":0,"max_hp_gain":0,"max_hp_loss":0,"event_name":"Vampires","floor":19,"gold_loss":0},{"damage_healed":0,"gold_gain":0,"player_choice":"Copied","damage_taken":0,"max_hp_gain":0,"max_hp_loss":0,"event_name":"Duplicator","floor":21,"gold_loss":0,"cards_obtained":["Panache"]},{"damage_healed":0,"gold_gain":0,"player_choice":"Opened","damage_taken":0,"relics_obtained":["Old Coin"],"max_hp_gain":0,"max_hp_loss":0,"event_name":"The Mausoleum","floor":29,"gold_loss":0}],"is_beta":false,"boss_relics":[{"not_picked":["Astrolabe","Empty Cage"],"picked":"Nuclear Battery"}],"items_purged_floors":[],"is_endless":false,"potions_floor_spawned":[1,7,11,13,22,23,27],"killed_by":"Centurion and Healer","ascension_level":14}