{"gold_per_floor":[118,131,149,149,149,149,175,175,175,175,202,215,225,257,257,257],"floor_reached":16,"playtime":675,"items_purged":[],"score":220,"play_id":"fa5c147e-befc-464f-a924-581fa7d948e2","local_time":"20190512220810","is_ascension_mode":true,"campfire_choices":[{"data":"Zap","floor":6,"key":"SMITH"},{"data":"BootSequence","floor":8,"key":"SMITH"},{"floor":10,"key":"REST"},{"floor":15,"key":"REST"}],"neow_cost":"NONE","seed_source_timestamp":1842864400878518,"circlet_count":0,"master_deck":["AscendersBane","Strike_B","Strike_B","Strike_B","Defend_B","Defend_B","Defend_B","Defend_B","Zap+1","Dualcast","Meteor Strike","BootSequence+1","Ball Lightning","FTL","Doom and Gloom","Doom and Gloom","Ball Lightning","Turbo","Capacitor"],"relics":["Cracked Core","Odd Mushroom","Lantern","Darkstone Periapt","Symbiotic Virus"],"potions_floor_usage":[11,14],"damage_taken":[{"damage":1,"enemies":"Cultist","floor":1,"turns":3},{"damage":3,"enemies":"Small Slimes","floor":2,"turns":4},{"damage":0,"enemies":"2 Louse","floor":3,"turns":2},{"damage":25,"enemies":"The Mushroom Lair","floor":7,"turns":4},{"damage":20,"enemies":"3 Sentries","floor":11,"turns":5},{"damage":1,"enemies":"Looter","floor":12,"turns":3},{"damage":0,"enemies":"Exordium Wildlife","floor":13,"turns":2},{"damage":20,"enemies":"Lagavulin","floor":14,"turns":4},{"damage":39,"enemies":"Slime Boss","floor":16,"turns":6}],"seed_played":"-6397459168607377214","potions_obtained":[{"floor":1,"key":"LiquidBronze"},{"floor":2,"key":"FocusPotion"},{"floor":12,"key":"SkillPotion"}],"is_trial":false,"path_per_floor":["M","M","M","?","?","R","?","R","T","R","E","M","M","E","R","B"],"character_chosen":"DEFECT","items_purchased":[],"campfire_rested":2,"item_purchase_floors":[],"current_hp_per_floor":[63,60,60,53,58,58,33,33,33,55,35,34,34,14,36,0],"gold":257,"neow_bonus":"ONE_RANDOM_RARE_CARD","is_prod":false,"is_daily":false,"chose_seed":false,"campfire_upgraded":2,"win_rate":0,"timestamp":1557691690,"path_taken":["M","M","M","?","?","R","?","R","T","R","E","M","M","E","R","BOSS"],"build_version":"2019-05-07","purchased_purges":0,"victory":false,"max_hp_per_floor":[71,71,71,71,76,76,76,76,76,76,76,76,76,76,76,76],"card_choices":[{"not_picked":["Self Repair","Hologram"],"picked":"BootSequence","floor":1},{"not_picked":["Compile Driver","Cold Snap"],"picked":"Ball Lightning","floor":2},{"not_picked":["Amplify","Hello World"],"picked":"FTL","floor":3},{"not_picked":["Compile Driver","Melter"],"picked":"Doom and Gloom","floor":7},{"not_picked":["Streamline","Hologram"],"picked":"Doom and Gloom","floor":11},{"not_picked":["BootSequence","Go for the Eyes"],"picked":"Ball Lightning","floor":12},{"not_picked":["Force Field","Storm"],"picked":"Turbo","floor":13},{"not_picked":["BootSequence","Barrage"],"picked":"Capacitor","floor":14}],"player_experience":1866800,"relics_obtained":[{"floor":7,"key":"Odd Mushroom"},{"floor":9,"key":"Lantern"},{"floor":11,"key":"Darkstone Periapt"},{"floor":14,"key":"Symbiotic Virus"}],"event_choices":[{"cards_removed":["Strike_B"],"damage_healed":0,"gold_gain":0,"player_choice":"Card Removal","damage_taken":7,"max_hp_gain":0,"max_hp_loss":0,"event_name":"Golden Wing","floor":4,"gold_loss":0},{"damage_healed":0,"gold_gain":0,"player_choice":"Donut","damage_taken":0,"max_hp_gain":5,"max_hp_loss":0,"event_name":"Big Fish","floor":5,"gold_loss":0},{"damage_healed":0,"gold_gain":0,"player_choice":"Fought Mushrooms","damage_taken":0,"max_hp_gain":0,"max_hp_loss":0,"event_name":"Mushrooms","floor":7,"gold_loss":0}],"is_beta":true,"boss_relics":[],"items_purged_floors":[],"is_endless":false,"potions_floor_spawned":[1,2,7,12],"killed_by":"Slime Boss","ascension_level":20}