{"gold_per_floor":[109,109,129,142,52,87,87,117,144,294,294],"floor_reached":11,"playtime":202,"items_purged":[],"score":158,"play_id":"d5943f2d-2bf8-4e27-bc7f-8cc18933010f","local_time":"20190511112041","is_ascension_mode":true,"campfire_choices":[{"data":"Defragment","floor":7,"key":"SMITH"}],"neow_cost":"NONE","seed_source_timestamp":1718088005930850,"circlet_count":0,"master_deck":["AscendersBane","Strike_B","Strike_B","Strike_B","Strike_B","Defend_B","Defend_B","Defend_B","Defend_B","Zap","Dualcast","White Noise","Pain","Gash","Defragment+1","Defragment","Redo","Capacitor","Doubt"],"relics":["Cracked Core","NeowsBlessing","WarpedTongs","Bag of Preparation","Smiling Mask","Happy Flower"],"potions_floor_usage":[6,8],"damage_taken":[{"damage":0,"enemies":"Jaw Worm","floor":1,"turns":1},{"damage":1,"enemies":"Cultist","floor":3,"turns":1},{"damage":0,"enemies":"Small Slimes","floor":4,"turns":1},{"damage":5,"enemies":"3 Sentries","floor":6,"turns":3},{"damage":41,"enemies":"Gremlin Nob","floor":8,"turns":4},{"damage":20,"enemies":"3 Sentries","floor":11,"turns":3}],"seed_played":"-3136920000476484982","potions_obtained":[{"floor":1,"key":"AttackPotion"},{"floor":4,"key":"PowerPotion"},{"floor":6,"key":"LiquidBronze"}],"is_trial":false,"path_per_floor":["M","?","M","M","$","E","R","E","T","?","E"],"character_chosen":"DEFECT","items_purchased":["Defragment"],"campfire_rested":0,"item_purchase_floors":[5],"current_hp_per_floor":[64,64,63,63,63,58,58,17,17,17,0],"gold":294,"neow_bonus":"THREE_ENEMY_KILL","is_prod":false,"is_daily":false,"chose_seed":false,"campfire_upgraded":1,"win_rate":0,"timestamp":1557566441,"path_taken":["M","?","M","?","?","E","R","E","T","?","E"],"build_version":"2019-05-07","purchased_purges":0,"victory":false,"max_hp_per_floor":[71,71,71,71,71,71,71,71,71,71,71],"card_choices":[{"not_picked":["Steam","Undo"],"picked":"White Noise","floor":1},{"not_picked":["Redo","Cold Snap"],"picked":"Gash","floor":3},{"not_picked":["Ball Lightning","Glacier"],"picked":"Defragment","floor":4},{"not_picked":["Cold Snap","Meteor Strike"],"picked":"Redo","floor":6},{"not_picked":["Consume","Turbo"],"picked":"Capacitor","floor":8}],"player_experience":1774820,"relics_obtained":[{"floor":6,"key":"Bag of Preparation"},{"floor":8,"key":"Smiling Mask"},{"floor":9,"key":"Happy Flower"}],"event_choices":[{"damage_healed":0,"gold_gain":0,"player_choice":"Rummage","damage_taken":0,"relics_obtained":["WarpedTongs"],"max_hp_gain":0,"max_hp_loss":0,"event_name":"Accursed Blacksmith","floor":2,"gold_loss":0,"cards_obtained":["Pain"]},{"damage_healed":0,"gold_gain":150,"player_choice":"AGREE","damage_taken":0,"max_hp_gain":0,"max_hp_loss":0,"event_name":"Liars Game","floor":10,"gold_loss":0,"cards_obtained":["Doubt"]}],"is_beta":true,"boss_relics":[],"items_purged_floors":[],"is_endless":false,"potions_floor_spawned":[1,4,6],"killed_by":"3 Sentries","ascension_level":19}