{"gold_per_floor":[113,126,136,154,170,170,183,202,283,283,302,312,312,312,312,390,390,403,421,441,10,24,51,69,69],"floor_reached":25,"playtime":43334,"items_purged":["Strike_R"],"score":509,"play_id":"cd385aab-d38a-4c4b-899b-5de10b9c9016","local_time":"20190512100702","is_ascension_mode":true,"campfire_choices":[{"data":"True Grit","floor":6,"key":"SMITH"},{"data":"Entrench","floor":10,"key":"SMITH"},{"data":"Armaments","floor":13,"key":"SMITH"},{"data":"Body Slam","floor":15,"key":"SMITH"}],"neow_cost":"TEN_PERCENT_HP_LOSS","seed_source_timestamp":1759509119834709,"circlet_count":0,"master_deck":["AscendersBane","Strike_R","Strike_R","Strike_R","Defend_R","Defend_R","Defend_R","Defend_R","Bash","Clothesline","Sword Boomerang","Headbutt","Shrug It Off","Barricade","Rampage","Iron Wave","Ghostly Armor","Dropkick","True Grit+1","Disarm","Cleave","Entrench+1","Armaments+1","Battle Trance","Body Slam+1","Second Wind","Immolate","Disarm","Burning Pact","Evolve+1","Entrench","Feel No Pain","Intimidate","Shockwave","True Grit+1"],"relics":["Burning Blood","Prayer Wheel","Sundial","Fusion Hammer","Lee\u0027s Waffle","Pen Nib"],"potions_floor_usage":[16,20,25,25],"damage_taken":[{"damage":2,"enemies":"Cultist","floor":1,"turns":4},{"damage":16,"enemies":"Jaw Worm","floor":2,"turns":4},{"damage":8,"enemies":"Small Slimes","floor":3,"turns":4},{"damage":16,"enemies":"2 Fungi Beasts","floor":4,"turns":3},{"damage":19,"enemies":"Exordium Thugs","floor":5,"turns":5},{"damage":14,"enemies":"Large Slime","floor":7,"turns":7},{"damage":6,"enemies":"Blue Slaver","floor":8,"turns":4},{"damage":0,"enemies":"2 Fungi Beasts","floor":11,"turns":3},{"damage":0,"enemies":"Exordium Wildlife","floor":12,"turns":3},{"damage":20,"enemies":"Hexaghost","floor":16,"turns":12},{"damage":19,"enemies":"3 Byrds","floor":18,"turns":6},{"damage":7,"enemies":"Chosen","floor":19,"turns":6},{"damage":28,"enemies":"Centurion and Healer","floor":20,"turns":13},{"damage":41,"enemies":"Sentry and Sphere","floor":22,"turns":8},{"damage":5,"enemies":"Book of Stabbing","floor":23,"turns":11},{"damage":9,"enemies":"Snake Plant","floor":24,"turns":8},{"damage":44,"enemies":"Slavers","floor":25,"turns":2}],"seed_played":"-658862265039908831","potions_obtained":[{"floor":2,"key":"SkillPotion"},{"floor":3,"key":"PowerPotion"},{"floor":11,"key":"SpeedPotion"},{"floor":19,"key":"SkillPotion"},{"floor":20,"key":"GamblersBrew"}],"is_trial":false,"path_per_floor":["M","M","M","M","M","R","M","M","T","R","M","M","R","?","R","B",null,"M","M","M","$","M","E","M","E"],"character_chosen":"IRONCLAD","items_purchased":["Lee\u0027s Waffle","Feel No Pain","Intimidate"],"campfire_rested":0,"item_purchase_floors":[21,21,21],"current_hp_per_floor":[68,58,56,46,33,33,25,25,25,25,31,37,37,37,37,23,57,44,43,21,75,40,41,38,0],"gold":69,"neow_bonus":"ONE_RARE_RELIC","is_prod":false,"is_daily":false,"chose_seed":false,"campfire_upgraded":4,"win_rate":0,"timestamp":1557648422,"path_taken":["M","M","?","M","M","R","M","M","T","R","M","M","R","?","R","BOSS","M","?","M","$","M","E","M","E"],"build_version":"2019-05-07","purchased_purges":1,"victory":false,"max_hp_per_floor":[68,68,68,68,68,68,68,68,68,68,68,68,68,68,68,68,68,68,68,68,75,75,75,75,75],"card_choices":[{"not_picked":["Perfected Strike","Blood for Blood"],"picked":"Clothesline","floor":1},{"not_picked":["Body Slam","Burning Pact"],"picked":"Sword Boomerang","floor":1},{"not_picked":["Sword Boomerang","Ghostly Armor"],"picked":"Headbutt","floor":2},{"not_picked":["True Grit","Sentinel"],"picked":"Shrug It Off","floor":2},{"not_picked":["Armaments","Anger"],"picked":"Barricade","floor":3},{"not_picked":["Thunderclap","Cleave"],"picked":"Rampage","floor":3},{"not_picked":["Body Slam","Heavy Blade"],"picked":"Iron Wave","floor":4},{"not_picked":["Double Tap","Dual Wield"],"picked":"Ghostly Armor","floor":4},{"not_picked":["Fire Breathing","Rupture"],"picked":"Dropkick","floor":5},{"not_picked":["Cleave","Pummel"],"picked":"True Grit","floor":5},{"not_picked":["Flex","Thunderclap"],"picked":"Disarm","floor":7},{"not_picked":["Reckless Charge","Hemokinesis"],"picked":"Cleave","floor":7},{"not_picked":["Second Wind","Disarm"],"picked":"Entrench","floor":8},{"not_picked":["Perfected Strike","Barricade","Havoc"],"picked":"SKIP","floor":8},{"not_picked":["Clash","Sever Soul"],"picked":"Armaments","floor":11},{"not_picked":["Body Slam","Sword Boomerang"],"picked":"Battle Trance","floor":11},{"not_picked":["Clash","Anger"],"picked":"Body Slam","floor":12},{"not_picked":["Flex","Dropkick"],"picked":"Second Wind","floor":12},{"not_picked":["Dark Embrace","Demon Form"],"picked":"Immolate","floor":16},{"not_picked":["Clothesline","Blood for Blood"],"picked":"Disarm","floor":18},{"not_picked":["Fire Breathing","Sword Boomerang","Thunderclap"],"picked":"SKIP","floor":18},{"not_picked":["Sword Boomerang","Warcry"],"picked":"Burning Pact","floor":19},{"not_picked":["Whirlwind","Cleave","Twin Strike"],"picked":"SKIP","floor":19},{"not_picked":["Rupture","Burning Pact"],"picked":"Evolve+1","floor":20},{"not_picked":["Rage","Armaments"],"picked":"Entrench","floor":20},{"not_picked":["Infernal Blade","Cleave","Dropkick"],"picked":"SKIP","floor":22},{"not_picked":["Anger","Havoc","Warcry"],"picked":"SKIP","floor":22},{"not_picked":["Perfected Strike","Havoc"],"picked":"Shockwave","floor":23},{"not_picked":["Twin Strike+1","Hemokinesis"],"picked":"True Grit+1","floor":24},{"not_picked":["Juggernaut","Iron Wave","Heavy Blade+1"],"picked":"SKIP","floor":24}],"player_experience":1791397,"relics_obtained":[{"floor":9,"key":"Sundial"},{"floor":23,"key":"Pen Nib"}],"event_choices":[{"cards_removed":["Strike_R"],"damage_healed":0,"gold_gain":0,"player_choice":"Offered Basic","damage_taken":0,"max_hp_gain":0,"max_hp_loss":0,"event_name":"Bonfire Elementals","floor":14,"gold_loss":0}],"is_beta":true,"boss_relics":[{"not_picked":["Mark of Pain","Eternal Feather"],"picked":"Fusion Hammer"}],"items_purged_floors":[21],"is_endless":false,"potions_floor_spawned":[2,3,8,11,19,20],"killed_by":"Slavers","ascension_level":19}