{"gold_per_floor":[115,125,138,158,158,158,178,204,204,204,57,132,58,68,68,142,142,161,179,179,92,109,109,134,409,464,481,481,481],"floor_reached":29,"playtime":861,"items_purged":["Strike_B"],"score":446,"play_id":"6ebd5461-2a77-42da-a7a3-311cb36556ad","local_time":"20190429191805","is_ascension_mode":true,"campfire_choices":[{"data":"Doom and Gloom","floor":6,"key":"SMITH"},{"data":"Buffer","floor":10,"key":"SMITH"},{"floor":15,"key":"REST"},{"data":"Hyperbeam","floor":23,"key":"SMITH"},{"floor":28,"key":"REST"}],"neow_cost":"NONE","seed_source_timestamp":709273768153677,"circlet_count":0,"master_deck":["AscendersBane","Strike_B","Strike_B","Strike_B","Defend_B","Defend_B","Defend_B","Defend_B","Zap","Dualcast","Doom and Gloom+1","Glacier","Compile Driver","Ball Lightning","Buffer+1","Hologram","Capacitor+1","Glacier","Double Energy","Hyperbeam+1","Coolheaded+1","Hologram","Flash of Steel","BootSequence","Consume+1","Regret","Auto Shields"],"relics":["Cracked Core","NeowsBlessing","Bronze Scales","Ornamental Fan","Mercury Hourglass","Sozu","Matryoshka","Letter Opener","Tiny Chest"],"potions_floor_usage":[4,4,8,14],"damage_taken":[{"damage":0,"enemies":"Cultist","floor":1,"turns":1},{"damage":0,"enemies":"2 Louse","floor":2,"turns":1},{"damage":0,"enemies":"Small Slimes","floor":3,"turns":1},{"damage":8,"enemies":"Exordium Wildlife","floor":4,"turns":5},{"damage":10,"enemies":"Exordium Thugs","floor":7,"turns":4},{"damage":0,"enemies":"Lagavulin","floor":8,"turns":4},{"damage":0,"enemies":"Lots of Slimes","floor":14,"turns":2},{"damage":2,"enemies":"The Guardian","floor":16,"turns":12},{"damage":11,"enemies":"Spheric Guardian","floor":18,"turns":4},{"damage":6,"enemies":"3 Byrds","floor":19,"turns":2},{"damage":11,"enemies":"Snake Plant","floor":22,"turns":4},{"damage":17,"enemies":"Slavers","floor":24,"turns":2},{"damage":0,"enemies":"Chosen and Byrds","floor":27,"turns":3},{"damage":45,"enemies":"Gremlin Leader","floor":29,"turns":7}],"seed_played":"2298181213966371670","potions_obtained":[{"floor":2,"key":"Energy Potion"},{"floor":3,"key":"Swift Potion"},{"floor":7,"key":"Poison Potion"},{"floor":8,"key":"Energy Potion"}],"is_trial":false,"path_per_floor":["M","M","M","M","?","R","M","E","T","R","$","?","$","M","R","B",null,"M","M","?","$","M","R","E","?","T","M","R","E"],"character_chosen":"DEFECT","items_purchased":["Capacitor","Glacier","Flash of Steel"],"campfire_rested":2,"item_purchase_floors":[11,13,21],"current_hp_per_floor":[68,68,68,60,48,48,38,38,38,38,38,27,27,27,49,47,68,57,51,51,51,40,40,23,23,23,23,45,0],"gold":481,"neow_bonus":"THREE_ENEMY_KILL","is_prod":false,"is_daily":false,"chose_seed":false,"campfire_upgraded":3,"win_rate":0,"timestamp":1556558285,"path_taken":["M","M","?","?","?","R","M","E","T","R","$","?","?","M","R","BOSS","M","M","?","?","?","R","E","?","T","?","R","E"],"build_version":"2019-04-23","purchased_purges":1,"victory":false,"max_hp_per_floor":[75,75,75,75,75,75,75,75,75,75,75,75,75,75,75,75,75,75,75,75,75,75,75,75,75,75,75,75,75],"card_choices":[{"not_picked":["Beam Cell","Cold Snap"],"picked":"Doom and Gloom","floor":1},{"not_picked":["Heatsinks","Steam"],"picked":"Glacier","floor":2},{"not_picked":["Stack","Beam Cell"],"picked":"Compile Driver","floor":3},{"not_picked":["Steam","Stack"],"picked":"Ball Lightning","floor":4},{"not_picked":["Static Discharge","Sweeping Beam"],"picked":"Buffer","floor":7},{"not_picked":["Gash","Ball Lightning"],"picked":"Hologram","floor":8},{"not_picked":["Gash","Chaos"],"picked":"Double Energy","floor":14},{"not_picked":["Reboot","Machine Learning"],"picked":"Hyperbeam","floor":16},{"not_picked":["Turbo","Capacitor"],"picked":"Coolheaded+1","floor":18},{"not_picked":["Static Discharge","Fusion"],"picked":"Hologram","floor":19},{"not_picked":["Streamline","Static Discharge"],"picked":"BootSequence","floor":22},{"not_picked":["Gash","Skim"],"picked":"Consume+1","floor":24},{"not_picked":["Cold Snap","Hologram"],"picked":"Auto Shields","floor":27}],"player_experience":1330412,"relics_obtained":[{"floor":8,"key":"Ornamental Fan"},{"floor":9,"key":"Mercury Hourglass"},{"floor":24,"key":"Matryoshka"},{"floor":26,"key":"Letter Opener"},{"floor":26,"key":"Tiny Chest"}],"event_choices":[{"damage_healed":0,"gold_gain":0,"player_choice":"Success","damage_taken":12,"relics_obtained":["Bronze Scales"],"max_hp_gain":0,"max_hp_loss":0,"event_name":"Scrap Ooze","floor":5,"gold_loss":0},{"damage_healed":0,"gold_gain":75,"player_choice":"Gather Gold","damage_taken":11,"max_hp_gain":0,"max_hp_loss":0,"event_name":"World of Goop","floor":12,"gold_loss":0},{"damage_healed":0,"gold_gain":0,"player_choice":"Upgraded","damage_taken":0,"max_hp_gain":0,"max_hp_loss":0,"event_name":"Upgrade Shrine","floor":20,"gold_loss":0,"cards_upgraded":["Capacitor"]},{"damage_healed":0,"gold_gain":275,"player_choice":"Desecrate","damage_taken":0,"max_hp_gain":0,"max_hp_loss":0,"event_name":"Golden Shrine","floor":25,"gold_loss":0,"cards_obtained":["Regret"]}],"is_beta":true,"boss_relics":[{"not_picked":["Black Star","Calling Bell"],"picked":"Sozu"}],"items_purged_floors":[11],"is_endless":false,"potions_floor_spawned":[2,3,7,8,19,22,27],"killed_by":"Gremlin Leader","ascension_level":13}