{"path_per_floor":["M","M","?","M","?","R","?","M","T","$","R","M","M","$","R","B",null,"M","?","M","?","?","E","R","M","T","E","$","R","E","M","R","B",null,"M","?","?","$","?","R","?","M","T","M","M","M","M","M","R"],"character_chosen":"IRONCLAD","items_purchased":["Apotheosis","Bottled Lightning","Pantograph","Pommel Strike","Limit Break"],"gold_per_floor":[368,378,378,395,395,395,395,408,434,6,6,24,34,34,34,129,129,144,144,161,161,161,186,186,200,280,307,4,4,31,48,48,146,146,161,161,161,11,62,62,0,13,13,28,40,56,67,84,84],"floor_reached":50,"campfire_rested":6,"playtime":4082,"current_hp_per_floor":[71,66,66,71,71,71,68,64,64,64,64,68,72,72,72,49,72,65,65,53,53,53,58,72,64,64,61,61,72,54,38,59,72,72,61,51,51,51,45,66,66,72,72,62,72,51,54,54,72],"items_purged":[],"gold":84,"play_id":"142f06a2-f834-4e34-b7ed-70ce034606ca","is_prod":false,"is_daily":false,"campfire_rituals":0,"campfire_upgraded":2,"is_hardmode":false,"path_taken":["M","M","?","?","?","R","?","?","T","$","R","?","M","?","R","BOSS","M","?","M","?","?","E","R","M","T","E","$","R","E","M","R","BOSS","M","?","?","?","?","R","?","M","T","?","M","M","M","M","R","BOSS"],"build_version":"2018-01-18-PROD4","purchased_purges":0,"victory":false,"master_deck":["Strike_R","Strike_R","Strike_R","Defend_R","Defend_R","Defend_R","Defend_R","Bash","Iron Wave","Body Slam","Rupture","Blood for Blood","Apotheosis","Flex","Headbutt","Reaper","Rupture","Anger","Inflame","Flex","Metallicize","Pommel Strike","Combust","Whirlwind","Offering","Pummel","Madness","Madness","Limit Break","Heavy Blade","Heavy Blade","Sword Boomerang","Exhume","Combust","Sword Boomerang"],"max_hp_per_floor":[72,72,72,72,72,72,72,72,72,72,72,72,72,72,72,72,72,72,72,72,72,72,72,72,72,72,72,72,72,72,72,72,72,72,72,72,72,72,72,72,72,72,72,72,72,72,72,72,72],"relics":["Burning Blood","Blue Candle","Happy Flower","Bottled Lightning","Black Star","Mercury Hourglass","Shuriken","Meat on the Bone","Self Forming Clay","Ancient Tea Set","Pen Nib","Pantograph","Vajra","Whetstone","Question Card","Champion Belt","Red Mask","Dodecahedron"],"campfire_meditates":0,"card_choices":[{"not_picked":["Pummel","Shrug It Off"],"picked":"Iron Wave"},{"not_picked":["Thunderclap","Wild Strike"],"picked":"Body Slam"},{"not_picked":["Exhume","Infernal Blade"],"picked":"Rupture"},{"not_picked":["Sword Boomerang","Corruption"],"picked":"Blood for Blood"},{"not_picked":["Thunderclap","Intimidate"],"picked":"Flex"},{"not_picked":["Perfected Strike","Burning Pact"],"picked":"Headbutt"},{"not_picked":["Immolate","Barricade"],"picked":"Reaper"},{"not_picked":["Sword Boomerang","Body Slam"],"picked":"Rupture"},{"not_picked":["Dual Wield","Clothesline"],"picked":"Inflame"},{"not_picked":["Sword Boomerang","Anger"],"picked":"Flex"},{"not_picked":["Clash","Battle Trance"],"picked":"Metallicize"},{"not_picked":["Searing Blow","Pommel Strike"],"picked":"Combust"},{"not_picked":["Battle Trance","Rage"],"picked":"Whirlwind"},{"not_picked":["Double Tap","Bludgeon"],"picked":"Offering"},{"not_picked":["Bloodletting","Fire Breathing","Twin Strike"],"picked":"Pummel"},{"not_picked":["True Grit","Thunderclap","Fire Breathing"],"picked":"Heavy Blade"},{"not_picked":["Pummel","Havoc","Dual Wield"],"picked":"Heavy Blade"},{"not_picked":["Heavy Blade","Inflame","True Grit"],"picked":"Sword Boomerang"},{"not_picked":["Twin Strike","Headbutt","Seeing Red"],"picked":"Exhume"},{"not_picked":["Dual Wield","Twin Strike","Flex"],"picked":"Combust"},{"not_picked":["Battle Trance","True Grit","Havoc"],"picked":"Sword Boomerang"}],"player_experience":96179,"potions_floor_usage":[23,25,27,27,30,33,35,44,46,48,50],"damage_taken":[{"damage":7,"enemies":"2 Louse","floor":1,"turns":3},{"damage":11,"enemies":"Blue Slaver","floor":2,"turns":6},{"damage":1,"enemies":"Jaw Worm","floor":4,"turns":4},{"damage":10,"enemies":"Red Slaver","floor":8,"turns":4},{"damage":2,"enemies":"Exordium Thugs","floor":12,"turns":5},{"damage":0,"enemies":"2 Fungi Beasts","floor":13,"turns":3},{"damage":29,"enemies":"Slime Boss","floor":16,"turns":8},{"damage":18,"enemies":"Shell Parasite","floor":18,"turns":4},{"damage":24,"enemies":"3 Byrds","floor":20,"turns":5},{"damage":22,"enemies":"Gremlin Leader","floor":23,"turns":7},{"damage":14,"enemies":"Centurion and Healer","floor":25,"turns":4},{"damage":22,"enemies":"Book of Stabbing","floor":27,"turns":6},{"damage":42,"enemies":"Slavers","floor":30,"turns":5},{"damage":34,"enemies":"Snake Plant","floor":31,"turns":4},{"damage":15,"enemies":"Collector","floor":33,"turns":6},{"damage":17,"enemies":"3 Darklings","floor":35,"turns":3},{"damage":24,"enemies":"Mysterious Sphere","floor":39,"turns":4},{"damage":17,"enemies":"3 Shapes","floor":42,"turns":2},{"damage":16,"enemies":"3 Darklings","floor":44,"turns":3},{"damage":22,"enemies":"4 Shapes","floor":45,"turns":4},{"damage":27,"enemies":"Maw","floor":46,"turns":6},{"damage":17,"enemies":"Sphere and 2 Shapes","floor":47,"turns":3},{"damage":18,"enemies":"3 Darklings","floor":48,"turns":3},{"damage":87,"enemies":"Awakened One","floor":50,"turns":6}],"event_choices":[{"event_name":"Upgrade Shrine","player_choice":"Upgraded","floor":3,"damage_taken":0},{"event_name":"Living Wall","player_choice":"Grow","floor":5,"damage_taken":0},{"event_name":"Scrap Ooze","player_choice":"success","floor":7,"damage_taken":3},{"event_name":"The Library","player_choice":"Read","floor":19,"damage_taken":0},{"event_name":"The Mausoleum","player_choice":"Yes","floor":21,"damage_taken":0},{"event_name":"Back to Basics","player_choice":"Elegance","floor":22,"damage_taken":0},{"event_name":"Winding Halls","player_choice":"Embrace Madness","floor":36,"damage_taken":0},{"event_name":"Mysterious Sphere","player_choice":"Fight","floor":39,"damage_taken":0},{"event_name":"Tomb of Lord Red Mask","player_choice":"Paid","floor":41,"damage_taken":0}],"boss_relics":[{"not_picked":["Runic Pyramid","Cursed Key"],"picked":"Black Star"},{"not_picked":["Snecko Eye","Runic Dome"],"picked":"Question Card"}],"potions_floor_spawned":[1,12,13,20,25,27,31,33,42,45,46,47],"seed_played":"-790224970801143635","killed_by":"Awakened One","is_trial":false}