{"gold_per_floor":[116,116,126,49,49,78,78,103,103,103,134,144,144,155,155,155],"floor_reached":16,"playtime":414,"items_purged":[],"score":286,"play_id":"c9e98cea-5a92-4ec7-b03e-645ce12543f5","local_time":"20190519220344","is_ascension_mode":true,"campfire_choices":[{"data":"Dagger Spray","floor":7,"key":"SMITH"},{"floor":10,"key":"REST"},{"floor":15,"key":"REST"}],"neow_cost":"NONE","seed_source_timestamp":2447659656976153,"circlet_count":0,"master_deck":["AscendersBane","Defend_G","Defend_G","Defend_G","Defend_G","Defend_G","Strike_G","Strike_G","Strike_G","Strike_G","Survivor","Neutralize","Dagger Spray+1","PiercingWail","Footwork","Dagger Spray","Flying Knee","Terror","Poisoned Stab"],"relics":["Ring of the Snake","NeowsBlessing","FossilizedHelix","Paper Crane","Gremlin Horn","The Specimen","CultistMask"],"potions_floor_usage":[11,16],"damage_taken":[{"damage":0,"enemies":"2 Louse","floor":1,"turns":1},{"damage":0,"enemies":"Cultist","floor":3,"turns":1},{"damage":0,"enemies":"3 Sentries","floor":6,"turns":1},{"damage":47,"enemies":"Gremlin Nob","floor":8,"turns":6},{"damage":22,"enemies":"3 Sentries","floor":11,"turns":11},{"damage":0,"enemies":"Jaw Worm","floor":12,"turns":4},{"damage":0,"enemies":"Red Slaver","floor":14,"turns":4},{"damage":33,"enemies":"Slime Boss","floor":16,"turns":8}],"seed_played":"3013895262289768300","potions_obtained":[{"floor":3,"key":"Swift Potion"},{"floor":11,"key":"FearPotion"}],"is_trial":false,"path_per_floor":["M","?","M","$","$","E","R","E","T","R","E","M","?","M","R","B"],"character_chosen":"THE_SILENT","items_purchased":["Footwork"],"campfire_rested":2,"item_purchase_floors":[4],"current_hp_per_floor":[59,59,59,59,59,59,59,12,12,31,9,9,9,9,28,0],"gold":155,"neow_bonus":"THREE_ENEMY_KILL","is_prod":false,"is_daily":false,"chose_seed":false,"campfire_upgraded":1,"win_rate":0,"timestamp":1558296224,"path_taken":["M","?","?","?","$","E","R","E","T","R","E","M","?","?","R","BOSS"],"build_version":"2019-05-07","purchased_purges":0,"victory":false,"max_hp_per_floor":[66,66,66,66,66,66,66,66,66,66,66,66,66,66,66,66],"card_choices":[{"not_picked":["Flying Knee","Outmaneuver"],"picked":"Dagger Spray","floor":1},{"not_picked":["Expertise","Slice"],"picked":"PiercingWail","floor":3},{"not_picked":["Eviscerate","Dodge and Roll"],"picked":"Dagger Spray","floor":6},{"not_picked":["Quick Slash","Finisher","Flying Knee"],"picked":"SKIP","floor":8},{"not_picked":["Cloak And Dagger","PiercingWail"],"picked":"Flying Knee","floor":11},{"not_picked":["Sucker Punch","Bane"],"picked":"Terror","floor":12},{"not_picked":["Outmaneuver","Wraith Form v2"],"picked":"Poisoned Stab","floor":14}],"player_experience":2052943,"relics_obtained":[{"floor":6,"key":"FossilizedHelix"},{"floor":8,"key":"Paper Crane"},{"floor":9,"key":"Gremlin Horn"},{"floor":11,"key":"The Specimen"}],"event_choices":[{"cards_removed":["Strike_G"],"damage_healed":0,"gold_gain":0,"player_choice":"Offered Basic","damage_taken":0,"max_hp_gain":0,"max_hp_loss":0,"event_name":"Bonfire Elementals","floor":2,"gold_loss":0},{"damage_healed":0,"gold_gain":0,"player_choice":"Trade","damage_taken":0,"relics_obtained":["CultistMask"],"max_hp_gain":0,"max_hp_loss":0,"event_name":"FaceTrader","floor":13,"gold_loss":0}],"is_beta":true,"boss_relics":[],"items_purged_floors":[],"is_endless":false,"potions_floor_spawned":[3,11],"killed_by":"Slime Boss","ascension_level":20}