{"gold_per_floor":[115,35,47,47,12,39,39,73,73,83,118,118,135,135,135,208,208,225,62,62,80,80,80,107,107,107,139,139,171,184,7,7,7],"floor_reached":33,"playtime":2109,"items_purged":["Strike_G","Strike_G+1"],"score":738,"play_id":"660c0a4b-0987-4d24-8430-c041b7b07f7e","local_time":"20190519142116","is_ascension_mode":true,"campfire_choices":[{"data":"Noxious Fumes","floor":7,"key":"SMITH"},{"data":"Backflip","floor":15,"key":"SMITH"},{"floor":23,"key":"REST"},{"data":"Caltrops","floor":25,"key":"SMITH"},{"data":"Ghostly","floor":28,"key":"SMITH"},{"data":"Catalyst","floor":32,"key":"SMITH"}],"neow_cost":"NONE","seed_source_timestamp":2418215858186384,"circlet_count":0,"master_deck":["AscendersBane","Defend_G+1","Defend_G+1","Defend_G+1","Defend_G+1","Defend_G+1","Strike_G+1","Strike_G+1","Strike_G+1","Survivor","Neutralize+1","Dagger Spray+1","Noxious Fumes+1","Backflip+1","Predator+1","Crippling Poison","Bane+1","Corpse Explosion","Caltrops+1","Ghostly+1","Ghostly","Ghostly","Predator+1","Underhanded Strike+1","Catalyst+1","Leg Sweep","Caltrops"],"relics":["Ring of the Snake","NeowsBlessing","Blue Candle","Bag of Marbles","Molten Egg 2","Dodecahedron","Snecko Eye","Ancient Tea Set","Centennial Puzzle","Whetstone","Potion Belt"],"potions_floor_usage":[8,18,27,30,30,33],"damage_taken":[{"damage":0,"enemies":"Jaw Worm","floor":1,"turns":1},{"damage":0,"enemies":"Small Slimes","floor":3,"turns":1},{"damage":0,"enemies":"Lagavulin","floor":6,"turns":1},{"damage":7,"enemies":"3 Sentries","floor":8,"turns":5},{"damage":0,"enemies":"2 Louse","floor":10,"turns":1},{"damage":10,"enemies":"Lagavulin","floor":11,"turns":6},{"damage":0,"enemies":"Blue Slaver","floor":13,"turns":5},{"damage":51,"enemies":"Hexaghost","floor":16,"turns":10},{"damage":28,"enemies":"2 Thieves","floor":18,"turns":3},{"damage":15,"enemies":"Shell Parasite","floor":21,"turns":4},{"damage":6,"enemies":"Book of Stabbing","floor":24,"turns":5},{"damage":0,"enemies":"Gremlin Leader","floor":27,"turns":5},{"damage":5,"enemies":"Slavers","floor":29,"turns":3},{"damage":0,"enemies":"Shelled Parasite and Fungi","floor":30,"turns":1},{"damage":11,"enemies":"Collector","floor":33,"turns":2}],"seed_played":"7685192165633835350","potions_obtained":[{"floor":3,"key":"Explosive Potion"},{"floor":6,"key":"Regen Potion"},{"floor":10,"key":"SteroidPotion"},{"floor":21,"key":"Swift Potion"},{"floor":24,"key":"Poison Potion"},{"floor":27,"key":"Weak Potion"},{"floor":29,"key":"FearPotion"}],"is_trial":false,"path_per_floor":["M","$","M","?","?","E","R","E","T","M","E","?","M","?","R","B",null,"M","$","?","M","?","R","E","R","T","E","R","E","M","$","R","B"],"character_chosen":"THE_SILENT","items_purchased":["Noxious Fumes","Caltrops","Caltrops"],"campfire_rested":1,"item_purchase_floors":[2,19,31],"current_hp_per_floor":[59,59,59,39,55,55,55,60,60,60,50,55,55,55,55,4,54,26,26,26,11,11,21,15,15,15,15,15,10,10,10,10,0],"gold":7,"neow_bonus":"THREE_ENEMY_KILL","is_prod":false,"is_daily":false,"chose_seed":false,"campfire_upgraded":5,"win_rate":0,"timestamp":1558268476,"path_taken":["M","$","M","?","?","E","R","E","T","M","E","?","M","?","R","BOSS","M","$","?","M","?","R","E","R","T","E","R","E","M","$","R","BOSS"],"build_version":"2019-05-07","purchased_purges":2,"victory":false,"max_hp_per_floor":[66,66,66,66,66,66,66,66,66,66,66,71,71,71,71,71,71,71,71,71,71,35,35,35,35,35,35,35,35,35,35,35,35],"card_choices":[{"not_picked":["Cloak And Dagger","Reflex"],"picked":"Dagger Spray","floor":1},{"not_picked":["Slice","Bane","Calculated Gamble"],"picked":"SKIP","floor":3},{"not_picked":["Outmaneuver","Blade Dance"],"picked":"Backflip","floor":6},{"not_picked":["Quick Slash","Deflect","Infinite Blades"],"picked":"SKIP","floor":8},{"not_picked":["Backflip","Cloak And Dagger"],"picked":"Predator+1","floor":10},{"not_picked":["Tactician","Choke+1"],"picked":"Crippling Poison","floor":11},{"not_picked":["Backflip","Setup"],"picked":"Bane+1","floor":13},{"not_picked":["Wraith Form v2","Glass Knife+1"],"picked":"Corpse Explosion","floor":16},{"not_picked":["Flying Knee+1","Outmaneuver","Accuracy"],"picked":"SKIP","floor":18},{"not_picked":["Outmaneuver","Setup","Acrobatics"],"picked":"SKIP","floor":21},{"not_picked":["Unload+1","Caltrops"],"picked":"Predator+1","floor":24},{"not_picked":["Blade Dance","Dagger Throw+1"],"picked":"Underhanded Strike+1","floor":27},{"not_picked":["Backstab+1","Phantasmal Killer"],"picked":"Catalyst","floor":29},{"not_picked":["Crippling Poison+1","Deadly Poison"],"picked":"Leg Sweep","floor":30}],"player_experience":2041471,"relics_obtained":[{"floor":6,"key":"Blue Candle"},{"floor":8,"key":"Bag of Marbles"},{"floor":9,"key":"Molten Egg 2"},{"floor":11,"key":"Dodecahedron"},{"floor":24,"key":"Ancient Tea Set"},{"floor":26,"key":"Centennial Puzzle"},{"floor":27,"key":"Whetstone"},{"floor":29,"key":"Potion Belt"}],"event_choices":[{"damage_healed":0,"gold_gain":0,"player_choice":"Entered Light","damage_taken":20,"max_hp_gain":0,"max_hp_loss":0,"event_name":"Shining Light","floor":4,"gold_loss":0,"cards_upgraded":["Dagger Spray","Strike_G"]},{"damage_healed":16,"gold_gain":0,"player_choice":"Healed","damage_taken":0,"max_hp_gain":0,"max_hp_loss":0,"event_name":"The Cleric","floor":5,"gold_loss":35},{"damage_healed":0,"gold_gain":0,"player_choice":"Donut","damage_taken":0,"max_hp_gain":5,"max_hp_loss":0,"event_name":"Big Fish","floor":12,"gold_loss":0},{"damage_healed":0,"gold_gain":0,"player_choice":"Grow","damage_taken":0,"max_hp_gain":0,"max_hp_loss":0,"event_name":"Living Wall","floor":14,"gold_loss":0,"cards_upgraded":["Neutralize"]},{"damage_healed":0,"gold_gain":0,"player_choice":"Simplicity","damage_taken":0,"max_hp_gain":0,"max_hp_loss":0,"event_name":"Back to Basics","floor":20,"gold_loss":0,"cards_upgraded":["Defend_G","Defend_G","Defend_G","Defend_G","Defend_G","Strike_G","Strike_G","Strike_G"]},{"damage_healed":0,"gold_gain":0,"player_choice":"Became a Ghost","damage_taken":0,"max_hp_gain":0,"max_hp_loss":36,"event_name":"Ghosts","floor":22,"gold_loss":0,"cards_obtained":["Ghostly","Ghostly","Ghostly"]}],"is_beta":true,"boss_relics":[{"not_picked":["Runic Dome","Orrery"],"picked":"Snecko Eye"}],"items_purged_floors":[19,31],"is_endless":false,"potions_floor_spawned":[3,6,10,11,21,24,27,29],"killed_by":"Collector","ascension_level":20}