{"gold_per_floor":[112,125,125,140,159,188,188,208,208,219,248,248,315,326,326,429,429,441,541,304,304,323,352,369,369,440,451,451,477,164,183,183,279,279,299,178,0,0,16,16,48,63,63,88,88,98,114,125,125,125],"floor_reached":51,"playtime":3021,"items_purged":[],"score":911,"play_id":"57a0d8c1-bc45-426f-95bc-64d2cbdab32c","local_time":"20190520005427","is_ascension_mode":false,"campfire_choices":[{"data":"Perfected Strike","floor":7.0,"key":"SMITH"},{"data":"Armaments","floor":12.0,"key":"SMITH"},{"data":"Corruption","floor":15,"key":"SMITH"},{"data":"Limit Break","floor":25,"key":"SMITH"},{"data":"1","floor":28,"key":"LIFT"},{"data":"2","floor":32,"key":"LIFT"},{"data":"3","floor":40,"key":"LIFT"},{"data":"Flame Barrier","floor":45,"key":"SMITH"},{"data":"Offering","floor":49,"key":"SMITH"}],"neow_cost":"NONE","seed_source_timestamp":244860957626500,"circlet_count":0,"master_deck":["Strike_R","Strike_R","Strike_R+1","Strike_R","Strike_R","Defend_R","Defend_R","Defend_R","Defend_R","Bash+1","Perfected Strike+1","Clothesline","Inflame","Armaments+1","Limit Break+1","Seeing Red","Corruption+1","Flame Barrier+1","Offering+1","Twin Strike","True Grit+1","Enlightenment","Cleave+1","Metallicize+1","Clothesline","Exhume","Cleave","Feel No Pain+1","Shrug It Off","Master of Strategy","True Grit+1","Feed","Inflame+1","Uppercut","Limit Break+1","Uppercut+1","Headbutt","Shrug It Off+1","Parasite","Barricade+1","Inflame+1","Clothesline+1","Corruption+1"],"special_seed":0,"relics":["Burning Blood","Whetstone","Meat on the Bone","Matryoshka","Snecko Eye","Girya","Self Forming Clay","Oddly Smooth Stone","MutagenicStrength","Frozen Egg 2","Mercury Hourglass","Question Card","Cursed Key","Red Mask","Pear","Happy Flower","Toxic Egg 2","Smiling Mask"],"potions_floor_usage":[19,29,31,31,31,33,33,41,50,50],"damage_taken":[{"damage":4.0,"enemies":"Jaw Worm","floor":1.0,"turns":6.0},{"damage":6.0,"enemies":"Cultist","floor":2.0,"turns":3.0},{"damage":0.0,"enemies":"2 Louse","floor":4.0,"turns":2.0},{"damage":0.0,"enemies":"Large Slime","floor":5.0,"turns":4.0},{"damage":14.0,"enemies":"Gremlin Nob","floor":6.0,"turns":4.0},{"damage":2.0,"enemies":"3 Louse","floor":8.0,"turns":2.0},{"damage":7.0,"enemies":"Exordium Wildlife","floor":10.0,"turns":6.0},{"damage":8.0,"enemies":"3 Sentries","floor":11.0,"turns":6.0},{"damage":12.0,"enemies":"Exordium Thugs","floor":14.0,"turns":5.0},{"damage":36,"enemies":"Hexaghost","floor":16,"turns":10},{"damage":6,"enemies":"Chosen","floor":18,"turns":4},{"damage":20,"enemies":"Colosseum Slavers","floor":19,"turns":3},{"damage":24,"enemies":"Colosseum Nobs","floor":19,"turns":5},{"damage":7,"enemies":"Shell Parasite","floor":22,"turns":5},{"damage":21,"enemies":"Book of Stabbing","floor":23,"turns":4},{"damage":6,"enemies":"Cultist and Chosen","floor":24,"turns":4},{"damage":6,"enemies":"Snecko","floor":27,"turns":4},{"damage":0,"enemies":"Gremlin Leader","floor":29,"turns":4},{"damage":3,"enemies":"Shelled Parasite and Fungi","floor":31,"turns":7},{"damage":6,"enemies":"Collector","floor":33,"turns":7},{"damage":2,"enemies":"3 Shapes","floor":35,"turns":5},{"damage":0,"enemies":"Orb Walker","floor":39,"turns":3},{"damage":12,"enemies":"Nemesis","floor":41,"turns":5},{"damage":0,"enemies":"Transient","floor":42,"turns":5},{"damage":12,"enemies":"Reptomancer","floor":44,"turns":3},{"damage":12,"enemies":"Spire Growth","floor":46,"turns":3},{"damage":6,"enemies":"Writhing Mass","floor":47,"turns":3},{"damage":6,"enemies":"4 Shapes","floor":48,"turns":5},{"damage":4,"enemies":"Time Eater","floor":50,"turns":4}],"seed_played":"-3472298930987544602","potions_obtained":[{"floor":0.0,"key":"SmokeBomb"},{"floor":0.0,"key":"Fire Potion"},{"floor":0.0,"key":"PowerPotion"},{"floor":4.0,"key":"Regen Potion"},{"floor":8.0,"key":"GamblersBrew"},{"floor":14.0,"key":"FairyPotion"},{"floor":19,"key":"EntropicBrew"},{"floor":24,"key":"Swift Potion"},{"floor":31,"key":"SkillPotion"},{"floor":35,"key":"FearPotion"},{"floor":42,"key":"Fire Potion"},{"floor":48,"key":"Dexterity Potion"}],"is_trial":false,"path_per_floor":["M","M","?","M","M","E","R","M","T","M","E","R","?","M","R","B",null,"M","?","$","?","M","E","M","R","T","M","R","E","$","M","R","B",null,"M","$","?","?","M","R","E","M","T","E","R","M","M","M","R","B",null],"character_chosen":"IRONCLAD","items_purchased":["Enlightenment","Oddly Smooth Stone","Feel No Pain+1","Shrug It Off","Master of Strategy","Uppercut","AttackPotion"],"campfire_rested":0,"item_purchase_floors":[20,20,30,30,30,36,36],"current_hp_per_floor":[80,80,80,80,80,72,72,76,76,75,73,73,73,67,67,49,80,80,48,48,48,47,44,56,56,56,56,56,62,62,79,79,79,80,83,83,83,83,83,83,87,93,93,90,90,84,84,90,90,92],"gold":125,"neow_bonus":"THREE_SMALL_POTIONS","is_prod":false,"is_daily":false,"chose_seed":false,"campfire_upgraded":6,"win_rate":1,"timestamp":1558338867,"path_taken":["M","M","?","?","M","E","R","M","T","M","E","R","?","M","R","BOSS","M","?","$","?","M","E","M","R","T","M","R","E","?","?","R","BOSS","M","$","?","?","M","R","E","M","T","E","R","?","M","M","R","BOSS"],"build_version":"2019-01-23","purchased_purges":0,"victory":true,"max_hp_per_floor":[80,80,80,80,80,80,80,80,80,80,80,80,80,80,80,80,80,80,80,80,80,80,80,80,80,80,80,80,80,80,80,80,80,80,83,83,83,83,83,83,93,93,93,96,96,96,96,102,102,102],"card_choices":[{"not_picked":["Anger","Warcry"],"picked":"Perfected Strike","floor":1.0},{"not_picked":["Bludgeon","Cleave"],"picked":"Clothesline","floor":2.0},{"not_picked":["Perfected Strike","Warcry"],"picked":"Inflame","floor":4.0},{"not_picked":["Clash","Thunderclap"],"picked":"Armaments","floor":5.0},{"not_picked":["Heavy Blade","Feel No Pain"],"picked":"Limit Break","floor":6.0},{"not_picked":["Wild Strike","Sword Boomerang","Bloodletting"],"picked":"SKIP","floor":8.0},{"not_picked":["Rupture","Intimidate"],"picked":"Seeing Red","floor":10.0},{"not_picked":["Body Slam","Twin Strike"],"picked":"Corruption","floor":11.0},{"not_picked":["Rampage","Body Slam"],"picked":"Flame Barrier","floor":14.0},{"not_picked":["Limit Break","Demon Form"],"picked":"Offering","floor":16},{"not_picked":["Evolve","Sword Boomerang"],"picked":"Twin Strike","floor":18},{"not_picked":["Entrench","Iron Wave"],"picked":"True Grit+1","floor":19},{"not_picked":["Anger","Corruption"],"picked":"Cleave+1","floor":22},{"not_picked":["Flex","Thunderclap"],"picked":"Metallicize+1","floor":23},{"not_picked":["Havoc+1","Rage"],"picked":"Clothesline","floor":24},{"not_picked":["Reckless Charge","Sword Boomerang"],"picked":"Exhume","floor":27},{"not_picked":["Body Slam","Warcry"],"picked":"Cleave","floor":29},{"not_picked":["Shrug It Off","Iron Wave","Entrench+1"],"picked":"True Grit+1","floor":31},{"not_picked":["Juggernaut+1","Fiend Fire","Berserk+1"],"picked":"Feed","floor":33},{"not_picked":["Cleave+1","Evolve+1","Entrench+1"],"picked":"Inflame+1","floor":35},{"not_picked":["Armaments+1","Iron Wave+1","Havoc"],"picked":"Uppercut+1","floor":39},{"not_picked":["Ghostly Armor","Second Wind","Blood for Blood+1"],"picked":"Headbutt","floor":41},{"not_picked":["Havoc","Sword Boomerang","Headbutt"],"picked":"Shrug It Off+1","floor":42},{"not_picked":["Havoc+1","Clothesline","Combust+1"],"picked":"Barricade+1","floor":44},{"not_picked":["Spot Weakness+1","True Grit+1","Hemokinesis+1"],"picked":"Inflame+1","floor":46},{"not_picked":["Armaments+1","Clash+1","Intimidate+1"],"picked":"Clothesline+1","floor":47},{"not_picked":["Body Slam+1","Pommel Strike","Armaments+1"],"picked":"Corruption+1","floor":48}],"player_experience":831390,"relics_obtained":[{"floor":6.0,"key":"Whetstone"},{"floor":9.0,"key":"Meat on the Bone"},{"floor":11.0,"key":"Matryoshka"},{"floor":19,"key":"Girya"},{"floor":19,"key":"Self Forming Clay"},{"floor":23,"key":"Frozen Egg 2"},{"floor":26,"key":"Mercury Hourglass"},{"floor":29,"key":"Question Card"},{"floor":41,"key":"Pear"},{"floor":43,"key":"Happy Flower"},{"floor":43,"key":"Toxic Egg 2"},{"floor":44,"key":"Smiling Mask"}],"event_choices":[{"damage_healed":0.0,"max_hp_gain":0.0,"max_hp_loss":0.0,"gold_gain":0.0,"event_name":"Match and Keep!","player_choice":"0 cards matched","floor":3.0,"gold_loss":0.0,"damage_taken":0.0,"cards_obtained":[]},{"damage_healed":0.0,"max_hp_gain":0.0,"max_hp_loss":0.0,"gold_gain":67.0,"event_name":"Golden Wing","player_choice":"Gained Gold","floor":13.0,"gold_loss":0.0,"damage_taken":0.0},{"damage_healed":0,"gold_gain":0,"player_choice":"Fight","damage_taken":0,"max_hp_gain":0,"max_hp_loss":0,"event_name":"Colosseum","floor":19,"gold_loss":0},{"damage_healed":0,"gold_gain":0,"player_choice":"Fought Nobs","damage_taken":0,"max_hp_gain":0,"max_hp_loss":0,"event_name":"Colosseum","floor":19,"gold_loss":0},{"damage_healed":0,"gold_gain":0,"player_choice":"Inject Mutagens","damage_taken":0,"relics_obtained":["MutagenicStrength"],"max_hp_gain":0,"max_hp_loss":0,"event_name":"Drug Dealer","floor":21,"gold_loss":0},{"damage_healed":0,"gold_gain":0,"player_choice":"Paid","damage_taken":0,"relics_obtained":["Red Mask"],"max_hp_gain":0,"max_hp_loss":0,"event_name":"Tomb of Lord Red Mask","floor":37,"gold_loss":178},{"damage_healed":0,"gold_gain":0,"player_choice":"Copied","damage_taken":0,"max_hp_gain":0,"max_hp_loss":0,"event_name":"Duplicator","floor":38,"gold_loss":0,"cards_obtained":["Limit Break"]}],"is_beta":false,"boss_relics":[{"not_picked":["Lizard Tail","Sozu"],"picked":"Snecko Eye"},{"not_picked":["Velvet Choker","Fusion Hammer"],"picked":"Cursed Key"}],"items_purged_floors":[],"is_endless":false,"potions_floor_spawned":[4,6,8,14,19,19,24,27,31,35,42,44,48],"ascension_level":0}