{"gold_per_floor":[109,40,40,40,57,84,100,132,132,132,159,179,179,199,199,299,299,283,283,283,283,301,301],"floor_reached":23,"playtime":1153,"items_purged":[],"score":285,"play_id":"55e317b1-8d51-4832-8ba8-130be36c1c7c","local_time":"20180828235837","is_ascension_mode":true,"campfire_choices":[{"data":"Consume","floor":15,"key":"SMITH"}],"neow_cost":"NONE","seed_source_timestamp":602062019687279,"circlet_count":0,"master_deck":["Strike_B","Strike_B","Strike_B","Defend_B","Defend_B+1","Defend_B","Defend_B+1","Zap","Dualcast","Glacier","Self Repair","Conserve Battery","FTL","Capacitor","Capacitor","Consume+1","White Noise","Echo Form","Loop","Necronomicurse","Writhe"],"relics":["Cracked Core","Happy Flower","Oddly Smooth Stone","Mummified Hand","Juzu Bracelet","Regal Pillow","Inserter","Toxic Egg 2","Necronomicon","Boot"],"potions_floor_usage":[6,11,16,18,23,23,23],"damage_taken":[{"damage":2,"enemies":"Jaw Worm","floor":1,"turns":3},{"damage":0,"enemies":"Cultist","floor":5,"turns":4},{"damage":13,"enemies":"3 Sentries","floor":6,"turns":10},{"damage":0,"enemies":"2 Louse","floor":7,"turns":2},{"damage":2,"enemies":"Lagavulin","floor":8,"turns":8},{"damage":13,"enemies":"3 Sentries","floor":11,"turns":7},{"damage":0,"enemies":"Blue Slaver","floor":12,"turns":4},{"damage":5,"enemies":"Looter","floor":14,"turns":4},{"damage":0,"enemies":"Slime Boss","floor":16,"turns":9},{"damage":18,"enemies":"2 Thieves","floor":18,"turns":4},{"damage":3,"enemies":"Spheric Guardian","floor":22,"turns":6},{"damage":65,"enemies":"Slavers","floor":23,"turns":3}],"seed_played":"-4782913933805755729","potions_obtained":[{"floor":1,"key":"Explosive Potion"},{"floor":5,"key":"Ancient Potion"},{"floor":10,"key":"EssenceOfSteel"},{"floor":10,"key":"GamblersBrew"},{"floor":10,"key":"LiquidBronze"},{"floor":11,"key":"Fire Potion"},{"floor":18,"key":"SteroidPotion"},{"floor":22,"key":"Explosive Potion"}],"is_trial":false,"path_per_floor":["M","$","?","$","M","E","M","E","T","?","E","M","?","M","R","B",null,"M","T","?","?","M"],"character_chosen":"DEFECT","items_purchased":["Self Repair"],"campfire_rested":0,"item_purchase_floors":[2],"current_hp_per_floor":[73,73,73,73,75,69,69,74,74,74,68,75,60,62,62,69,75,64,64,48,48,59,0],"gold":301,"neow_bonus":"RANDOM_COMMON_RELIC","is_prod":false,"is_daily":false,"chose_seed":false,"campfire_upgraded":1,"win_rate":0,"timestamp":1535515117,"path_taken":["M","$","?","$","M","E","M","E","T","?","E","M","?","M","R","BOSS","M","?","?","?","M","E"],"build_version":"2018-08-23v2","purchased_purges":0,"victory":false,"max_hp_per_floor":[75,75,75,75,75,75,75,75,75,75,75,75,75,75,75,75,75,75,75,75,75,75,75],"card_choices":[{"not_picked":["Gash","BootSequence"],"picked":"Glacier","floor":1},{"not_picked":["Sunder","Hologram"],"picked":"FTL","floor":5},{"not_picked":["Aggregate","Conserve Battery"],"picked":"Capacitor","floor":6},{"not_picked":["Sweeping Beam","Steam Power","Hologram"],"picked":"SKIP","floor":7},{"not_picked":["Stack","Ball Lightning","Beam Cell"],"picked":"SKIP","floor":8},{"not_picked":["Go for the Eyes","Force Field"],"picked":"Capacitor","floor":11},{"not_picked":["Undo","Conserve Battery"],"picked":"Consume","floor":12},{"not_picked":["Ball Lightning","Barrage"],"picked":"White Noise","floor":14},{"not_picked":["Reboot","Biased Cognition"],"picked":"Echo Form","floor":16},{"not_picked":["Barrage","Beam Cell"],"picked":"Loop","floor":18},{"not_picked":["Coolheaded+1","Beam Cell+1","Sweeping Beam"],"picked":"SKIP","floor":22}],"player_experience":659671,"relics_obtained":[{"floor":6,"key":"Oddly Smooth Stone"},{"floor":8,"key":"Mummified Hand"},{"floor":9,"key":"Juzu Bracelet"},{"floor":11,"key":"Regal Pillow"},{"floor":19,"key":"Toxic Egg 2"},{"floor":20,"key":"Necronomicon"}],"event_choices":[{"event_name":"Transmorgrifier","player_choice":"Transform","floor":3,"damage_taken":0},{"event_name":"The Lab","player_choice":"Got Potions","floor":10,"damage_taken":0},{"event_name":"Shining Light","player_choice":"Entered Light","floor":13,"damage_taken":0},{"event_name":"Cursed Tome","player_choice":"Obtained Book","floor":20,"damage_taken":0},{"event_name":"The Mausoleum","player_choice":"Yes","floor":21,"damage_taken":0}],"is_beta":false,"boss_relics":[{"not_picked":["Tiny House","Runic Dome"],"picked":"Inserter"}],"items_purged_floors":[],"is_endless":false,"potions_floor_spawned":[1,5,11,12,18,22],"killed_by":"Slavers","ascension_level":2}