{"gold_per_floor":[360,26,42,59,69,104,104,121,121,136,162,172,172,91,91,196,196,209,209,41,59,59,59,59,59,85,115,134,150,150,161,161,161],"floor_reached":33,"playtime":1978,"items_purged":["Pain"],"score":279,"play_id":"efd6a625-f819-412e-a30a-8d34157187ba","local_time":"20180702011432","is_ascension_mode":false,"campfire_choices":[{"data":"Metallicize","floor":13,"key":"SMITH"},{"data":"Barricade","floor":15,"key":"SMITH"},{"data":"Infernal Blade","floor":23,"key":"SMITH"},{"data":"Body Slam","floor":25,"key":"SMITH"},{"floor":30,"key":"REST"},{"floor":32,"key":"REST"}],"neow_cost":"CURSE","seed_source_timestamp":204242782273214,"circlet_count":0,"master_deck":["Strike_R+1","Strike_R+1","Strike_R+1","Strike_R+1","Strike_R+1","Defend_R+1","Defend_R+1","Defend_R+1","Bash","Metallicize+1","Rage","Barricade+1","Pommel Strike","Fire Breathing","Whirlwind","Sword Boomerang","Demon Form","Sword Boomerang","Combust","Impervious","Shrug It Off","Body Slam+1","Shrug It Off","Infernal Blade+1","Rupture","Normality","Hemokinesis+1","Ghostly Armor"],"relics":["Burning Blood","Shuriken","Ginger","Magic Flower","Mercury Hourglass","Cursed Key","Charon\u0027s Ashes","Anchor","Omamori"],"potions_floor_usage":[8,8,16,27,33,33],"damage_taken":[{"damage":4,"enemies":"Small Slimes","floor":1,"turns":4},{"damage":0,"enemies":"Cultist","floor":3,"turns":4},{"damage":0,"enemies":"2 Louse","floor":4,"turns":4},{"damage":5,"enemies":"Blue Slaver","floor":5,"turns":6},{"damage":17,"enemies":"3 Sentries","floor":6,"turns":12},{"damage":18,"enemies":"Exordium Wildlife","floor":8,"turns":3},{"damage":5,"enemies":"2 Fungi Beasts","floor":10,"turns":4},{"damage":20,"enemies":"Gremlin Nob","floor":11,"turns":5},{"damage":7,"enemies":"Looter","floor":12,"turns":4},{"damage":32,"enemies":"Hexaghost","floor":16,"turns":9},{"damage":20,"enemies":"Chosen","floor":18,"turns":5},{"damage":16,"enemies":"Spheric Guardian","floor":21,"turns":5},{"damage":50,"enemies":"Gremlin Leader","floor":27,"turns":8},{"damage":7,"enemies":"3 Cultists","floor":28,"turns":4},{"damage":16,"enemies":"Centurion and Healer","floor":29,"turns":7},{"damage":11,"enemies":"Snake Plant","floor":31,"turns":4},{"damage":75,"enemies":"Automaton","floor":33,"turns":10}],"seed_played":"248953944404905670","potions_obtained":[{"floor":3,"key":"AttackPotion"},{"floor":5,"key":"Weak Potion"},{"floor":12,"key":"Ancient Potion"},{"floor":16,"key":"BloodPotion"},{"floor":18,"key":"FearPotion"},{"floor":27,"key":"GamblersBrew"}],"is_trial":false,"path_per_floor":["M","$","M","M","M","E","?","M","T","M","E","M","R","$","R","B",null,"M","?","$","M","?","R","?","R","T","E","M","M","R","M","R"],"character_chosen":"IRONCLAD","items_purchased":["Shuriken","Combust","Body Slam","Shrug It Off","Infernal Blade"],"campfire_rested":2,"item_purchase_floors":[2,14,20,20,20],"current_hp_per_floor":[80,80,80,80,80,69,69,57,57,61,50,52,52,52,52,29,80,69,69,69,62,62,62,62,62,62,33,35,28,52,50,74,0],"gold":161,"neow_bonus":"TWO_FIFTY_GOLD","is_prod":false,"is_daily":false,"chose_seed":false,"campfire_upgraded":4,"win_rate":0.0,"timestamp":1530508472,"path_taken":["M","$","M","M","M","E","?","M","T","M","E","?","R","$","R","BOSS","M","?","$","M","?","R","?","R","T","E","M","M","R","M","R","BOSS"],"build_version":"2018-06-28","purchased_purges":1,"victory":false,"max_hp_per_floor":[80,80,80,80,80,80,80,80,80,80,80,80,80,80,80,80,80,80,80,80,80,80,80,80,80,80,80,80,80,80,80,80,80],"card_choices":[{"not_picked":["Heavy Blade","Armaments"],"picked":"Metallicize","floor":1},{"not_picked":["Armaments","Wild Strike"],"picked":"Rage","floor":3},{"not_picked":["Sever Soul","Armaments"],"picked":"Barricade","floor":4},{"not_picked":["Reckless Charge","Headbutt"],"picked":"Pommel Strike","floor":5},{"not_picked":["Anger","Thunderclap"],"picked":"Fire Breathing","floor":6},{"not_picked":["Dual Wield","Sentinel"],"picked":"Sword Boomerang","floor":8},{"not_picked":["Infernal Blade","Power Through"],"picked":"Demon Form","floor":10},{"not_picked":["Immolate","Thunderclap"],"picked":"Sword Boomerang","floor":11},{"not_picked":["Warcry","Battle Trance","Havoc"],"picked":"SKIP","floor":12},{"not_picked":["Feed","Barricade"],"picked":"Impervious","floor":16},{"not_picked":["Dual Wield","Wild Strike"],"picked":"Shrug It Off","floor":18},{"not_picked":["Warcry","Headbutt"],"picked":"Rupture","floor":21},{"not_picked":["Shrug It Off","Limit Break"],"picked":"Hemokinesis+1","floor":27},{"not_picked":["Wild Strike","Anger","Clothesline+1"],"picked":"SKIP","floor":28},{"not_picked":["Rage","Wild Strike+1","Cleave"],"picked":"SKIP","floor":29},{"not_picked":["Heavy Blade","Anger"],"picked":"Ghostly Armor","floor":31}],"player_experience":102116,"relics_obtained":[{"floor":6,"key":"Ginger"},{"floor":9,"key":"Magic Flower"},{"floor":11,"key":"Mercury Hourglass"},{"floor":26,"key":"Anchor"},{"floor":27,"key":"Omamori"}],"event_choices":[{"event_name":"Living Wall","player_choice":"Change","floor":7,"damage_taken":0},{"event_name":"The Mausoleum","player_choice":"Yes","floor":19,"damage_taken":0},{"event_name":"Addict","player_choice":"Ignored","floor":22,"damage_taken":0},{"event_name":"Back to Basics","player_choice":"Simplicity","floor":24,"damage_taken":0}],"boss_relics":[{"not_picked":["Ectoplasm","Runic Dome"],"picked":"Cursed Key"}],"items_purged_floors":[2],"is_endless":false,"potions_floor_spawned":[3,5,12,16,18,27],"killed_by":"Automaton","ascension_level":0}